[
  {
    "date": "2025-06-27",
    "symbol": "J",
    "reportedCurrency": "USD",
    "cik": "0000052988",
    "fillingDate": "2025-08-05",
    "acceptedDate": "2025-08-05 06:51:44",
    "calendarYear": "2025",
    "period": "Q3",
    "revenue": 3029168000,
    "costOfRevenue": 2273358000,
    "grossProfit": 755810000,
    "grossProfitRatio": 0.2495107567,
    "researchAndDevelopmentExpenses": 0,
    "generalAndAdministrativeExpenses": 0,
    "sellingAndMarketingExpenses": 0,
    "sellingGeneralAndAdministrativeExpenses": 501142000,
    "otherExpenses": 0,
    "operatingExpenses": 501142000,
    "costAndExpenses": 2774500000,
    "interestIncome": 8297000,
    "interestExpense": 37051000,
    "depreciationAndAmortization": 60322000,
    "ebitda": 342477000,
    "ebitdaratio": 0.1130597577,
    "operatingIncome": 254668000,
    "operatingIncomeRatio": 0.08407193,
    "totalOtherIncomeExpensesNet": -9564000,
    "incomeBeforeTax": 245104000,
    "incomeBeforeTaxRatio": 0.0809146274,
    "incomeTaxExpense": 53752000,
    "netIncome": 186210000,
    "netIncomeRatio": 0.0614723251,
    "eps": 1.5507,
    "epsdiluted": 1.5454,
    "weightedAverageShsOut": 120084000,
    "weightedAverageShsOutDil": 120491000,
    "link": "https://www.sec.gov/Archives/edgar/data/52988/000005298825000051/0000052988-25-000051-index.htm",
    "finalLink": "https://www.sec.gov/Archives/edgar/data/52988/000005298825000051/jec-20250627.htm"
  },
  {
    "date": "2025-03-28",
    "symbol": "J",
    "reportedCurrency": "USD",
    "cik": "0000052988",
    "fillingDate": "2025-05-06",
    "acceptedDate": "2025-05-06 06:50:15",
    "calendarYear": "2025",
    "period": "Q2",
    "revenue": 2910415000,
    "costOfRevenue": 2172070000,
    "grossProfit": 738345000,
    "grossProfitRatio": 0.2536906249,
    "researchAndDevelopmentExpenses": 0,
    "generalAndAdministrativeExpenses": 0,
    "sellingAndMarketingExpenses": 0,
    "sellingGeneralAndAdministrativeExpenses": 529697000,
    "otherExpenses": 0,
    "operatingExpenses": 529697000,
    "costAndExpenses": 2701767000,
    "interestIncome": 9525000,
    "interestExpense": 38580000,
    "depreciationAndAmortization": 58079000,
    "ebitda": 152482000,
    "ebitdaratio": 0.052391841,
    "operatingIncome": 208648000,
    "operatingIncomeRatio": 0.0716901198,
    "totalOtherIncomeExpensesNet": -152825000,
    "incomeBeforeTax": 55823000,
    "incomeBeforeTaxRatio": 0.0191804262,
    "incomeTaxExpense": 50576000,
    "netIncome": 5612000,
    "netIncomeRatio": 0.0019282473,
    "eps": 0.0561,
    "epsdiluted": 0.0559,
    "weightedAverageShsOut": 122257000,
    "weightedAverageShsOutDil": 122624000,
    "link": "https://www.sec.gov/Archives/edgar/data/52988/000005298825000028/0000052988-25-000028-index.htm",
    "finalLink": "https://www.sec.gov/Archives/edgar/data/52988/000005298825000028/jec-20250328.htm"
  },
  {
    "date": "2024-12-27",
    "symbol": "J",
    "reportedCurrency": "USD",
    "cik": "0000052988",
    "fillingDate": "2025-02-04",
    "acceptedDate": "2025-02-04 06:49:43",
    "calendarYear": "2025",
    "period": "Q1",
    "revenue": 2932956000,
    "costOfRevenue": 2211689000,
    "grossProfit": 721267000,
    "grossProfitRatio": 0.2459181113,
    "researchAndDevelopmentExpenses": 0,
    "generalAndAdministrativeExpenses": 0,
    "sellingAndMarketingExpenses": 0,
    "sellingGeneralAndAdministrativeExpenses": 512849000,
    "otherExpenses": 0,
    "operatingExpenses": 512849000,
    "costAndExpenses": 2724538000,
    "interestIncome": 9656000,
    "interestExpense": 34820000,
    "depreciationAndAmortization": 59583000,
    "ebitda": 147550000,
    "ebitdaratio": 0.0503076078,
    "operatingIncome": 208418000,
    "operatingIncomeRatio": 0.0710607319,
    "totalOtherIncomeExpensesNet": -155271000,
    "incomeBeforeTax": 53147000,
    "incomeBeforeTaxRatio": 0.0181206264,
    "incomeTaxExpense": 57149000,
    "netIncome": -18130000,
    "netIncomeRatio": -0.006181477,
    "eps": -0.11,
    "epsdiluted": -0.11,
    "weightedAverageShsOut": 124055000,
    "weightedAverageShsOutDil": 124055000,
    "link": "https://www.sec.gov/Archives/edgar/data/52988/000005298825000016/0000052988-25-000016-index.htm",
    "finalLink": "https://www.sec.gov/Archives/edgar/data/52988/000005298825000016/jec-20241227.htm"
  },
  {
    "date": "2024-09-27",
    "symbol": "J",
    "reportedCurrency": "USD",
    "cik": "0000052988",
    "fillingDate": "2024-11-25",
    "acceptedDate": "2024-11-25 06:37:16",
    "calendarYear": "2024",
    "period": "Q4",
    "revenue": -1158957000,
    "costOfRevenue": -1319780000,
    "grossProfit": 160823000,
    "grossProfitRatio": -0.1387652864,
    "researchAndDevelopmentExpenses": 0,
    "generalAndAdministrativeExpenses": 0,
    "sellingAndMarketingExpenses": 0,
    "sellingGeneralAndAdministrativeExpenses": 213903000,
    "otherExpenses": 0,
    "operatingExpenses": 213903000,
    "costAndExpenses": -1105877000,
    "interestIncome": 6494000,
    "interestExpense": 35673000,
    "depreciationAndAmortization": 78276000,
    "ebitda": 257749000,
    "ebitdaratio": -0.2223973797,
    "operatingIncome": -53080000,
    "operatingIncomeRatio": 0.045799801,
    "totalOtherIncomeExpensesNet": 196880000,
    "incomeBeforeTax": 143800000,
    "incomeBeforeTaxRatio": -0.1240770797,
    "incomeTaxExpense": 12750000,
    "netIncome": 325436000,
    "netIncomeRatio": -0.2808007545,
    "eps": 2.52,
    "epsdiluted": 2.51,
    "weightedAverageShsOut": 124315000,
    "weightedAverageShsOutDil": 124884000,
    "link": "https://www.sec.gov/Archives/edgar/data/52988/000005298824000065/0000052988-24-000065-index.htm",
    "finalLink": "https://www.sec.gov/Archives/edgar/data/52988/000005298824000065/jec-20240927.htm"
  },
  {
    "date": "2024-06-28",
    "symbol": "J",
    "reportedCurrency": "USD",
    "cik": "0000052988",
    "fillingDate": "2024-08-06",
    "acceptedDate": "2024-08-06 06:42:17",
    "calendarYear": "2024",
    "period": "Q3",
    "revenue": 4231580000,
    "costOfRevenue": 3314800000,
    "grossProfit": 916780000,
    "grossProfitRatio": 0.2166519362,
    "researchAndDevelopmentExpenses": 0,
    "generalAndAdministrativeExpenses": 0,
    "sellingAndMarketingExpenses": 0,
    "sellingGeneralAndAdministrativeExpenses": 656316000,
    "otherExpenses": 0,
    "operatingExpenses": 656316000,
    "costAndExpenses": 3971116000,
    "interestIncome": 10321000,
    "interestExpense": 45801000,
    "depreciationAndAmortization": 76977000,
    "ebitda": 348928000,
    "ebitdaratio": 0.0824580889,
    "operatingIncome": 260464000,
    "operatingIncomeRatio": 0.0615524225,
    "totalOtherIncomeExpensesNet": -34314000,
    "incomeBeforeTax": 226150000,
    "incomeBeforeTaxRatio": 0.0534433947,
    "incomeTaxExpense": 67739000,
    "netIncome": 146934000,
    "netIncomeRatio": 0.0347232003,
    "eps": 1.17,
    "epsdiluted": 1.17,
    "weightedAverageShsOut": 125163000,
    "weightedAverageShsOutDil": 125616000,
    "link": "https://www.sec.gov/Archives/edgar/data/52988/000005298824000053/0000052988-24-000053-index.htm",
    "finalLink": "https://www.sec.gov/Archives/edgar/data/52988/000005298824000053/jec-20240628.htm"
  },
  {
    "date": "2024-03-29",
    "symbol": "J",
    "reportedCurrency": "USD",
    "cik": "0000052988",
    "fillingDate": "2024-05-07",
    "acceptedDate": "2024-05-07 08:14:48",
    "calendarYear": "2024",
    "period": "Q2",
    "revenue": 2847179000,
    "costOfRevenue": 2135217000,
    "grossProfit": 711962000,
    "grossProfitRatio": 0.2500587424,
    "researchAndDevelopmentExpenses": 0,
    "generalAndAdministrativeExpenses": 0,
    "sellingAndMarketingExpenses": 0,
    "sellingGeneralAndAdministrativeExpenses": 528718000,
    "otherExpenses": 0,
    "operatingExpenses": 528718000,
    "costAndExpenses": 2663935000,
    "interestIncome": 8702000,
    "interestExpense": 44232000,
    "depreciationAndAmortization": 77198000,
    "ebitda": 265439000,
    "ebitdaratio": 0.0932287714,
    "operatingIncome": 183244000,
    "operatingIncomeRatio": 0.0643598453,
    "totalOtherIncomeExpensesNet": -39235000,
    "incomeBeforeTax": 144009000,
    "incomeBeforeTaxRatio": 0.0505795386,
    "incomeTaxExpense": 43364000,
    "netIncome": 162112000,
    "netIncomeRatio": 0.0569377619,
    "eps": 1.29,
    "epsdiluted": 1.28,
    "weightedAverageShsOut": 125712000,
    "weightedAverageShsOutDil": 126211000,
    "link": "https://www.sec.gov/Archives/edgar/data/52988/000005298824000032/0000052988-24-000032-index.htm",
    "finalLink": "https://www.sec.gov/Archives/edgar/data/52988/000005298824000032/jec-20240329.htm"
  },
  {
    "date": "2023-12-29",
    "symbol": "J",
    "reportedCurrency": "USD",
    "cik": "0000052988",
    "fillingDate": "2024-02-06",
    "acceptedDate": "2024-02-06 08:13:39",
    "calendarYear": "2024",
    "period": "Q1",
    "revenue": 2810227000,
    "costOfRevenue": 2145497000,
    "grossProfit": 664730000,
    "grossProfitRatio": 0.2365396105,
    "researchAndDevelopmentExpenses": 0,
    "generalAndAdministrativeExpenses": 0,
    "sellingAndMarketingExpenses": 0,
    "sellingGeneralAndAdministrativeExpenses": 522730000,
    "otherExpenses": 0,
    "operatingExpenses": 522730000,
    "costAndExpenses": 2668227000,
    "interestIncome": 7519000,
    "interestExpense": 43350000,
    "depreciationAndAmortization": 76288000,
    "ebitda": 222843000,
    "ebitdaratio": 0.0792971529,
    "operatingIncome": 142000000,
    "operatingIncomeRatio": 0.0505297259,
    "totalOtherIncomeExpensesNet": -38795000,
    "incomeBeforeTax": 103205000,
    "incomeBeforeTaxRatio": 0.0367247913,
    "incomeTaxExpense": -31610000,
    "netIncome": 171610000,
    "netIncomeRatio": 0.0610662413,
    "eps": 1.37,
    "epsdiluted": 1.37,
    "weightedAverageShsOut": 126105000,
    "weightedAverageShsOutDil": 126813000,
    "link": "https://www.sec.gov/Archives/edgar/data/52988/000005298824000017/0000052988-24-000017-index.htm",
    "finalLink": "https://www.sec.gov/Archives/edgar/data/52988/000005298824000017/jec-20231229.htm"
  },
  {
    "date": "2023-09-29",
    "symbol": "J",
    "reportedCurrency": "USD",
    "cik": "0000052988",
    "fillingDate": "2023-11-21",
    "acceptedDate": "2023-11-21 15:50:32",
    "calendarYear": "2023",
    "period": "Q4",
    "revenue": 4288712000,
    "costOfRevenue": 3377146000,
    "grossProfit": 911566000,
    "grossProfitRatio": 0.2125500617,
    "researchAndDevelopmentExpenses": 0,
    "generalAndAdministrativeExpenses": 0,
    "sellingAndMarketingExpenses": 0,
    "sellingGeneralAndAdministrativeExpenses": 633737000,
    "otherExpenses": 0,
    "operatingExpenses": 633737000,
    "costAndExpenses": 4010883000,
    "interestIncome": 7546000,
    "interestExpense": 43631000,
    "depreciationAndAmortization": 78150000,
    "ebitda": 361982000,
    "ebitdaratio": 0.0844034293,
    "operatingIncome": 277829000,
    "operatingIncomeRatio": 0.0647814542,
    "totalOtherIncomeExpensesNet": -37628000,
    "incomeBeforeTax": 240201000,
    "incomeBeforeTaxRatio": 0.0560077245,
    "incomeTaxExpense": 72852000,
    "netIncome": 149380000,
    "netIncomeRatio": 0.0348309702,
    "eps": 1.25,
    "epsdiluted": 1.24,
    "weightedAverageShsOut": 126074000,
    "weightedAverageShsOutDil": 126865000,
    "link": "https://www.sec.gov/Archives/edgar/data/52988/000005298823000084/0000052988-23-000084-index.htm",
    "finalLink": "https://www.sec.gov/Archives/edgar/data/52988/000005298823000084/jec-20230929.htm"
  },
  {
    "date": "2023-06-30",
    "symbol": "J",
    "reportedCurrency": "USD",
    "cik": "0000052988",
    "fillingDate": "2023-08-08",
    "acceptedDate": "2023-08-08 08:14:47",
    "calendarYear": "2023",
    "period": "Q3",
    "revenue": 4186702000,
    "costOfRevenue": 3329959000,
    "grossProfit": 856743000,
    "grossProfitRatio": 0.2046343399,
    "researchAndDevelopmentExpenses": 0,
    "generalAndAdministrativeExpenses": 0,
    "sellingAndMarketingExpenses": 0,
    "sellingGeneralAndAdministrativeExpenses": 587002000,
    "otherExpenses": 0,
    "operatingExpenses": 587002000,
    "costAndExpenses": 3916961000,
    "interestIncome": 7830000,
    "interestExpense": 43787000,
    "depreciationAndAmortization": 73169000,
    "ebitda": 343641000,
    "ebitdaratio": 0.082079164,
    "operatingIncome": 269741000,
    "operatingIncomeRatio": 0.0644280391,
    "totalOtherIncomeExpensesNet": -43056000,
    "incomeBeforeTax": 226685000,
    "incomeBeforeTaxRatio": 0.0541440494,
    "incomeTaxExpense": 54166000,
    "netIncome": 164239000,
    "netIncomeRatio": 0.0392287294,
    "eps": 1.3,
    "epsdiluted": 1.29,
    "weightedAverageShsOut": 126646000,
    "weightedAverageShsOutDil": 127138000,
    "link": "https://www.sec.gov/Archives/edgar/data/52988/000005298823000053/0000052988-23-000053-index.htm",
    "finalLink": "https://www.sec.gov/Archives/edgar/data/52988/000005298823000053/jec-20230630.htm"
  },
  {
    "date": "2023-03-31",
    "symbol": "J",
    "reportedCurrency": "USD",
    "cik": "0000052988",
    "fillingDate": "2023-05-09",
    "acceptedDate": "2023-05-09 07:16:23",
    "calendarYear": "2023",
    "period": "Q2",
    "revenue": 4078332000,
    "costOfRevenue": 3188038000,
    "grossProfit": 890294000,
    "grossProfitRatio": 0.2182985593,
    "researchAndDevelopmentExpenses": 0,
    "generalAndAdministrativeExpenses": 0,
    "sellingAndMarketingExpenses": 0,
    "sellingGeneralAndAdministrativeExpenses": 600431000,
    "otherExpenses": 0,
    "operatingExpenses": 600431000,
    "costAndExpenses": 3788469000,
    "interestIncome": 7630000,
    "interestExpense": 40613000,
    "depreciationAndAmortization": 78181000,
    "ebitda": 371107000,
    "ebitdaratio": 0.0909947989,
    "operatingIncome": 289863000,
    "operatingIncomeRatio": 0.0710739096,
    "totalOtherIncomeExpensesNet": -37550000,
    "incomeBeforeTax": 252313000,
    "incomeBeforeTaxRatio": 0.0618667141,
    "incomeTaxExpense": 19060000,
    "netIncome": 216512000,
    "netIncomeRatio": 0.0530883704,
    "eps": 1.71,
    "epsdiluted": 1.7,
    "weightedAverageShsOut": 126886000,
    "weightedAverageShsOutDil": 127359000,
    "link": "https://www.sec.gov/Archives/edgar/data/52988/000005298823000024/0000052988-23-000024-index.htm",
    "finalLink": "https://www.sec.gov/Archives/edgar/data/52988/000005298823000024/jec-20230331.htm"
  },
  {
    "date": "2022-12-30",
    "symbol": "J",
    "reportedCurrency": "USD",
    "cik": "0000052988",
    "fillingDate": "2023-02-07",
    "acceptedDate": "2023-02-07 07:14:56",
    "calendarYear": "2023",
    "period": "Q1",
    "revenue": 3798668000,
    "costOfRevenue": 2983955000,
    "grossProfit": 814713000,
    "grossProfitRatio": 0.2144733364,
    "researchAndDevelopmentExpenses": 0,
    "generalAndAdministrativeExpenses": 0,
    "sellingAndMarketingExpenses": 0,
    "sellingGeneralAndAdministrativeExpenses": 576908000,
    "otherExpenses": 0,
    "operatingExpenses": 576908000,
    "costAndExpenses": 3560863000,
    "interestIncome": 3007000,
    "interestExpense": 40077000,
    "depreciationAndAmortization": 77752000,
    "ebitda": 315310000,
    "ebitdaratio": 0.0830054114,
    "operatingIncome": 237805000,
    "operatingIncomeRatio": 0.0626022069,
    "totalOtherIncomeExpensesNet": -40324000,
    "incomeBeforeTax": 197481000,
    "incomeBeforeTaxRatio": 0.051986907,
    "incomeTaxExpense": 50103000,
    "netIncome": 135647000,
    "netIncomeRatio": 0.0357090959,
    "eps": 1.07,
    "epsdiluted": 1.06,
    "weightedAverageShsOut": 126824000,
    "weightedAverageShsOutDil": 127496000,
    "link": "https://www.sec.gov/Archives/edgar/data/52988/000005298823000012/0000052988-23-000012-index.htm",
    "finalLink": "https://www.sec.gov/Archives/edgar/data/52988/000005298823000012/jec-20221230.htm"
  },
  {
    "date": "2022-09-30",
    "symbol": "J",
    "reportedCurrency": "USD",
    "cik": "0000052988",
    "fillingDate": "2022-11-21",
    "acceptedDate": "2022-11-21 07:09:51",
    "calendarYear": "2022",
    "period": "Q4",
    "revenue": 3881048000,
    "costOfRevenue": 3045367000,
    "grossProfit": 835681000,
    "grossProfitRatio": 0.2153235415,
    "researchAndDevelopmentExpenses": 0,
    "generalAndAdministrativeExpenses": 0,
    "sellingAndMarketingExpenses": 0,
    "sellingGeneralAndAdministrativeExpenses": 527141000,
    "otherExpenses": 0,
    "operatingExpenses": 527141000,
    "costAndExpenses": 3572508000,
    "interestIncome": 1565000,
    "interestExpense": 32695000,
    "depreciationAndAmortization": 76246000,
    "ebitda": 388803000,
    "ebitdaratio": 0.1001798999,
    "operatingIncome": 308540000,
    "operatingIncomeRatio": 0.0794991456,
    "totalOtherIncomeExpensesNet": -28678000,
    "incomeBeforeTax": 279862000,
    "incomeBeforeTaxRatio": 0.0721099043,
    "incomeTaxExpense": 39358000,
    "netIncome": 225207000,
    "netIncomeRatio": 0.0580273679,
    "eps": 1.76,
    "epsdiluted": 1.75,
    "weightedAverageShsOut": 127759000,
    "weightedAverageShsOutDil": 128577000,
    "link": "https://www.sec.gov/Archives/edgar/data/52988/000005298822000111/0000052988-22-000111-index.htm",
    "finalLink": "https://www.sec.gov/Archives/edgar/data/52988/000005298822000111/jec-20220930.htm"
  },
  {
    "date": "2022-07-01",
    "symbol": "J",
    "reportedCurrency": "USD",
    "cik": "0000052988",
    "fillingDate": "2022-08-01",
    "acceptedDate": "2022-08-01 07:17:41",
    "calendarYear": "2022",
    "period": "Q3",
    "revenue": 3827093000,
    "costOfRevenue": 3002618000,
    "grossProfit": 824475000,
    "grossProfitRatio": 0.2154311379,
    "researchAndDevelopmentExpenses": 0,
    "generalAndAdministrativeExpenses": 0,
    "sellingAndMarketingExpenses": 0,
    "sellingGeneralAndAdministrativeExpenses": 558713000,
    "otherExpenses": 0,
    "operatingExpenses": 558713000,
    "costAndExpenses": 3561331000,
    "interestIncome": 1042000,
    "interestExpense": 26129000,
    "depreciationAndAmortization": 76852000,
    "ebitda": 375096000,
    "ebitdaratio": 0.0980106833,
    "operatingIncome": 265762000,
    "operatingIncomeRatio": 0.0694422634,
    "totalOtherIncomeExpensesNet": 6353000,
    "incomeBeforeTax": 272115000,
    "incomeBeforeTaxRatio": 0.0711022701,
    "incomeTaxExpense": 59491000,
    "netIncome": 195983000,
    "netIncomeRatio": 0.0512093644,
    "eps": 1.53,
    "epsdiluted": 1.52,
    "weightedAverageShsOut": 128225000,
    "weightedAverageShsOutDil": 128933000,
    "link": "https://www.sec.gov/Archives/edgar/data/52988/000005298822000063/0000052988-22-000063-index.htm",
    "finalLink": "https://www.sec.gov/Archives/edgar/data/52988/000005298822000063/jec-20220701.htm"
  },
  {
    "date": "2022-04-01",
    "symbol": "J",
    "reportedCurrency": "USD",
    "cik": "0000052988",
    "fillingDate": "2022-05-03",
    "acceptedDate": "2022-05-03 07:17:55",
    "calendarYear": "2022",
    "period": "Q2",
    "revenue": 3834059000,
    "costOfRevenue": 2963649000,
    "grossProfit": 870410000,
    "grossProfitRatio": 0.2270205023,
    "researchAndDevelopmentExpenses": 0,
    "generalAndAdministrativeExpenses": 0,
    "sellingAndMarketingExpenses": 0,
    "sellingGeneralAndAdministrativeExpenses": 704195000,
    "otherExpenses": 0,
    "operatingExpenses": 704195000,
    "costAndExpenses": 3667844000,
    "interestIncome": 381000,
    "interestExpense": 21995000,
    "depreciationAndAmortization": 74814000,
    "ebitda": 252091000,
    "ebitdaratio": 0.0657504227,
    "operatingIncome": 166215000,
    "operatingIncomeRatio": 0.043352228,
    "totalOtherIncomeExpensesNet": -10933000,
    "incomeBeforeTax": 155282000,
    "incomeBeforeTaxRatio": 0.0405006809,
    "incomeTaxExpense": 46166000,
    "netIncome": 88816000,
    "netIncomeRatio": 0.0231650061,
    "eps": 0.69,
    "epsdiluted": 0.68,
    "weightedAverageShsOut": 129333000,
    "weightedAverageShsOutDil": 129973000,
    "link": "https://www.sec.gov/Archives/edgar/data/52988/000005298822000046/0000052988-22-000046-index.htm",
    "finalLink": "https://www.sec.gov/Archives/edgar/data/52988/000005298822000046/jec-20220401.htm"
  },
  {
    "date": "2021-12-31",
    "symbol": "J",
    "reportedCurrency": "USD",
    "cik": "0000052988",
    "fillingDate": "2022-02-08",
    "acceptedDate": "2022-02-08 07:14:58",
    "calendarYear": "2022",
    "period": "Q1",
    "revenue": 3380625000,
    "costOfRevenue": 2584151000,
    "grossProfit": 796474000,
    "grossProfitRatio": 0.2355996302,
    "researchAndDevelopmentExpenses": 0,
    "generalAndAdministrativeExpenses": 0,
    "sellingAndMarketingExpenses": 0,
    "sellingGeneralAndAdministrativeExpenses": 619141000,
    "otherExpenses": 0,
    "operatingExpenses": 619141000,
    "costAndExpenses": 3203292000,
    "interestIncome": 1501000,
    "interestExpense": 19426000,
    "depreciationAndAmortization": 73144000,
    "ebitda": 261660000,
    "ebitdaratio": 0.0773998891,
    "operatingIncome": 177333000,
    "operatingIncomeRatio": 0.052455685,
    "totalOtherIncomeExpensesNet": -8243000,
    "incomeBeforeTax": 169090000,
    "incomeBeforeTaxRatio": 0.0500173784,
    "incomeTaxExpense": 15889000,
    "netIncome": 134034000,
    "netIncomeRatio": 0.0396476983,
    "eps": 1.04,
    "epsdiluted": 1.03,
    "weightedAverageShsOut": 129342000,
    "weightedAverageShsOutDil": 130294000,
    "link": "https://www.sec.gov/Archives/edgar/data/52988/000005298822000016/0000052988-22-000016-index.htm",
    "finalLink": "https://www.sec.gov/Archives/edgar/data/52988/000005298822000016/jec-20211231.htm"
  },
  {
    "date": "2021-10-01",
    "symbol": "J",
    "reportedCurrency": "USD",
    "cik": "0000052988",
    "fillingDate": "2021-11-23",
    "acceptedDate": "2021-11-23 07:03:48",
    "calendarYear": "2021",
    "period": "Q4",
    "revenue": 3586487000,
    "costOfRevenue": 2758723000,
    "grossProfit": 827764000,
    "grossProfitRatio": 0.2308007808,
    "researchAndDevelopmentExpenses": 0,
    "generalAndAdministrativeExpenses": 0,
    "sellingAndMarketingExpenses": 0,
    "sellingGeneralAndAdministrativeExpenses": 576248000,
    "otherExpenses": 0,
    "operatingExpenses": 576248000,
    "costAndExpenses": 3334971000,
    "interestIncome": 770000,
    "interestExpense": 19926000,
    "depreciationAndAmortization": 73008000,
    "ebitda": 263314000,
    "ebitdaratio": 0.0734183618,
    "operatingIncome": 251516000,
    "operatingIncomeRatio": 0.0701287918,
    "totalOtherIncomeExpensesNet": -81137000,
    "incomeBeforeTax": 170379000,
    "incomeBeforeTaxRatio": 0.0475058184,
    "incomeTaxExpense": 99344000,
    "netIncome": 43144000,
    "netIncomeRatio": 0.0120295989,
    "eps": 0.33,
    "epsdiluted": 0.33,
    "weightedAverageShsOut": 130162000,
    "weightedAverageShsOutDil": 131362000,
    "link": "https://www.sec.gov/Archives/edgar/data/52988/000005298821000065/0000052988-21-000065-index.htm",
    "finalLink": "https://www.sec.gov/Archives/edgar/data/52988/000005298821000065/jec-20211001.htm"
  },
  {
    "date": "2021-07-02",
    "symbol": "J",
    "reportedCurrency": "USD",
    "cik": "0000052988",
    "fillingDate": "2021-08-03",
    "acceptedDate": "2021-08-03 07:04:35",
    "calendarYear": "2021",
    "period": "Q3",
    "revenue": 3576436000,
    "costOfRevenue": 2759501000,
    "grossProfit": 816935000,
    "grossProfitRatio": 0.2284215347,
    "researchAndDevelopmentExpenses": 0,
    "generalAndAdministrativeExpenses": 0,
    "sellingAndMarketingExpenses": 0,
    "sellingGeneralAndAdministrativeExpenses": 553189000,
    "otherExpenses": 0,
    "operatingExpenses": 553189000,
    "costAndExpenses": 3312690000,
    "interestIncome": 1001000,
    "interestExpense": 20011000,
    "depreciationAndAmortization": 75960000,
    "ebitda": 379365000,
    "ebitdaratio": 0.1060734765,
    "operatingIncome": 263746000,
    "operatingIncomeRatio": 0.0737454829,
    "totalOtherIncomeExpensesNet": 19648000,
    "incomeBeforeTax": 283394000,
    "incomeBeforeTaxRatio": 0.0792392203,
    "incomeTaxExpense": 109186000,
    "netIncome": 165794000,
    "netIncomeRatio": 0.0463573233,
    "eps": 0.83,
    "epsdiluted": 0.83,
    "weightedAverageShsOut": 130385000,
    "weightedAverageShsOutDil": 131420000,
    "link": "https://www.sec.gov/Archives/edgar/data/52988/000005298821000043/0000052988-21-000043-index.htm",
    "finalLink": "https://www.sec.gov/Archives/edgar/data/52988/000005298821000043/jec-20210702.htm"
  },
  {
    "date": "2021-04-02",
    "symbol": "J",
    "reportedCurrency": "USD",
    "cik": "0000052988",
    "fillingDate": "2021-05-10",
    "acceptedDate": "2021-05-10 07:14:44",
    "calendarYear": "2021",
    "period": "Q2",
    "revenue": 3547873000,
    "costOfRevenue": 2780860000,
    "grossProfit": 767013000,
    "grossProfitRatio": 0.216189531,
    "researchAndDevelopmentExpenses": 0,
    "generalAndAdministrativeExpenses": 0,
    "sellingAndMarketingExpenses": 0,
    "sellingGeneralAndAdministrativeExpenses": 808125000,
    "otherExpenses": 0,
    "operatingExpenses": 808125000,
    "costAndExpenses": 3588985000,
    "interestIncome": 608000,
    "interestExpense": 15464000,
    "depreciationAndAmortization": 55688000,
    "ebitda": -41129000,
    "ebitdaratio": -0.0115925796,
    "operatingIncome": -41112000,
    "operatingIncomeRatio": -0.011587788,
    "totalOtherIncomeExpensesNet": -71169000,
    "incomeBeforeTax": -112281000,
    "incomeBeforeTaxRatio": -0.0316474124,
    "incomeTaxExpense": -20772000,
    "netIncome": 11045000,
    "netIncomeRatio": 0.0031131329,
    "eps": -0.0021,
    "epsdiluted": -0.035,
    "weightedAverageShsOut": 130262000,
    "weightedAverageShsOutDil": 130262000,
    "link": "https://www.sec.gov/Archives/edgar/data/52988/000005298821000031/0000052988-21-000031-index.htm",
    "finalLink": "https://www.sec.gov/Archives/edgar/data/52988/000005298821000031/jec-20210402.htm"
  },
  {
    "date": "2021-01-01",
    "symbol": "J",
    "reportedCurrency": "USD",
    "cik": "0000052988",
    "fillingDate": "2021-02-09",
    "acceptedDate": "2021-02-09 07:18:31",
    "calendarYear": "2021",
    "period": "Q1",
    "revenue": 3381836000,
    "costOfRevenue": 2749776000,
    "grossProfit": 632060000,
    "grossProfitRatio": 0.1868984776,
    "researchAndDevelopmentExpenses": 0,
    "generalAndAdministrativeExpenses": 0,
    "sellingAndMarketingExpenses": 0,
    "sellingGeneralAndAdministrativeExpenses": 418120000,
    "otherExpenses": 0,
    "operatingExpenses": 418120000,
    "costAndExpenses": 3167896000,
    "interestIncome": 1124000,
    "interestExpense": 17313000,
    "depreciationAndAmortization": 46144000,
    "ebitda": 417568000,
    "ebitdaratio": 0.123473758,
    "operatingIncome": 213940000,
    "operatingIncomeRatio": 0.0632614946,
    "totalOtherIncomeExpensesNet": 140171000,
    "incomeBeforeTax": 354111000,
    "incomeBeforeTaxRatio": 0.1047096902,
    "incomeTaxExpense": 87023000,
    "netIncome": 257048000,
    "netIncomeRatio": 0.0760084167,
    "eps": 1.98,
    "epsdiluted": 1.96,
    "weightedAverageShsOut": 129968000,
    "weightedAverageShsOutDil": 131150000,
    "link": "https://www.sec.gov/Archives/edgar/data/52988/000005298821000016/0000052988-21-000016-index.htm",
    "finalLink": "https://www.sec.gov/Archives/edgar/data/52988/000005298821000016/jec-20210101.htm"
  },
  {
    "date": "2020-10-02",
    "symbol": "J",
    "reportedCurrency": "USD",
    "cik": "0000052988",
    "fillingDate": "2020-11-24",
    "acceptedDate": "2020-11-24 07:13:57",
    "calendarYear": "2020",
    "period": "Q4",
    "revenue": 3519689000,
    "costOfRevenue": 2854753000,
    "grossProfit": 664936000,
    "grossProfitRatio": 0.1889189641,
    "researchAndDevelopmentExpenses": 0,
    "generalAndAdministrativeExpenses": 0,
    "sellingAndMarketingExpenses": 0,
    "sellingGeneralAndAdministrativeExpenses": 642463000,
    "otherExpenses": 0,
    "operatingExpenses": 642463000,
    "costAndExpenses": 3497216000,
    "interestIncome": 1549000,
    "interestExpense": 14043000,
    "depreciationAndAmortization": 47565000,
    "ebitda": 121764000,
    "ebitdaratio": 0.034595102,
    "operatingIncome": 22473000,
    "operatingIncomeRatio": 0.0063849391,
    "totalOtherIncomeExpensesNet": 37683000,
    "incomeBeforeTax": 60156000,
    "incomeBeforeTaxRatio": 0.0170912828,
    "incomeTaxExpense": -19721000,
    "netIncome": 81990000,
    "netIncomeRatio": 0.0232946718,
    "eps": 0.63,
    "epsdiluted": 0.63,
    "weightedAverageShsOut": 130287000,
    "weightedAverageShsOutDil": 131443000,
    "link": "https://www.sec.gov/Archives/edgar/data/52988/000005298820000070/0000052988-20-000070-index.htm",
    "finalLink": "https://www.sec.gov/Archives/edgar/data/52988/000005298820000070/jec-20201002.htm"
  },
  {
    "date": "2020-06-26",
    "symbol": "J",
    "reportedCurrency": "USD",
    "cik": "0000052988",
    "fillingDate": "2020-08-03",
    "acceptedDate": "2020-08-03 06:55:10",
    "calendarYear": "2020",
    "period": "Q3",
    "revenue": 3260057000,
    "costOfRevenue": 2631031000,
    "grossProfit": 629026000,
    "grossProfitRatio": 0.1929493871,
    "researchAndDevelopmentExpenses": 0,
    "generalAndAdministrativeExpenses": 0,
    "sellingAndMarketingExpenses": 0,
    "sellingGeneralAndAdministrativeExpenses": 434650000,
    "otherExpenses": 0,
    "operatingExpenses": 434650000,
    "costAndExpenses": 3065681000,
    "interestIncome": 1249000,
    "interestExpense": 18193000,
    "depreciationAndAmortization": 45411000,
    "ebitda": 367285000,
    "ebitdaratio": 0.1126621406,
    "operatingIncome": 194376000,
    "operatingIncomeRatio": 0.0596234974,
    "totalOtherIncomeExpensesNet": 109305000,
    "incomeBeforeTax": 303681000,
    "incomeBeforeTaxRatio": 0.0931520522,
    "incomeTaxExpense": 67674000,
    "netIncome": 244929000,
    "netIncomeRatio": 0.0751302815,
    "eps": 1.88,
    "epsdiluted": 1.87,
    "weightedAverageShsOut": 130215000,
    "weightedAverageShsOutDil": 131263000,
    "link": "https://www.sec.gov/Archives/edgar/data/52988/000005298820000050/0000052988-20-000050-index.htm",
    "finalLink": "https://www.sec.gov/Archives/edgar/data/52988/000005298820000050/jec-20200626.htm"
  },
  {
    "date": "2020-03-27",
    "symbol": "J",
    "reportedCurrency": "USD",
    "cik": "0000052988",
    "fillingDate": "2020-05-06",
    "acceptedDate": "2020-05-06 16:28:26",
    "calendarYear": "2020",
    "period": "Q2",
    "revenue": 3427180000,
    "costOfRevenue": 2779045000,
    "grossProfit": 648135000,
    "grossProfitRatio": 0.1891161246,
    "researchAndDevelopmentExpenses": 0,
    "generalAndAdministrativeExpenses": 0,
    "sellingAndMarketingExpenses": 0,
    "sellingGeneralAndAdministrativeExpenses": 480357000,
    "otherExpenses": 0,
    "operatingExpenses": 480357000,
    "costAndExpenses": 3259402000,
    "interestIncome": 985000,
    "interestExpense": 15154000,
    "depreciationAndAmortization": 44660000,
    "ebitda": -116991000,
    "ebitdaratio": -0.0341362286,
    "operatingIncome": 167778000,
    "operatingIncomeRatio": 0.0489551176,
    "totalOtherIncomeExpensesNet": -344583000,
    "incomeBeforeTax": -176805000,
    "incomeBeforeTaxRatio": -0.0515890616,
    "incomeTaxExpense": -61122000,
    "netIncome": -92087000,
    "netIncomeRatio": -0.0268696129,
    "eps": -0.85,
    "epsdiluted": -0.85,
    "weightedAverageShsOut": 132531000,
    "weightedAverageShsOutDil": 132531000,
    "link": "https://www.sec.gov/Archives/edgar/data/52988/000005298820000033/0000052988-20-000033-index.htm",
    "finalLink": "https://www.sec.gov/Archives/edgar/data/52988/000005298820000033/jec-20200327.htm"
  },
  {
    "date": "2019-12-27",
    "symbol": "J",
    "reportedCurrency": "USD",
    "cik": "0000052988",
    "fillingDate": "2020-02-04",
    "acceptedDate": "2020-02-04 08:58:45",
    "calendarYear": "2020",
    "period": "Q1",
    "revenue": 3360049000,
    "costOfRevenue": 2715478000,
    "grossProfit": 644571000,
    "grossProfitRatio": 0.1918338096,
    "researchAndDevelopmentExpenses": 0,
    "generalAndAdministrativeExpenses": 0,
    "sellingAndMarketingExpenses": 0,
    "sellingGeneralAndAdministrativeExpenses": 493226000,
    "otherExpenses": 0,
    "operatingExpenses": 493226000,
    "costAndExpenses": 3208704000,
    "interestIncome": 946000,
    "interestExpense": 14817000,
    "depreciationAndAmortization": 43997000,
    "ebitda": 312983000,
    "ebitdaratio": 0.093148344,
    "operatingIncome": 151345000,
    "operatingIncomeRatio": 0.0450424979,
    "totalOtherIncomeExpensesNet": 102824000,
    "incomeBeforeTax": 254169000,
    "incomeBeforeTaxRatio": 0.0756444326,
    "incomeTaxExpense": 68489000,
    "netIncome": 257010000,
    "netIncomeRatio": 0.076489956,
    "eps": 1.46,
    "epsdiluted": 1.45,
    "weightedAverageShsOut": 133134000,
    "weightedAverageShsOutDil": 134618000,
    "link": "https://www.sec.gov/Archives/edgar/data/52988/000005298820000019/0000052988-20-000019-index.htm",
    "finalLink": "https://www.sec.gov/Archives/edgar/data/52988/000005298820000019/jec-20191227.htm"
  },
  {
    "date": "2019-09-27",
    "symbol": "J",
    "reportedCurrency": "USD",
    "cik": "0000052988",
    "fillingDate": "2019-11-25",
    "acceptedDate": "2019-11-25 07:28:00",
    "calendarYear": "2019",
    "period": "Q4",
    "revenue": 3392862000,
    "costOfRevenue": 2727329000,
    "grossProfit": 665533000,
    "grossProfitRatio": 0.1961568139,
    "researchAndDevelopmentExpenses": 0,
    "generalAndAdministrativeExpenses": 0,
    "sellingAndMarketingExpenses": 0,
    "sellingGeneralAndAdministrativeExpenses": 566447000,
    "otherExpenses": 0,
    "operatingExpenses": 566447000,
    "costAndExpenses": 3293776000,
    "interestIncome": 2315000,
    "interestExpense": 10120000,
    "depreciationAndAmortization": 43260000,
    "ebitda": 106918000,
    "ebitdaratio": 0.0315126286,
    "operatingIncome": 99086000,
    "operatingIncomeRatio": 0.0292042529,
    "totalOtherIncomeExpensesNet": -45548000,
    "incomeBeforeTax": 53537000,
    "incomeBeforeTaxRatio": 0.0157793037,
    "incomeTaxExpense": 24124000,
    "netIncome": 142324000,
    "netIncomeRatio": 0.0419480663,
    "eps": 1.06,
    "epsdiluted": 1.04,
    "weightedAverageShsOut": 134526000,
    "weightedAverageShsOutDil": 136105000,
    "link": "https://www.sec.gov/Archives/edgar/data/52988/000005298819000069/0000052988-19-000069-index.htm",
    "finalLink": "https://www.sec.gov/Archives/edgar/data/52988/000005298819000069/jecfy201910-k1.htm"
  },
  {
    "date": "2019-06-28",
    "symbol": "J",
    "reportedCurrency": "USD",
    "cik": "0000052988",
    "fillingDate": "2019-08-05",
    "acceptedDate": "2019-08-05 09:02:59",
    "calendarYear": "2019",
    "period": "Q3",
    "revenue": 3169622000,
    "costOfRevenue": 2543488000,
    "grossProfit": 626134000,
    "grossProfitRatio": 0.1975421675,
    "researchAndDevelopmentExpenses": 0,
    "generalAndAdministrativeExpenses": 0,
    "sellingAndMarketingExpenses": 0,
    "sellingGeneralAndAdministrativeExpenses": 536180000,
    "otherExpenses": 0,
    "operatingExpenses": 536180000,
    "costAndExpenses": 3079668000,
    "interestIncome": 3398000,
    "interestExpense": 18978000,
    "depreciationAndAmortization": 44234000,
    "ebitda": 156611000,
    "ebitdaratio": 0.0494099927,
    "operatingIncome": 89954000,
    "operatingIncomeRatio": 0.0283800403,
    "totalOtherIncomeExpensesNet": 3445000,
    "incomeBeforeTax": 93399000,
    "incomeBeforeTaxRatio": 0.0294669207,
    "incomeTaxExpense": -1981000,
    "netIncome": 524442000,
    "netIncomeRatio": 0.1654588465,
    "eps": 3.83,
    "epsdiluted": 3.8,
    "weightedAverageShsOut": 136611000,
    "weightedAverageShsOutDil": 137823000,
    "link": "https://www.sec.gov/Archives/edgar/data/52988/000005298819000053/0000052988-19-000053-index.htm",
    "finalLink": "https://www.sec.gov/Archives/edgar/data/52988/000005298819000053/jecfy2019q310-q1.htm"
  },
  {
    "date": "2019-03-29",
    "symbol": "J",
    "reportedCurrency": "USD",
    "cik": "0000052988",
    "fillingDate": "2019-05-07",
    "acceptedDate": "2019-05-07 09:46:51",
    "calendarYear": "2019",
    "period": "Q2",
    "revenue": 3091596000,
    "costOfRevenue": 2474755000,
    "grossProfit": 616841000,
    "grossProfitRatio": 0.1995218651,
    "researchAndDevelopmentExpenses": 0,
    "generalAndAdministrativeExpenses": 0,
    "sellingAndMarketingExpenses": 0,
    "sellingGeneralAndAdministrativeExpenses": 514160000,
    "otherExpenses": 0,
    "operatingExpenses": 514160000,
    "costAndExpenses": 2988915000,
    "interestIncome": 1670000,
    "interestExpense": 29423000,
    "depreciationAndAmortization": 42169000,
    "ebitda": 183424000,
    "ebitdaratio": 0.0593298736,
    "operatingIncome": 102681000,
    "operatingIncomeRatio": 0.0332129424,
    "totalOtherIncomeExpensesNet": 9151000,
    "incomeBeforeTax": 111832000,
    "incomeBeforeTaxRatio": 0.0361729023,
    "incomeTaxExpense": -7947000,
    "netIncome": 56917000,
    "netIncomeRatio": 0.0184102321,
    "eps": 0.41,
    "epsdiluted": 0.41,
    "weightedAverageShsOut": 138335000,
    "weightedAverageShsOutDil": 139316000,
    "link": "https://www.sec.gov/Archives/edgar/data/52988/000005298819000031/0000052988-19-000031-index.htm",
    "finalLink": "https://www.sec.gov/Archives/edgar/data/52988/000005298819000031/jecfy2019q210-q.htm"
  },
  {
    "date": "2018-12-28",
    "symbol": "J",
    "reportedCurrency": "USD",
    "cik": "0000052988",
    "fillingDate": "2019-02-06",
    "acceptedDate": "2019-02-06 09:48:40",
    "calendarYear": "2019",
    "period": "Q1",
    "revenue": 3083788000,
    "costOfRevenue": 2515268000,
    "grossProfit": 568520000,
    "grossProfitRatio": 0.1843576796,
    "researchAndDevelopmentExpenses": 0,
    "generalAndAdministrativeExpenses": 0,
    "sellingAndMarketingExpenses": 0,
    "sellingGeneralAndAdministrativeExpenses": 455390000,
    "otherExpenses": 2282000,
    "operatingExpenses": 455390000,
    "costAndExpenses": 2970658000,
    "interestIncome": 2104000,
    "interestExpense": 25325000,
    "depreciationAndAmortization": 39606000,
    "ebitda": 157122000,
    "ebitdaratio": 0.0509509733,
    "operatingIncome": 113130000,
    "operatingIncomeRatio": 0.0366854012,
    "totalOtherIncomeExpensesNet": -20939000,
    "incomeBeforeTax": 92191000,
    "incomeBeforeTaxRatio": 0.0298953754,
    "incomeTaxExpense": 22758000,
    "netIncome": 124296000,
    "netIncomeRatio": 0.0403062727,
    "eps": 0.87,
    "epsdiluted": 0.86,
    "weightedAverageShsOut": 142154000,
    "weightedAverageShsOutDil": 142154000,
    "link": "https://www.sec.gov/Archives/edgar/data/52988/000005298819000008/0000052988-19-000008-index.htm",
    "finalLink": "https://www.sec.gov/Archives/edgar/data/52988/000005298819000008/jecfy2019q110-q.htm"
  },
  {
    "date": "2018-09-28",
    "symbol": "J",
    "reportedCurrency": "USD",
    "cik": "0000052988",
    "fillingDate": "2018-11-21",
    "acceptedDate": "2018-11-21 17:08:45",
    "calendarYear": "2018",
    "period": "Q4",
    "revenue": 4142644000,
    "costOfRevenue": 3351228000,
    "grossProfit": 791416000,
    "grossProfitRatio": 0.191041277,
    "researchAndDevelopmentExpenses": 0,
    "generalAndAdministrativeExpenses": 0,
    "sellingAndMarketingExpenses": 0,
    "sellingGeneralAndAdministrativeExpenses": 550104000,
    "otherExpenses": 2262000,
    "operatingExpenses": 550104000,
    "costAndExpenses": 3901332000,
    "interestIncome": 2088000,
    "interestExpense": 26652000,
    "depreciationAndAmortization": 51377000,
    "ebitda": 275868000,
    "ebitdaratio": 0.0665922536,
    "operatingIncome": 241312000,
    "operatingIncomeRatio": 0.058250721,
    "totalOtherIncomeExpensesNet": -43474000,
    "incomeBeforeTax": 197839000,
    "incomeBeforeTaxRatio": 0.0477566984,
    "incomeTaxExpense": 214261000,
    "netIncome": -22541000,
    "netIncomeRatio": -0.005441211,
    "eps": -0.16,
    "epsdiluted": -0.16,
    "weightedAverageShsOut": 142196000,
    "weightedAverageShsOutDil": 142196000,
    "link": "https://www.sec.gov/Archives/edgar/data/52988/000005298818000036/0000052988-18-000036-index.htm",
    "finalLink": "https://www.sec.gov/Archives/edgar/data/52988/000005298818000036/jecfy201810-k.htm"
  },
  {
    "date": "2018-06-29",
    "symbol": "J",
    "reportedCurrency": "USD",
    "cik": "0000052988",
    "fillingDate": "2018-08-06",
    "acceptedDate": "2018-08-06 09:42:05",
    "calendarYear": "2018",
    "period": "Q3",
    "revenue": 4156663000,
    "costOfRevenue": 3380254000,
    "grossProfit": 776409000,
    "grossProfitRatio": 0.1867866122,
    "researchAndDevelopmentExpenses": 0,
    "generalAndAdministrativeExpenses": 0,
    "sellingAndMarketingExpenses": 0,
    "sellingGeneralAndAdministrativeExpenses": 563680000,
    "otherExpenses": 2564000,
    "operatingExpenses": 563680000,
    "costAndExpenses": 3943934000,
    "interestIncome": 1277000,
    "interestExpense": 23787000,
    "depreciationAndAmortization": 52023000,
    "ebitda": 268593000,
    "ebitdaratio": 0.0646174588,
    "operatingIncome": 212729000,
    "operatingIncomeRatio": 0.0511778318,
    "totalOtherIncomeExpensesNet": 30271000,
    "incomeBeforeTax": 192783000,
    "incomeBeforeTaxRatio": 0.0463792711,
    "incomeTaxExpense": 42712000,
    "netIncome": 150222000,
    "netIncomeRatio": 0.0361400479,
    "eps": 1.05,
    "epsdiluted": 1.05,
    "weightedAverageShsOut": 142015000,
    "weightedAverageShsOutDil": 143029000,
    "link": "https://www.sec.gov/Archives/edgar/data/52988/000005298818000023/0000052988-18-000023-index.htm",
    "finalLink": "https://www.sec.gov/Archives/edgar/data/52988/000005298818000023/jecfy2018q310-q.htm"
  },
  {
    "date": "2018-03-30",
    "symbol": "J",
    "reportedCurrency": "USD",
    "cik": "0000052988",
    "fillingDate": "2018-05-08",
    "acceptedDate": "2018-05-08 09:47:41",
    "calendarYear": "2018",
    "period": "Q2",
    "revenue": 3935028000,
    "costOfRevenue": 3161663000,
    "grossProfit": 773365000,
    "grossProfitRatio": 0.1965335444,
    "researchAndDevelopmentExpenses": 0,
    "generalAndAdministrativeExpenses": 0,
    "sellingAndMarketingExpenses": 0,
    "sellingGeneralAndAdministrativeExpenses": 627079000,
    "otherExpenses": 0,
    "operatingExpenses": 627079000,
    "costAndExpenses": 3788742000,
    "interestIncome": 1785000,
    "interestExpense": 19228000,
    "depreciationAndAmortization": 55660000,
    "ebitda": 197055000,
    "ebitdaratio": 0.0500771532,
    "operatingIncome": 146286000,
    "operatingIncomeRatio": 0.037175339,
    "totalOtherIncomeExpensesNet": 53412000,
    "incomeBeforeTax": 122167000,
    "incomeBeforeTaxRatio": 0.0310460307,
    "incomeTaxExpense": 70235000,
    "netIncome": 48587000,
    "netIncomeRatio": 0.0123473073,
    "eps": 0.34,
    "epsdiluted": 0.34,
    "weightedAverageShsOut": 141785000,
    "weightedAverageShsOutDil": 141785000,
    "link": "https://www.sec.gov/Archives/edgar/data/52988/000005298818000012/0000052988-18-000012-index.htm",
    "finalLink": "https://www.sec.gov/Archives/edgar/data/52988/000005298818000012/jecfy2018q210-q.htm"
  },
  {
    "date": "2017-12-29",
    "symbol": "J",
    "reportedCurrency": "USD",
    "cik": "0000052988",
    "fillingDate": "2018-02-07",
    "acceptedDate": "2018-02-07 09:46:36",
    "calendarYear": "2018",
    "period": "Q1",
    "revenue": 2750311000,
    "costOfRevenue": 2263131000,
    "grossProfit": 487180000,
    "grossProfitRatio": 0.1771363311,
    "researchAndDevelopmentExpenses": 0,
    "generalAndAdministrativeExpenses": 0,
    "sellingAndMarketingExpenses": 0,
    "sellingGeneralAndAdministrativeExpenses": 439536000,
    "otherExpenses": -2470000,
    "operatingExpenses": 439536000,
    "costAndExpenses": 2702667000,
    "interestIncome": 3834000,
    "interestExpense": 7092000,
    "depreciationAndAmortization": 39527000,
    "ebitda": 88535000,
    "ebitdaratio": 0.032190905,
    "operatingIncome": 47644000,
    "operatingIncomeRatio": 0.0173231318,
    "totalOtherIncomeExpensesNet": -5728000,
    "incomeBeforeTax": 41916000,
    "incomeBeforeTaxRatio": 0.0152404583,
    "incomeTaxExpense": 39355000,
    "netIncome": 2163000,
    "netIncomeRatio": 0.0007864565,
    "eps": 0.02,
    "epsdiluted": 0.02,
    "weightedAverageShsOut": 124122000,
    "weightedAverageShsOutDil": 125145000,
    "link": "https://www.sec.gov/Archives/edgar/data/52988/000156459018001463/0001564590-18-001463-index.htm",
    "finalLink": "https://www.sec.gov/Archives/edgar/data/52988/000156459018001463/jec-10q_20171229.htm"
  },
  {
    "date": "2017-09-29",
    "symbol": "J",
    "reportedCurrency": "USD",
    "cik": "0000052988",
    "fillingDate": "2017-11-21",
    "acceptedDate": "2017-11-21 17:06:49",
    "calendarYear": "2017",
    "period": "Q4",
    "revenue": 2653866000,
    "costOfRevenue": 2179575000,
    "grossProfit": 474291000,
    "grossProfitRatio": 0.1787170113,
    "researchAndDevelopmentExpenses": 1534000,
    "generalAndAdministrativeExpenses": 0,
    "sellingAndMarketingExpenses": 0,
    "sellingGeneralAndAdministrativeExpenses": 367298000,
    "otherExpenses": -766000,
    "operatingExpenses": 367298000,
    "costAndExpenses": 2546873000,
    "interestIncome": 3051000,
    "interestExpense": 708000,
    "depreciationAndAmortization": 34904000,
    "ebitda": 155061000,
    "ebitdaratio": 0.0584283457,
    "operatingIncome": 106993000,
    "operatingIncomeRatio": 0.0403159014,
    "totalOtherIncomeExpensesNet": 12457000,
    "incomeBeforeTax": 119450000,
    "incomeBeforeTaxRatio": 0.0450098083,
    "incomeTaxExpense": 26022000,
    "netIncome": 94141000,
    "netIncomeRatio": 0.035473155,
    "eps": 0.78,
    "epsdiluted": 0.78,
    "weightedAverageShsOut": 119400000,
    "weightedAverageShsOutDil": 120126000,
    "link": "https://www.sec.gov/Archives/edgar/data/52988/000156459017024192/0001564590-17-024192-index.htm",
    "finalLink": "https://www.sec.gov/Archives/edgar/data/52988/000156459017024192/jec-10k_20170929.htm"
  },
  {
    "date": "2017-06-30",
    "symbol": "J",
    "reportedCurrency": "USD",
    "cik": "0000052988",
    "fillingDate": "2017-08-08",
    "acceptedDate": "2017-08-08 11:43:24",
    "calendarYear": "2017",
    "period": "Q3",
    "revenue": 2514751000,
    "costOfRevenue": 2055386000,
    "grossProfit": 459365000,
    "grossProfitRatio": 0.1826681846,
    "researchAndDevelopmentExpenses": 0,
    "generalAndAdministrativeExpenses": 0,
    "sellingAndMarketingExpenses": 0,
    "sellingGeneralAndAdministrativeExpenses": 330890000,
    "otherExpenses": 852000,
    "operatingExpenses": 330890000,
    "costAndExpenses": 2386276000,
    "interestIncome": 2123000,
    "interestExpense": 4054000,
    "depreciationAndAmortization": 29917000,
    "ebitda": 161367000,
    "ebitdaratio": 0.0641681821,
    "operatingIncome": 128475000,
    "operatingIncomeRatio": 0.0510885571,
    "totalOtherIncomeExpensesNet": -1079000,
    "incomeBeforeTax": 127396000,
    "incomeBeforeTaxRatio": 0.0506594888,
    "incomeTaxExpense": 38767000,
    "netIncome": 89032000,
    "netIncomeRatio": 0.0354039028,
    "eps": 0.74,
    "epsdiluted": 0.74,
    "weightedAverageShsOut": 119206000,
    "weightedAverageShsOutDil": 119856000,
    "link": "https://www.sec.gov/Archives/edgar/data/52988/000156459017016325/0001564590-17-016325-index.htm",
    "finalLink": "https://www.sec.gov/Archives/edgar/data/52988/000156459017016325/jec-10q_20170630.htm"
  },
  {
    "date": "2017-03-31",
    "symbol": "J",
    "reportedCurrency": "USD",
    "cik": "0000052988",
    "fillingDate": "2017-05-09",
    "acceptedDate": "2017-05-09 10:46:43",
    "calendarYear": "2017",
    "period": "Q2",
    "revenue": 2302567000,
    "costOfRevenue": 1883283000,
    "grossProfit": 419284000,
    "grossProfitRatio": 0.1820941584,
    "researchAndDevelopmentExpenses": 0,
    "generalAndAdministrativeExpenses": 0,
    "sellingAndMarketingExpenses": 0,
    "sellingGeneralAndAdministrativeExpenses": 351111000,
    "otherExpenses": 0,
    "operatingExpenses": 351111000,
    "costAndExpenses": 2234394000,
    "interestIncome": 2088000,
    "interestExpense": 3755000,
    "depreciationAndAmortization": 29157000,
    "ebitda": 93403000,
    "ebitdaratio": 0.0405647262,
    "operatingIncome": 68173000,
    "operatingIncomeRatio": 0.0296073904,
    "totalOtherIncomeExpensesNet": -7682000,
    "incomeBeforeTax": 60491000,
    "incomeBeforeTaxRatio": 0.0262711139,
    "incomeTaxExpense": 16326000,
    "netIncome": 50018000,
    "netIncomeRatio": 0.0217227121,
    "eps": 0.41,
    "epsdiluted": 0.41,
    "weightedAverageShsOut": 119484000,
    "weightedAverageShsOutDil": 120279000,
    "link": "https://www.sec.gov/Archives/edgar/data/52988/000156459017009666/0001564590-17-009666-index.htm",
    "finalLink": "https://www.sec.gov/Archives/edgar/data/52988/000156459017009666/jec-10q_20170331.htm"
  },
  {
    "date": "2016-12-30",
    "symbol": "J",
    "reportedCurrency": "USD",
    "cik": "0000052988",
    "fillingDate": "2017-02-08",
    "acceptedDate": "2017-02-08 10:46:21",
    "calendarYear": "2017",
    "period": "Q1",
    "revenue": 2551604000,
    "costOfRevenue": 2132292000,
    "grossProfit": 419312000,
    "grossProfitRatio": 0.1643327099,
    "researchAndDevelopmentExpenses": 0,
    "generalAndAdministrativeExpenses": 0,
    "sellingAndMarketingExpenses": 0,
    "sellingGeneralAndAdministrativeExpenses": 330684000,
    "otherExpenses": -716000,
    "operatingExpenses": 330684000,
    "costAndExpenses": 2462976000,
    "interestIncome": 1486000,
    "interestExpense": 3518000,
    "depreciationAndAmortization": 28535000,
    "ebitda": 117933000,
    "ebitdaratio": 0.0462191625,
    "operatingIncome": 88628000,
    "operatingIncomeRatio": 0.0347342299,
    "totalOtherIncomeExpensesNet": -2748000,
    "incomeBeforeTax": 85880000,
    "incomeBeforeTaxRatio": 0.0336572603,
    "incomeTaxExpense": 24727000,
    "netIncome": 60536000,
    "netIncomeRatio": 0.0237246846,
    "eps": 0.5,
    "epsdiluted": 0.5,
    "weightedAverageShsOut": 119438000,
    "weightedAverageShsOutDil": 121851000,
    "link": "https://www.sec.gov/Archives/edgar/data/52988/000156459017001129/0001564590-17-001129-index.htm",
    "finalLink": "https://www.sec.gov/Archives/edgar/data/52988/000156459017001129/jec-10q_20161230.htm"
  },
  {
    "date": "2016-09-30",
    "symbol": "J",
    "reportedCurrency": "USD",
    "cik": "0000052988",
    "fillingDate": "2016-11-22",
    "acceptedDate": "2016-11-22 09:46:55",
    "calendarYear": "2016",
    "period": "Q4",
    "revenue": 2640587000,
    "costOfRevenue": 2208895000,
    "grossProfit": 431692000,
    "grossProfitRatio": 0.1634833467,
    "researchAndDevelopmentExpenses": 1534000,
    "generalAndAdministrativeExpenses": 0,
    "sellingAndMarketingExpenses": 0,
    "sellingGeneralAndAdministrativeExpenses": 348881000,
    "otherExpenses": -3523000,
    "operatingExpenses": 348881000,
    "costAndExpenses": 2557776000,
    "interestIncome": 2740000,
    "interestExpense": 4945000,
    "depreciationAndAmortization": 31025000,
    "ebitda": 71643000,
    "ebitdaratio": 0.0271314674,
    "operatingIncome": 82811000,
    "operatingIncomeRatio": 0.03136083,
    "totalOtherIncomeExpensesNet": -47138000,
    "incomeBeforeTax": 35673000,
    "incomeBeforeTaxRatio": 0.0135094962,
    "incomeTaxExpense": 5790000,
    "netIncome": 29644000,
    "netIncomeRatio": 0.0112262917,
    "eps": 0.25,
    "epsdiluted": 0.24,
    "weightedAverageShsOut": 119542000,
    "weightedAverageShsOutDil": 121348000,
    "link": "https://www.sec.gov/Archives/edgar/data/52988/000156459016029571/0001564590-16-029571-index.htm",
    "finalLink": "https://www.sec.gov/Archives/edgar/data/52988/000156459016029571/jec-10k_20160930.htm"
  },
  {
    "date": "2016-07-01",
    "symbol": "J",
    "reportedCurrency": "USD",
    "cik": "0000052988",
    "fillingDate": "2016-08-09",
    "acceptedDate": "2016-08-09 09:46:15",
    "calendarYear": "2016",
    "period": "Q3",
    "revenue": 2693873000,
    "costOfRevenue": 2242424000,
    "grossProfit": 451449000,
    "grossProfitRatio": 0.167583624,
    "researchAndDevelopmentExpenses": 0,
    "generalAndAdministrativeExpenses": 0,
    "sellingAndMarketingExpenses": 0,
    "sellingGeneralAndAdministrativeExpenses": 341893000,
    "otherExpenses": -2801000,
    "operatingExpenses": 341893000,
    "costAndExpenses": 2584317000,
    "interestIncome": 624000,
    "interestExpense": 4572000,
    "depreciationAndAmortization": 32269000,
    "ebitda": 139648000,
    "ebitdaratio": 0.0518391179,
    "operatingIncome": 109556000,
    "operatingIncomeRatio": 0.0406685839,
    "totalOtherIncomeExpensesNet": -6749000,
    "incomeBeforeTax": 102807000,
    "incomeBeforeTaxRatio": 0.038163269,
    "incomeTaxExpense": 31870000,
    "netIncome": 69055000,
    "netIncomeRatio": 0.0256340963,
    "eps": 0.58,
    "epsdiluted": 0.57,
    "weightedAverageShsOut": 119850000,
    "weightedAverageShsOutDil": 121446000,
    "link": "https://www.sec.gov/Archives/edgar/data/52988/000156459016023511/0001564590-16-023511-index.htm",
    "finalLink": "https://www.sec.gov/Archives/edgar/data/52988/000156459016023511/jec-10q_20160701.htm"
  },
  {
    "date": "2016-04-01",
    "symbol": "J",
    "reportedCurrency": "USD",
    "cik": "0000052988",
    "fillingDate": "2016-05-05",
    "acceptedDate": "2016-05-05 10:46:16",
    "calendarYear": "2016",
    "period": "Q2",
    "revenue": 2781763000,
    "costOfRevenue": 2337547000,
    "grossProfit": 444216000,
    "grossProfitRatio": 0.1596886579,
    "researchAndDevelopmentExpenses": 0,
    "generalAndAdministrativeExpenses": 0,
    "sellingAndMarketingExpenses": 0,
    "sellingGeneralAndAdministrativeExpenses": 357435000,
    "otherExpenses": 0,
    "operatingExpenses": 357435000,
    "costAndExpenses": 2694982000,
    "interestIncome": 2264000,
    "interestExpense": 2200000,
    "depreciationAndAmortization": 32784000,
    "ebitda": 125440000,
    "ebitdaratio": 0.045093705,
    "operatingIncome": 86781000,
    "operatingIncomeRatio": 0.0311964031,
    "totalOtherIncomeExpensesNet": 3675000,
    "incomeBeforeTax": 90456000,
    "incomeBeforeTaxRatio": 0.0325175078,
    "incomeTaxExpense": 27067000,
    "netIncome": 65250000,
    "netIncomeRatio": 0.0234563476,
    "eps": 0.54,
    "epsdiluted": 0.54,
    "weightedAverageShsOut": 120216000,
    "weightedAverageShsOutDil": 121143000,
    "link": "https://www.sec.gov/Archives/edgar/data/52988/000156459016017848/0001564590-16-017848-index.htm",
    "finalLink": "https://www.sec.gov/Archives/edgar/data/52988/000156459016017848/jec-10q_20160401.htm"
  },
  {
    "date": "2016-01-01",
    "symbol": "J",
    "reportedCurrency": "USD",
    "cik": "0000052988",
    "fillingDate": "2016-02-03",
    "acceptedDate": "2016-02-03 10:47:47",
    "calendarYear": "2016",
    "period": "Q1",
    "revenue": 2847934000,
    "costOfRevenue": 2407460000,
    "grossProfit": 440474000,
    "grossProfitRatio": 0.1546643988,
    "researchAndDevelopmentExpenses": 0,
    "generalAndAdministrativeExpenses": 0,
    "sellingAndMarketingExpenses": 0,
    "sellingGeneralAndAdministrativeExpenses": 381024000,
    "otherExpenses": -340000,
    "operatingExpenses": 381024000,
    "costAndExpenses": 2788484000,
    "interestIncome": 2220000,
    "interestExpense": 3543000,
    "depreciationAndAmortization": 33893000,
    "ebitda": 95223000,
    "ebitdaratio": 0.033435817,
    "operatingIncome": 59450000,
    "operatingIncomeRatio": 0.0208747815,
    "totalOtherIncomeExpensesNet": -1663000,
    "incomeBeforeTax": 57787000,
    "incomeBeforeTaxRatio": 0.0202908494,
    "incomeTaxExpense": 7481000,
    "netIncome": 46514000,
    "netIncomeRatio": 0.0163325414,
    "eps": 0.38,
    "epsdiluted": 0.38,
    "weightedAverageShsOut": 120888000,
    "weightedAverageShsOutDil": 121959000,
    "link": "https://www.sec.gov/Archives/edgar/data/52988/000005298816000172/0000052988-16-000172-index.htm",
    "finalLink": "https://www.sec.gov/Archives/edgar/data/52988/000005298816000172/jec-01012016x10q.htm"
  },
  {
    "date": "2015-10-02",
    "symbol": "J",
    "reportedCurrency": "USD",
    "cik": "0000052988",
    "fillingDate": "2015-11-24",
    "acceptedDate": "2015-11-23 21:36:08",
    "calendarYear": "2015",
    "period": "Q4",
    "revenue": 3116954000,
    "costOfRevenue": 2643603000,
    "grossProfit": 473351000,
    "grossProfitRatio": 0.1518633255,
    "researchAndDevelopmentExpenses": 1533000,
    "generalAndAdministrativeExpenses": 0,
    "sellingAndMarketingExpenses": 0,
    "sellingGeneralAndAdministrativeExpenses": 419525000,
    "otherExpenses": -2115000,
    "operatingExpenses": 419525000,
    "costAndExpenses": 3063128000,
    "interestIncome": 1709000,
    "interestExpense": 4129000,
    "depreciationAndAmortization": 35484000,
    "ebitda": 88904000,
    "ebitdaratio": 0.028522718,
    "operatingIncome": 53826000,
    "operatingIncomeRatio": 0.0172687823,
    "totalOtherIncomeExpensesNet": -4535000,
    "incomeBeforeTax": 49291000,
    "incomeBeforeTaxRatio": 0.0158138362,
    "incomeTaxExpense": 12022000,
    "netIncome": 29863000,
    "netIncomeRatio": 0.0095808279,
    "eps": 0.25,
    "epsdiluted": 0.24,
    "weightedAverageShsOut": 121841000,
    "weightedAverageShsOutDil": 122548000,
    "link": "https://www.sec.gov/Archives/edgar/data/52988/000005298815000155/0000052988-15-000155-index.htm",
    "finalLink": "https://www.sec.gov/Archives/edgar/data/52988/000005298815000155/fiscal2015form10-k.htm"
  },
  {
    "date": "2015-06-26",
    "symbol": "J",
    "reportedCurrency": "USD",
    "cik": "0000052988",
    "fillingDate": "2015-07-31",
    "acceptedDate": "2015-07-30 19:51:18",
    "calendarYear": "2015",
    "period": "Q3",
    "revenue": 2907541000,
    "costOfRevenue": 2422944000,
    "grossProfit": 484597000,
    "grossProfitRatio": 0.1666690169,
    "researchAndDevelopmentExpenses": 0,
    "generalAndAdministrativeExpenses": 0,
    "sellingAndMarketingExpenses": 0,
    "sellingGeneralAndAdministrativeExpenses": 384163000,
    "otherExpenses": 566000,
    "operatingExpenses": 384163000,
    "costAndExpenses": 2807107000,
    "interestIncome": 1697000,
    "interestExpense": 5509000,
    "depreciationAndAmortization": 37118000,
    "ebitda": 139815000,
    "ebitdaratio": 0.0480870261,
    "operatingIncome": 100434000,
    "operatingIncomeRatio": 0.0345425911,
    "totalOtherIncomeExpensesNet": -3246000,
    "incomeBeforeTax": 97188000,
    "incomeBeforeTaxRatio": 0.0334261838,
    "incomeTaxExpense": -120000,
    "netIncome": 91062000,
    "netIncomeRatio": 0.0313192488,
    "eps": 0.74,
    "epsdiluted": 0.73,
    "weightedAverageShsOut": 123392000,
    "weightedAverageShsOutDil": 124601000,
    "link": "https://www.sec.gov/Archives/edgar/data/52988/000005298815000119/0000052988-15-000119-index.htm",
    "finalLink": "https://www.sec.gov/Archives/edgar/data/52988/000005298815000119/jec-06262015x10q.htm"
  },
  {
    "date": "2015-03-27",
    "symbol": "J",
    "reportedCurrency": "USD",
    "cik": "0000052988",
    "fillingDate": "2015-05-01",
    "acceptedDate": "2015-05-01 15:52:11",
    "calendarYear": "2015",
    "period": "Q2",
    "revenue": 2903332000,
    "costOfRevenue": 2412388000,
    "grossProfit": 490944000,
    "grossProfitRatio": 0.1690967482,
    "researchAndDevelopmentExpenses": 0,
    "generalAndAdministrativeExpenses": 0,
    "sellingAndMarketingExpenses": 0,
    "sellingGeneralAndAdministrativeExpenses": 357899000,
    "otherExpenses": -1115000,
    "operatingExpenses": 357899000,
    "costAndExpenses": 2770287000,
    "interestIncome": 1580000,
    "interestExpense": 4548000,
    "depreciationAndAmortization": 37703000,
    "ebitda": 171213000,
    "ebitdaratio": 0.0589712096,
    "operatingIncome": 133045000,
    "operatingIncomeRatio": 0.0458249349,
    "totalOtherIncomeExpensesNet": -4083000,
    "incomeBeforeTax": 128962000,
    "incomeBeforeTaxRatio": 0.0444186197,
    "incomeTaxExpense": 40852000,
    "netIncome": 81967000,
    "netIncomeRatio": 0.0282320451,
    "eps": 0.65,
    "epsdiluted": 0.64,
    "weightedAverageShsOut": 125992000,
    "weightedAverageShsOutDil": 127166000,
    "link": "https://www.sec.gov/Archives/edgar/data/52988/000005298815000047/0000052988-15-000047-index.htm",
    "finalLink": "https://www.sec.gov/Archives/edgar/data/52988/000005298815000047/jec-03272015x10q.htm"
  },
  {
    "date": "2014-12-26",
    "symbol": "J",
    "reportedCurrency": "USD",
    "cik": "0000052988",
    "fillingDate": "2015-02-02",
    "acceptedDate": "2015-01-30 18:28:48",
    "calendarYear": "2015",
    "period": "Q1",
    "revenue": 3187005000,
    "costOfRevenue": 2667559000,
    "grossProfit": 519446000,
    "grossProfitRatio": 0.1629887622,
    "researchAndDevelopmentExpenses": 0,
    "generalAndAdministrativeExpenses": 0,
    "sellingAndMarketingExpenses": 0,
    "sellingGeneralAndAdministrativeExpenses": 361223000,
    "otherExpenses": -486000,
    "operatingExpenses": 361223000,
    "costAndExpenses": 3028782000,
    "interestIncome": 2276000,
    "interestExpense": 5318000,
    "depreciationAndAmortization": 38987000,
    "ebitda": 199000000,
    "ebitdaratio": 0.0624410693,
    "operatingIncome": 158223000,
    "operatingIncomeRatio": 0.049646298,
    "totalOtherIncomeExpensesNet": -3528000,
    "incomeBeforeTax": 154695000,
    "incomeBeforeTaxRatio": 0.0485393026,
    "incomeTaxExpense": 48500000,
    "netIncome": 100079000,
    "netIncomeRatio": 0.0314022099,
    "eps": 0.78,
    "epsdiluted": 0.77,
    "weightedAverageShsOut": 128652000,
    "weightedAverageShsOutDil": 129973000,
    "link": "https://www.sec.gov/Archives/edgar/data/52988/000005298815000006/0000052988-15-000006-index.htm",
    "finalLink": "https://www.sec.gov/Archives/edgar/data/52988/000005298815000006/jec-12262014x10q.htm"
  },
  {
    "date": "2014-09-26",
    "symbol": "J",
    "reportedCurrency": "USD",
    "cik": "0000052988",
    "fillingDate": "2014-11-24",
    "acceptedDate": "2014-11-21 17:54:08",
    "calendarYear": "2014",
    "period": "Q4",
    "revenue": 3218442000,
    "costOfRevenue": 2676642000,
    "grossProfit": 541800000,
    "grossProfitRatio": 0.1683423222,
    "researchAndDevelopmentExpenses": 1533000,
    "generalAndAdministrativeExpenses": 0,
    "sellingAndMarketingExpenses": 0,
    "sellingGeneralAndAdministrativeExpenses": 405150000,
    "otherExpenses": 0,
    "operatingExpenses": 405150000,
    "costAndExpenses": 3081792000,
    "interestIncome": 2268000,
    "interestExpense": 947000,
    "depreciationAndAmortization": 39382000,
    "ebitda": 185133000,
    "ebitdaratio": 0.0575225528,
    "operatingIncome": 136650000,
    "operatingIncomeRatio": 0.0424584318,
    "totalOtherIncomeExpensesNet": 8156000,
    "incomeBeforeTax": 144805000,
    "incomeBeforeTaxRatio": 0.0449922664,
    "incomeTaxExpense": 53751000,
    "netIncome": 86074000,
    "netIncomeRatio": 0.026743996,
    "eps": 0.66,
    "epsdiluted": 0.65,
    "weightedAverageShsOut": 130795000,
    "weightedAverageShsOutDil": 132217000,
    "link": "https://www.sec.gov/Archives/edgar/data/52988/000005298814000173/0000052988-14-000173-index.htm",
    "finalLink": "https://www.sec.gov/Archives/edgar/data/52988/000005298814000173/fiscal2014form10-k.htm"
  },
  {
    "date": "2014-06-27",
    "symbol": "J",
    "reportedCurrency": "USD",
    "cik": "0000052988",
    "fillingDate": "2014-08-01",
    "acceptedDate": "2014-08-01 13:22:07",
    "calendarYear": "2014",
    "period": "Q3",
    "revenue": 3231791000,
    "costOfRevenue": 2670052000,
    "grossProfit": 561739000,
    "grossProfitRatio": 0.1738166237,
    "researchAndDevelopmentExpenses": 0,
    "generalAndAdministrativeExpenses": 0,
    "sellingAndMarketingExpenses": 0,
    "sellingGeneralAndAdministrativeExpenses": 437802000,
    "otherExpenses": -2950000,
    "operatingExpenses": 437802000,
    "costAndExpenses": 3107854000,
    "interestIncome": 2624000,
    "interestExpense": 5565000,
    "depreciationAndAmortization": 39325000,
    "ebitda": 162936000,
    "ebitdaratio": 0.0504166266,
    "operatingIncome": 123937000,
    "operatingIncomeRatio": 0.038349324,
    "totalOtherIncomeExpensesNet": -5891000,
    "incomeBeforeTax": 118046000,
    "incomeBeforeTaxRatio": 0.0365264957,
    "incomeTaxExpense": 46737000,
    "netIncome": 64842000,
    "netIncomeRatio": 0.0200637974,
    "eps": 0.5,
    "epsdiluted": 0.49,
    "weightedAverageShsOut": 130738000,
    "weightedAverageShsOutDil": 132611000,
    "link": "https://www.sec.gov/Archives/edgar/data/52988/000005298814000149/0000052988-14-000149-index.htm",
    "finalLink": "https://www.sec.gov/Archives/edgar/data/52988/000005298814000149/jec-6272014x10q.htm"
  },
  {
    "date": "2014-03-28",
    "symbol": "J",
    "reportedCurrency": "USD",
    "cik": "0000052988",
    "fillingDate": "2014-05-02",
    "acceptedDate": "2014-05-02 15:05:25",
    "calendarYear": "2014",
    "period": "Q2",
    "revenue": 3176033000,
    "costOfRevenue": 2659480000,
    "grossProfit": 516553000,
    "grossProfitRatio": 0.1626409423,
    "researchAndDevelopmentExpenses": 0,
    "generalAndAdministrativeExpenses": 0,
    "sellingAndMarketingExpenses": 0,
    "sellingGeneralAndAdministrativeExpenses": 394119000,
    "otherExpenses": 0,
    "operatingExpenses": 394119000,
    "costAndExpenses": 3053599000,
    "interestIncome": 3004000,
    "interestExpense": 5116000,
    "depreciationAndAmortization": 38419000,
    "ebitda": 137510000,
    "ebitdaratio": 0.0432961496,
    "operatingIncome": 122434000,
    "operatingIncomeRatio": 0.0385493476,
    "totalOtherIncomeExpensesNet": 9960000,
    "incomeBeforeTax": 132394000,
    "incomeBeforeTaxRatio": 0.0416853351,
    "incomeTaxExpense": 41594000,
    "netIncome": 83460000,
    "netIncomeRatio": 0.0262780645,
    "eps": 0.64,
    "epsdiluted": 0.63,
    "weightedAverageShsOut": 130384000,
    "weightedAverageShsOutDil": 132579000,
    "link": "https://www.sec.gov/Archives/edgar/data/52988/000005298814000088/0000052988-14-000088-index.htm",
    "finalLink": "https://www.sec.gov/Archives/edgar/data/52988/000005298814000088/jec-3282014x10q.htm"
  },
  {
    "date": "2013-12-27",
    "symbol": "J",
    "reportedCurrency": "USD",
    "cik": "0000052988",
    "fillingDate": "2014-01-24",
    "acceptedDate": "2014-01-24 15:24:43",
    "calendarYear": "2014",
    "period": "Q1",
    "revenue": 3068891000,
    "costOfRevenue": 2615200000,
    "grossProfit": 453691000,
    "grossProfitRatio": 0.1478354885,
    "researchAndDevelopmentExpenses": 0,
    "generalAndAdministrativeExpenses": 0,
    "sellingAndMarketingExpenses": 0,
    "sellingGeneralAndAdministrativeExpenses": 308644000,
    "otherExpenses": -113000,
    "operatingExpenses": 308644000,
    "costAndExpenses": 2923844000,
    "interestIncome": 1987000,
    "interestExpense": 0,
    "depreciationAndAmortization": 28286000,
    "ebitda": 173333000,
    "ebitdaratio": 0.0564806635,
    "operatingIncome": 145047000,
    "operatingIncomeRatio": 0.0472636532,
    "totalOtherIncomeExpensesNet": 1874000,
    "incomeBeforeTax": 146921000,
    "incomeBeforeTaxRatio": 0.0478742973,
    "incomeTaxExpense": 47972000,
    "netIncome": 93732000,
    "netIncomeRatio": 0.0305426292,
    "eps": 0.72,
    "epsdiluted": 0.71,
    "weightedAverageShsOut": 130121000,
    "weightedAverageShsOutDil": 132180000,
    "link": "https://www.sec.gov/Archives/edgar/data/52988/000005298814000008/0000052988-14-000008-index.htm",
    "finalLink": "https://www.sec.gov/Archives/edgar/data/52988/000005298814000008/jec-12272013x10q.htm"
  },
  {
    "date": "2013-09-27",
    "symbol": "J",
    "reportedCurrency": "USD",
    "cik": "0000052988",
    "fillingDate": "2013-11-22",
    "acceptedDate": "2013-11-22 15:56:16",
    "calendarYear": "2013",
    "period": "Q4",
    "revenue": 3142656000,
    "costOfRevenue": 2667965000,
    "grossProfit": 474691000,
    "grossProfitRatio": 0.1510477125,
    "researchAndDevelopmentExpenses": 1533000,
    "generalAndAdministrativeExpenses": 0,
    "sellingAndMarketingExpenses": 0,
    "sellingGeneralAndAdministrativeExpenses": 299543000,
    "otherExpenses": 1275000,
    "operatingExpenses": 299543000,
    "costAndExpenses": 2967508000,
    "interestIncome": 1874000,
    "interestExpense": 3391000,
    "depreciationAndAmortization": 26719000,
    "ebitda": 205016000,
    "ebitdaratio": 0.0652365388,
    "operatingIncome": 175148000,
    "operatingIncomeRatio": 0.055732476,
    "totalOtherIncomeExpensesNet": -242000,
    "incomeBeforeTax": 174906000,
    "incomeBeforeTaxRatio": 0.055655471,
    "incomeTaxExpense": 58425000,
    "netIncome": 110811000,
    "netIncomeRatio": 0.0352603021,
    "eps": 0.85,
    "epsdiluted": 0.84,
    "weightedAverageShsOut": 129896000,
    "weightedAverageShsOutDil": 132013000,
    "link": "https://www.sec.gov/Archives/edgar/data/52988/000005298813000140/0000052988-13-000140-index.htm",
    "finalLink": "https://www.sec.gov/Archives/edgar/data/52988/000005298813000140/fiscal2013form10-k.htm"
  },
  {
    "date": "2013-06-28",
    "symbol": "J",
    "reportedCurrency": "USD",
    "cik": "0000052988",
    "fillingDate": "2013-08-01",
    "acceptedDate": "2013-08-01 15:40:58",
    "calendarYear": "2013",
    "period": "Q3",
    "revenue": 3080995000,
    "costOfRevenue": 2613991000,
    "grossProfit": 467004000,
    "grossProfitRatio": 0.1515757085,
    "researchAndDevelopmentExpenses": 0,
    "generalAndAdministrativeExpenses": 0,
    "sellingAndMarketingExpenses": 0,
    "sellingGeneralAndAdministrativeExpenses": 298645000,
    "otherExpenses": 1518000,
    "operatingExpenses": 298645000,
    "costAndExpenses": 2912636000,
    "interestIncome": 1332000,
    "interestExpense": 2786000,
    "depreciationAndAmortization": 24383000,
    "ebitda": 195592000,
    "ebitdaratio": 0.0634833877,
    "operatingIncome": 168359000,
    "operatingIncomeRatio": 0.05464436,
    "totalOtherIncomeExpensesNet": 64000,
    "incomeBeforeTax": 168423000,
    "incomeBeforeTaxRatio": 0.0546651325,
    "incomeTaxExpense": 56334000,
    "netIncome": 108871000,
    "netIncomeRatio": 0.0353363118,
    "eps": 0.84,
    "epsdiluted": 0.83,
    "weightedAverageShsOut": 129536000,
    "weightedAverageShsOutDil": 131295000,
    "link": "https://www.sec.gov/Archives/edgar/data/52988/000005298813000113/0000052988-13-000113-index.htm",
    "finalLink": "https://www.sec.gov/Archives/edgar/data/52988/000005298813000113/jec-6282013x10q.htm"
  },
  {
    "date": "2013-03-29",
    "symbol": "J",
    "reportedCurrency": "USD",
    "cik": "0000052988",
    "fillingDate": "2013-05-01",
    "acceptedDate": "2013-05-01 16:28:14",
    "calendarYear": "2013",
    "period": "Q2",
    "revenue": 2835084000,
    "costOfRevenue": 2370183000,
    "grossProfit": 464901000,
    "grossProfitRatio": 0.1639813847,
    "researchAndDevelopmentExpenses": 0,
    "generalAndAdministrativeExpenses": 0,
    "sellingAndMarketingExpenses": 0,
    "sellingGeneralAndAdministrativeExpenses": 299698000,
    "otherExpenses": -1359000,
    "operatingExpenses": 299698000,
    "costAndExpenses": 2669881000,
    "interestIncome": 1099000,
    "interestExpense": 3035000,
    "depreciationAndAmortization": 23297000,
    "ebitda": 188240000,
    "ebitdaratio": 0.0663966218,
    "operatingIncome": 165203000,
    "operatingIncomeRatio": 0.0582709366,
    "totalOtherIncomeExpensesNet": -3295000,
    "incomeBeforeTax": 161908000,
    "incomeBeforeTaxRatio": 0.0571087135,
    "incomeTaxExpense": 54819000,
    "netIncome": 104401000,
    "netIncomeRatio": 0.0368246585,
    "eps": 0.81,
    "epsdiluted": 0.8,
    "weightedAverageShsOut": 129096000,
    "weightedAverageShsOutDil": 130730000,
    "link": "https://www.sec.gov/Archives/edgar/data/52988/000005298813000082/0000052988-13-000082-index.htm",
    "finalLink": "https://www.sec.gov/Archives/edgar/data/52988/000005298813000082/jec-3292013x10q.htm"
  },
  {
    "date": "2012-12-28",
    "symbol": "J",
    "reportedCurrency": "USD",
    "cik": "0000052988",
    "fillingDate": "2013-01-24",
    "acceptedDate": "2013-01-24 14:34:26",
    "calendarYear": "2013",
    "period": "Q1",
    "revenue": 2759641000,
    "costOfRevenue": 2323918000,
    "grossProfit": 435723000,
    "grossProfitRatio": 0.1578911895,
    "researchAndDevelopmentExpenses": 0,
    "generalAndAdministrativeExpenses": 0,
    "sellingAndMarketingExpenses": 0,
    "sellingGeneralAndAdministrativeExpenses": 275454000,
    "otherExpenses": -1354000,
    "operatingExpenses": 275454000,
    "costAndExpenses": 2599372000,
    "interestIncome": 1090000,
    "interestExpense": 3694000,
    "depreciationAndAmortization": 24475000,
    "ebitda": 184480000,
    "ebitdaratio": 0.066849275,
    "operatingIncome": 160269000,
    "operatingIncomeRatio": 0.0580760324,
    "totalOtherIncomeExpensesNet": -3958000,
    "incomeBeforeTax": 156311000,
    "incomeBeforeTaxRatio": 0.0566417878,
    "incomeTaxExpense": 51788000,
    "netIncome": 99010000,
    "netIncomeRatio": 0.0358778551,
    "eps": 0.77,
    "epsdiluted": 0.76,
    "weightedAverageShsOut": 128644000,
    "weightedAverageShsOutDil": 129669000,
    "link": "https://www.sec.gov/Archives/edgar/data/52988/000005298813000006/0000052988-13-000006-index.htm",
    "finalLink": "https://www.sec.gov/Archives/edgar/data/52988/000005298813000006/jec-12282012x10q.htm"
  },
  {
    "date": "2012-09-28",
    "symbol": "J",
    "reportedCurrency": "USD",
    "cik": "0000052988",
    "fillingDate": "2012-11-20",
    "acceptedDate": "2012-11-20 17:04:40",
    "calendarYear": "2012",
    "period": "Q4",
    "revenue": 2786285000,
    "costOfRevenue": 2339623000,
    "grossProfit": 446662000,
    "grossProfitRatio": 0.1603073627,
    "researchAndDevelopmentExpenses": 0,
    "generalAndAdministrativeExpenses": 0,
    "sellingAndMarketingExpenses": 0,
    "sellingGeneralAndAdministrativeExpenses": 279045000,
    "otherExpenses": 0,
    "operatingExpenses": 279045000,
    "costAndExpenses": 2618668000,
    "interestIncome": 766000,
    "interestExpense": 2538000,
    "depreciationAndAmortization": 25643000,
    "ebitda": 198277000,
    "ebitdaratio": 0.0711617799,
    "operatingIncome": 167617000,
    "operatingIncomeRatio": 0.0601578805,
    "totalOtherIncomeExpensesNet": -3321000,
    "incomeBeforeTax": 170096000,
    "incomeBeforeTaxRatio": 0.0610475956,
    "incomeTaxExpense": 59014000,
    "netIncome": 107411000,
    "netIncomeRatio": 0.0385498971,
    "eps": 0.84,
    "epsdiluted": 0.83,
    "weightedAverageShsOut": 128338000,
    "weightedAverageShsOutDil": 129252000,
    "link": "https://www.sec.gov/Archives/edgar/data/52988/000005298812000086/0000052988-12-000086-index.htm",
    "finalLink": "https://www.sec.gov/Archives/edgar/data/52988/000005298812000086/jec-9282012x10k.htm"
  },
  {
    "date": "2012-06-29",
    "symbol": "J",
    "reportedCurrency": "USD",
    "cik": "0000052988",
    "fillingDate": "2012-08-02",
    "acceptedDate": "2012-08-02 14:12:33",
    "calendarYear": "2012",
    "period": "Q3",
    "revenue": 2772874000,
    "costOfRevenue": 2339793000,
    "grossProfit": 433081000,
    "grossProfitRatio": 0.1561848825,
    "researchAndDevelopmentExpenses": 0,
    "generalAndAdministrativeExpenses": 0,
    "sellingAndMarketingExpenses": 0,
    "sellingGeneralAndAdministrativeExpenses": 279715000,
    "otherExpenses": 0,
    "operatingExpenses": 279715000,
    "costAndExpenses": 2619508000,
    "interestIncome": 2325000,
    "interestExpense": 2990000,
    "depreciationAndAmortization": 24673000,
    "ebitda": 179034000,
    "ebitdaratio": 0.0645662226,
    "operatingIncome": 153366000,
    "operatingIncomeRatio": 0.055309401,
    "totalOtherIncomeExpensesNet": -1995000,
    "incomeBeforeTax": 151371000,
    "incomeBeforeTaxRatio": 0.0545899309,
    "incomeTaxExpense": 50381000,
    "netIncome": 97900000,
    "netIncomeRatio": 0.0353063284,
    "eps": 0.77,
    "epsdiluted": 0.76,
    "weightedAverageShsOut": 127922000,
    "weightedAverageShsOutDil": 128820000,
    "link": "https://www.sec.gov/Archives/edgar/data/52988/000005298812000065/0000052988-12-000065-index.htm",
    "finalLink": "https://www.sec.gov/Archives/edgar/data/52988/000005298812000065/jec-6292012x10q.htm"
  },
  {
    "date": "2012-03-30",
    "symbol": "J",
    "reportedCurrency": "USD",
    "cik": "0000052988",
    "fillingDate": "2012-05-02",
    "acceptedDate": "2012-05-01 20:23:19",
    "calendarYear": "2012",
    "period": "Q2",
    "revenue": 2702851000,
    "costOfRevenue": 2276647000,
    "grossProfit": 426204000,
    "grossProfitRatio": 0.1576868277,
    "researchAndDevelopmentExpenses": 0,
    "generalAndAdministrativeExpenses": 0,
    "sellingAndMarketingExpenses": 0,
    "sellingGeneralAndAdministrativeExpenses": 293066000,
    "otherExpenses": 0,
    "operatingExpenses": 293066000,
    "costAndExpenses": 2569713000,
    "interestIncome": 1563000,
    "interestExpense": 2496000,
    "depreciationAndAmortization": 25272000,
    "ebitda": 160083000,
    "ebitdaratio": 0.0592274602,
    "operatingIncome": 133138000,
    "operatingIncomeRatio": 0.0492583572,
    "totalOtherIncomeExpensesNet": -823000,
    "incomeBeforeTax": 132315000,
    "incomeBeforeTaxRatio": 0.0489538639,
    "incomeTaxExpense": 44869000,
    "netIncome": 83933000,
    "netIncomeRatio": 0.0310535061,
    "eps": 0.66,
    "epsdiluted": 0.65,
    "weightedAverageShsOut": 127412000,
    "weightedAverageShsOutDil": 128726000,
    "link": "https://www.sec.gov/Archives/edgar/data/52988/000005298812000028/0000052988-12-000028-index.htm",
    "finalLink": "https://www.sec.gov/Archives/edgar/data/52988/000005298812000028/jec-3302012x10q.htm"
  },
  {
    "date": "2011-12-30",
    "symbol": "J",
    "reportedCurrency": "USD",
    "cik": "0000052988",
    "fillingDate": "2012-01-27",
    "acceptedDate": "2012-01-27 14:35:23",
    "calendarYear": "2012",
    "period": "Q1",
    "revenue": 2631768000,
    "costOfRevenue": 2210726000,
    "grossProfit": 421042000,
    "grossProfitRatio": 0.1599844667,
    "researchAndDevelopmentExpenses": 0,
    "generalAndAdministrativeExpenses": 0,
    "sellingAndMarketingExpenses": 0,
    "sellingGeneralAndAdministrativeExpenses": 279090000,
    "otherExpenses": 0,
    "operatingExpenses": 279090000,
    "costAndExpenses": 2489816000,
    "interestIncome": 1395000,
    "interestExpense": 3662000,
    "depreciationAndAmortization": 25236000,
    "ebitda": 168452000,
    "ebitdaratio": 0.0640071617,
    "operatingIncome": 141952000,
    "operatingIncomeRatio": 0.0539378851,
    "totalOtherIncomeExpensesNet": -2398000,
    "incomeBeforeTax": 139554000,
    "incomeBeforeTaxRatio": 0.0530267106,
    "incomeTaxExpense": 48118000,
    "netIncome": 89710000,
    "netIncomeRatio": 0.0340873512,
    "eps": 0.71,
    "epsdiluted": 0.7,
    "weightedAverageShsOut": 126921000,
    "weightedAverageShsOutDil": 128087000,
    "link": "https://www.sec.gov/Archives/edgar/data/52988/000005298812000005/0000052988-12-000005-index.htm",
    "finalLink": "https://www.sec.gov/Archives/edgar/data/52988/000005298812000005/jec-12302011x10q.htm"
  },
  {
    "date": "2011-09-30",
    "symbol": "J",
    "reportedCurrency": "USD",
    "cik": "0000052988",
    "fillingDate": "2011-11-21",
    "acceptedDate": "2011-11-21 17:26:43",
    "calendarYear": "2011",
    "period": "Q4",
    "revenue": 2723295000,
    "costOfRevenue": 2296733000,
    "grossProfit": 426562000,
    "grossProfitRatio": 0.1566345181,
    "researchAndDevelopmentExpenses": 0,
    "generalAndAdministrativeExpenses": 0,
    "sellingAndMarketingExpenses": 0,
    "sellingGeneralAndAdministrativeExpenses": 278658000,
    "otherExpenses": 0,
    "operatingExpenses": 278658000,
    "costAndExpenses": 2575391000,
    "interestIncome": 1527000,
    "interestExpense": 2684000,
    "depreciationAndAmortization": 26227000,
    "ebitda": 174067000,
    "ebitdaratio": 0.0639177908,
    "operatingIncome": 147904000,
    "operatingIncomeRatio": 0.0543106788,
    "totalOtherIncomeExpensesNet": -2748000,
    "incomeBeforeTax": 145156000,
    "incomeBeforeTaxRatio": 0.0533016071,
    "incomeTaxExpense": 49909000,
    "netIncome": 94280000,
    "netIncomeRatio": 0.0346198264,
    "eps": 0.75,
    "epsdiluted": 0.74,
    "weightedAverageShsOut": 126463000,
    "weightedAverageShsOutDil": 127537000,
    "link": "https://www.sec.gov/Archives/edgar/data/52988/000119312511318681/0001193125-11-318681-index.htm",
    "finalLink": "https://www.sec.gov/Archives/edgar/data/52988/000119312511318681/d219614d10k.htm"
  },
  {
    "date": "2011-07-01",
    "symbol": "J",
    "reportedCurrency": "USD",
    "cik": "0000052988",
    "fillingDate": "2011-07-29",
    "acceptedDate": "2011-07-29 13:50:39",
    "calendarYear": "2011",
    "period": "Q3",
    "revenue": 2744178000,
    "costOfRevenue": 2331466000,
    "grossProfit": 412712000,
    "grossProfitRatio": 0.1503954918,
    "researchAndDevelopmentExpenses": 0,
    "generalAndAdministrativeExpenses": 0,
    "sellingAndMarketingExpenses": 0,
    "sellingGeneralAndAdministrativeExpenses": 273332000,
    "otherExpenses": 0,
    "operatingExpenses": 273332000,
    "costAndExpenses": 2604798000,
    "interestIncome": 1317000,
    "interestExpense": 2568000,
    "depreciationAndAmortization": 25176000,
    "ebitda": 169045000,
    "ebitdaratio": 0.0616013247,
    "operatingIncome": 139380000,
    "operatingIncomeRatio": 0.0507911659,
    "totalOtherIncomeExpensesNet": 1921000,
    "incomeBeforeTax": 141301000,
    "incomeBeforeTaxRatio": 0.0514911934,
    "incomeTaxExpense": 49365000,
    "netIncome": 90676000,
    "netIncomeRatio": 0.033043046,
    "eps": 0.72,
    "epsdiluted": 0.71,
    "weightedAverageShsOut": 125903000,
    "weightedAverageShsOutDil": 127578000,
    "link": "https://www.sec.gov/Archives/edgar/data/52988/000119312511202483/0001193125-11-202483-index.htm",
    "finalLink": "https://www.sec.gov/Archives/edgar/data/52988/000119312511202483/d10q.htm"
  },
  {
    "date": "2011-04-01",
    "symbol": "J",
    "reportedCurrency": "USD",
    "cik": "0000052988",
    "fillingDate": "2011-04-29",
    "acceptedDate": "2011-04-29 13:52:06",
    "calendarYear": "2011",
    "period": "Q2",
    "revenue": 2558016000,
    "costOfRevenue": 2168835000,
    "grossProfit": 389181000,
    "grossProfitRatio": 0.152141738,
    "researchAndDevelopmentExpenses": 0,
    "generalAndAdministrativeExpenses": 0,
    "sellingAndMarketingExpenses": 0,
    "sellingGeneralAndAdministrativeExpenses": 261166000,
    "otherExpenses": 0,
    "operatingExpenses": 261166000,
    "costAndExpenses": 2430001000,
    "interestIncome": 1149000,
    "interestExpense": 2720000,
    "depreciationAndAmortization": 23734000,
    "ebitda": 152935000,
    "ebitdaratio": 0.059786569,
    "operatingIncome": 128015000,
    "operatingIncomeRatio": 0.050044644,
    "totalOtherIncomeExpensesNet": -1534000,
    "incomeBeforeTax": 126481000,
    "incomeBeforeTaxRatio": 0.0494449605,
    "incomeTaxExpense": 45140000,
    "netIncome": 80250000,
    "netIncomeRatio": 0.0313719695,
    "eps": 0.64,
    "epsdiluted": 0.63,
    "weightedAverageShsOut": 125402000,
    "weightedAverageShsOutDil": 127363000,
    "link": "https://www.sec.gov/Archives/edgar/data/52988/000119312511118033/0001193125-11-118033-index.htm",
    "finalLink": "https://www.sec.gov/Archives/edgar/data/52988/000119312511118033/d10q.htm"
  },
  {
    "date": "2010-12-31",
    "symbol": "J",
    "reportedCurrency": "USD",
    "cik": "0000052988",
    "fillingDate": "2011-01-26",
    "acceptedDate": "2011-01-26 17:19:14",
    "calendarYear": "2011",
    "period": "Q1",
    "revenue": 2356175,
    "costOfRevenue": 2025137,
    "grossProfit": 331038,
    "grossProfitRatio": 0.140498053,
    "researchAndDevelopmentExpenses": 0,
    "generalAndAdministrativeExpenses": 0,
    "sellingAndMarketingExpenses": 0,
    "sellingGeneralAndAdministrativeExpenses": 227419,
    "otherExpenses": 0,
    "operatingExpenses": 227419,
    "costAndExpenses": 2252556,
    "interestIncome": 924,
    "interestExpense": 827,
    "depreciationAndAmortization": 20233000,
    "ebitda": 124783000,
    "ebitdaratio": 52.9599881163,
    "operatingIncome": 103619,
    "operatingIncomeRatio": 0.0439776332,
    "totalOtherIncomeExpensesNet": 104000,
    "incomeBeforeTax": 103723,
    "incomeBeforeTaxRatio": 0.0440217726,
    "incomeTaxExpense": 37026,
    "netIncome": 65823,
    "netIncomeRatio": 0.0279363799,
    "eps": 0.53,
    "epsdiluted": 0.52,
    "weightedAverageShsOut": 124988000,
    "weightedAverageShsOutDil": 126640000,
    "link": "https://www.sec.gov/Archives/edgar/data/52988/000119312511014932/0001193125-11-014932-index.htm",
    "finalLink": "https://www.sec.gov/Archives/edgar/data/52988/000119312511014932/d10q.htm"
  },
  {
    "date": "2010-10-01",
    "symbol": "J",
    "reportedCurrency": "USD",
    "cik": "0000052988",
    "fillingDate": "2010-11-23",
    "acceptedDate": "2010-11-23 14:30:57",
    "calendarYear": "2010",
    "period": "Q4",
    "revenue": 2343033000,
    "costOfRevenue": 1995006000,
    "grossProfit": 348027000,
    "grossProfitRatio": 0.1485369604,
    "researchAndDevelopmentExpenses": 0,
    "generalAndAdministrativeExpenses": 0,
    "sellingAndMarketingExpenses": 0,
    "sellingGeneralAndAdministrativeExpenses": 228512000,
    "otherExpenses": 0,
    "operatingExpenses": 228512000,
    "costAndExpenses": 2223518000,
    "interestIncome": 1183000,
    "interestExpense": 383000,
    "depreciationAndAmortization": 22781000,
    "ebitda": 143551000,
    "ebitdaratio": 0.0612671695,
    "operatingIncome": 120698000,
    "operatingIncomeRatio": 0.0515135724,
    "totalOtherIncomeExpensesNet": 872000,
    "incomeBeforeTax": 120387000,
    "incomeBeforeTaxRatio": 0.0513808384,
    "incomeTaxExpense": 43308000,
    "netIncome": 76994000,
    "netIncomeRatio": 0.0328608261,
    "eps": 0.62,
    "epsdiluted": 0.61,
    "weightedAverageShsOut": 124656000,
    "weightedAverageShsOutDil": 126315000,
    "link": "https://www.sec.gov/Archives/edgar/data/52988/000119312510267422/0001193125-10-267422-index.htm",
    "finalLink": "https://www.sec.gov/Archives/edgar/data/52988/000119312510267422/d10k.htm"
  },
  {
    "date": "2010-07-02",
    "symbol": "J",
    "reportedCurrency": "USD",
    "cik": "0000052988",
    "fillingDate": "2010-07-30",
    "acceptedDate": "2010-07-30 15:18:10",
    "calendarYear": "2010",
    "period": "Q3",
    "revenue": 2507725000,
    "costOfRevenue": 2235537000,
    "grossProfit": 272188000,
    "grossProfitRatio": 0.108539812,
    "researchAndDevelopmentExpenses": 0,
    "generalAndAdministrativeExpenses": 0,
    "sellingAndMarketingExpenses": 0,
    "sellingGeneralAndAdministrativeExpenses": 227105000,
    "otherExpenses": 0,
    "operatingExpenses": 227105000,
    "costAndExpenses": 2462642000,
    "interestIncome": 1974000,
    "interestExpense": 8174000,
    "depreciationAndAmortization": 20873000,
    "ebitda": 66286000,
    "ebitdaratio": 0.0264327229,
    "operatingIncome": 45083000,
    "operatingIncomeRatio": 0.0179776491,
    "totalOtherIncomeExpensesNet": -7844000,
    "incomeBeforeTax": 37239000,
    "incomeBeforeTaxRatio": 0.0148497144,
    "incomeTaxExpense": 17999000,
    "netIncome": 19043000,
    "netIncomeRatio": 0.0075937354,
    "eps": 0.15,
    "epsdiluted": 0.15,
    "weightedAverageShsOut": 124328000,
    "weightedAverageShsOutDil": 125967000,
    "link": "https://www.sec.gov/Archives/edgar/data/52988/000119312510172144/0001193125-10-172144-index.htm",
    "finalLink": "https://www.sec.gov/Archives/edgar/data/52988/000119312510172144/d10q.htm"
  },
  {
    "date": "2010-04-02",
    "symbol": "J",
    "reportedCurrency": "USD",
    "cik": "0000052988",
    "fillingDate": "2010-04-29",
    "acceptedDate": "2010-04-29 16:16:56",
    "calendarYear": "2010",
    "period": "Q2",
    "revenue": 2586974000,
    "costOfRevenue": 2223793000,
    "grossProfit": 363181000,
    "grossProfitRatio": 0.1403883456,
    "researchAndDevelopmentExpenses": 0,
    "generalAndAdministrativeExpenses": 0,
    "sellingAndMarketingExpenses": 0,
    "sellingGeneralAndAdministrativeExpenses": 241177000,
    "otherExpenses": -935000,
    "operatingExpenses": 241177000,
    "costAndExpenses": 2464970000,
    "interestIncome": 796000,
    "interestExpense": 705000,
    "depreciationAndAmortization": 22062000,
    "ebitda": 143927000,
    "ebitdaratio": 0.0556352712,
    "operatingIncome": 122004000,
    "operatingIncomeRatio": 0.0471608915,
    "totalOtherIncomeExpensesNet": -844000,
    "incomeBeforeTax": 121160000,
    "incomeBeforeTaxRatio": 0.0468346416,
    "incomeTaxExpense": 43593000,
    "netIncome": 77500000,
    "netIncomeRatio": 0.0299577808,
    "eps": 0.63,
    "epsdiluted": 0.62,
    "weightedAverageShsOut": 123911000,
    "weightedAverageShsOutDil": 125565000,
    "link": "https://www.sec.gov/Archives/edgar/data/52988/000119312510099363/0001193125-10-099363-index.htm",
    "finalLink": "https://www.sec.gov/Archives/edgar/data/52988/000119312510099363/d10q.htm"
  },
  {
    "date": "2010-01-01",
    "symbol": "J",
    "reportedCurrency": "USD",
    "cik": "0000052988",
    "fillingDate": "2010-01-28",
    "acceptedDate": "2010-01-28 15:47:23",
    "calendarYear": "2010",
    "period": "Q1",
    "revenue": 2477785000,
    "costOfRevenue": 2128576000,
    "grossProfit": 349209000,
    "grossProfitRatio": 0.1409359569,
    "researchAndDevelopmentExpenses": 0,
    "generalAndAdministrativeExpenses": 0,
    "sellingAndMarketingExpenses": 0,
    "sellingGeneralAndAdministrativeExpenses": 235728000,
    "otherExpenses": -559000,
    "operatingExpenses": 235728000,
    "costAndExpenses": 2364304000,
    "interestIncome": 838000,
    "interestExpense": 612000,
    "depreciationAndAmortization": 22779000,
    "ebitda": 136539000,
    "ebitdaratio": 0.0551052654,
    "operatingIncome": 113481000,
    "operatingIncomeRatio": 0.0457993732,
    "totalOtherIncomeExpensesNet": -333000,
    "incomeBeforeTax": 113148000,
    "incomeBeforeTaxRatio": 0.045664979,
    "incomeTaxExpense": 40747000,
    "netIncome": 72437000,
    "netIncomeRatio": 0.0292345785,
    "eps": 0.59,
    "epsdiluted": 0.58,
    "weightedAverageShsOut": 123622000,
    "weightedAverageShsOutDil": 125302000,
    "link": "https://www.sec.gov/Archives/edgar/data/52988/000119312510015547/0001193125-10-015547-index.htm",
    "finalLink": "https://www.sec.gov/Archives/edgar/data/52988/000119312510015547/d10q.htm"
  },
  {
    "date": "2009-10-02",
    "symbol": "J",
    "reportedCurrency": "USD",
    "cik": "0000052988",
    "fillingDate": "2009-11-20",
    "acceptedDate": "2009-11-20 15:16:24",
    "calendarYear": "2009",
    "period": "Q4",
    "revenue": 2552547000,
    "costOfRevenue": 2204570000,
    "grossProfit": 347977000,
    "grossProfitRatio": 0.1363254036,
    "researchAndDevelopmentExpenses": 0,
    "generalAndAdministrativeExpenses": 0,
    "sellingAndMarketingExpenses": 0,
    "sellingGeneralAndAdministrativeExpenses": 225834000,
    "otherExpenses": 0,
    "operatingExpenses": 225834000,
    "costAndExpenses": 2430404000,
    "interestIncome": 3489000,
    "interestExpense": 488000,
    "depreciationAndAmortization": 29699000,
    "ebitda": 154120000,
    "ebitdaratio": 0.0603789078,
    "operatingIncome": 125632000,
    "operatingIncomeRatio": 0.0492182906,
    "totalOtherIncomeExpensesNet": -1699000,
    "incomeBeforeTax": 123933000,
    "incomeBeforeTaxRatio": 0.0485526809,
    "incomeTaxExpense": 44616000,
    "netIncome": 79317000,
    "netIncomeRatio": 0.0310736688,
    "eps": 0.65,
    "epsdiluted": 0.63,
    "weightedAverageShsOut": 123309000,
    "weightedAverageShsOutDil": 125059000,
    "link": "https://www.sec.gov/Archives/edgar/data/52988/000119312509239188/0001193125-09-239188-index.htm",
    "finalLink": "https://www.sec.gov/Archives/edgar/data/52988/000119312509239188/d10k.htm"
  },
  {
    "date": "2009-06-30",
    "symbol": "J",
    "reportedCurrency": "USD",
    "cik": "0000052988",
    "fillingDate": "2009-07-30",
    "acceptedDate": "2009-07-29 20:34:13",
    "calendarYear": "2009",
    "period": "Q3",
    "revenue": 2706724000,
    "costOfRevenue": 2334861000,
    "grossProfit": 371863000,
    "grossProfitRatio": 0.1373848978,
    "researchAndDevelopmentExpenses": 0,
    "generalAndAdministrativeExpenses": 0,
    "sellingAndMarketingExpenses": 0,
    "sellingGeneralAndAdministrativeExpenses": 225189000,
    "otherExpenses": -456000,
    "operatingExpenses": 225189000,
    "costAndExpenses": 2560050000,
    "interestIncome": 2465000,
    "interestExpense": 402000,
    "depreciationAndAmortization": 19239000,
    "ebitda": 167708000,
    "ebitdaratio": 0.0619597713,
    "operatingIncome": 146674000,
    "operatingIncomeRatio": 0.0541887536,
    "totalOtherIncomeExpensesNet": 1607000,
    "incomeBeforeTax": 148281000,
    "incomeBeforeTaxRatio": 0.0547824603,
    "incomeTaxExpense": 53381000,
    "netIncome": 94900000,
    "netIncomeRatio": 0.0350608337,
    "eps": 0.77,
    "epsdiluted": 0.76,
    "weightedAverageShsOut": 122953000,
    "weightedAverageShsOutDil": 124748000,
    "link": "https://www.sec.gov/Archives/edgar/data/52988/000119312509158470/0001193125-09-158470-index.htm",
    "finalLink": "https://www.sec.gov/Archives/edgar/data/52988/000119312509158470/d10q.htm"
  },
  {
    "date": "2009-03-31",
    "symbol": "J",
    "reportedCurrency": "USD",
    "cik": "0000052988",
    "fillingDate": "2009-04-29",
    "acceptedDate": "2009-04-29 17:15:26",
    "calendarYear": "2009",
    "period": "Q2",
    "revenue": 2975452000,
    "costOfRevenue": 2571828000,
    "grossProfit": 403624000,
    "grossProfitRatio": 0.1356513229,
    "researchAndDevelopmentExpenses": 0,
    "generalAndAdministrativeExpenses": 0,
    "sellingAndMarketingExpenses": 0,
    "sellingGeneralAndAdministrativeExpenses": 232936000,
    "otherExpenses": 0,
    "operatingExpenses": 232936000,
    "costAndExpenses": 2804764000,
    "interestIncome": 2589000,
    "interestExpense": 797000,
    "depreciationAndAmortization": 18605000,
    "ebitda": 190029000,
    "ebitdaratio": 0.0638655908,
    "operatingIncome": 173277000,
    "operatingIncomeRatio": 0.0582355219,
    "totalOtherIncomeExpensesNet": -61000,
    "incomeBeforeTax": 170744000,
    "incomeBeforeTaxRatio": 0.0573842226,
    "incomeTaxExpense": 61457000,
    "netIncome": 109287000,
    "netIncomeRatio": 0.0367295456,
    "eps": 0.89,
    "epsdiluted": 0.88,
    "weightedAverageShsOut": 122605000,
    "weightedAverageShsOutDil": 124358000,
    "link": "https://www.sec.gov/Archives/edgar/data/52988/000119312509092214/0001193125-09-092214-index.htm",
    "finalLink": "https://www.sec.gov/Archives/edgar/data/52988/000119312509092214/d10q.htm"
  },
  {
    "date": "2008-12-31",
    "symbol": "J",
    "reportedCurrency": "USD",
    "cik": "0000052988",
    "fillingDate": "2009-01-28",
    "acceptedDate": "2009-01-28 17:29:20",
    "calendarYear": "2009",
    "period": "Q1",
    "revenue": 3232653000,
    "costOfRevenue": 2795234000,
    "grossProfit": 437419000,
    "grossProfitRatio": 0.1353126983,
    "researchAndDevelopmentExpenses": 0,
    "generalAndAdministrativeExpenses": 0,
    "sellingAndMarketingExpenses": 0,
    "sellingGeneralAndAdministrativeExpenses": 256351000,
    "otherExpenses": 0,
    "operatingExpenses": 256351000,
    "costAndExpenses": 3051585000,
    "interestIncome": 4602000,
    "interestExpense": 1229000,
    "depreciationAndAmortization": 18799000,
    "ebitda": 201609000,
    "ebitdaratio": 0.0623664216,
    "operatingIncome": 183694000,
    "operatingIncomeRatio": 0.0568245339,
    "totalOtherIncomeExpensesNet": -2113000,
    "incomeBeforeTax": 181815000,
    "incomeBeforeTaxRatio": 0.0562432776,
    "incomeTaxExpense": 65465000,
    "netIncome": 116350000,
    "netIncomeRatio": 0.0359921093,
    "eps": 0.95,
    "epsdiluted": 0.94,
    "weightedAverageShsOut": 122217000,
    "weightedAverageShsOutDil": 123977000,
    "link": "https://www.sec.gov/Archives/edgar/data/52988/000119312509013249/0001193125-09-013249-index.htm",
    "finalLink": "https://www.sec.gov/Archives/edgar/data/52988/000119312509013249/d10q.htm"
  },
  {
    "date": "2008-09-30",
    "symbol": "J",
    "reportedCurrency": "USD",
    "cik": "0000052988",
    "fillingDate": "2008-11-26",
    "acceptedDate": "2008-11-26 16:33:10",
    "calendarYear": "2008",
    "period": "Q4",
    "revenue": 3196621000,
    "costOfRevenue": 2736343000,
    "grossProfit": 460278000,
    "grossProfitRatio": 0.1439889183,
    "researchAndDevelopmentExpenses": 0,
    "generalAndAdministrativeExpenses": 0,
    "sellingAndMarketingExpenses": 0,
    "sellingGeneralAndAdministrativeExpenses": 281498000,
    "otherExpenses": 0,
    "operatingExpenses": 281498000,
    "costAndExpenses": 3017841000,
    "interestIncome": 0,
    "interestExpense": 0,
    "depreciationAndAmortization": 19601000,
    "ebitda": 201089000,
    "ebitdaratio": 0.0629067381,
    "operatingIncome": 181488000,
    "operatingIncomeRatio": 0.0567749508,
    "totalOtherIncomeExpensesNet": -55000,
    "incomeBeforeTax": 178725000,
    "incomeBeforeTaxRatio": 0.0559106006,
    "incomeTaxExpense": 64342000,
    "netIncome": 114383000,
    "netIncomeRatio": 0.0357824716,
    "eps": 0.93,
    "epsdiluted": 0.92,
    "weightedAverageShsOut": 122506187,
    "weightedAverageShsOutDil": 125007527,
    "link": "https://www.sec.gov/Archives/edgar/data/52988/000119312508244600/0001193125-08-244600-index.htm",
    "finalLink": "https://www.sec.gov/Archives/edgar/data/52988/000119312508244600/d10k.htm"
  },
  {
    "date": "2008-06-30",
    "symbol": "J",
    "reportedCurrency": "USD",
    "cik": "0000052988",
    "fillingDate": "2008-07-25",
    "acceptedDate": "2008-07-25 14:31:04",
    "calendarYear": "2008",
    "period": "Q3",
    "revenue": 2918927000,
    "costOfRevenue": 2467283000,
    "grossProfit": 451644000,
    "grossProfitRatio": 0.1547294605,
    "researchAndDevelopmentExpenses": 0,
    "generalAndAdministrativeExpenses": 0,
    "sellingAndMarketingExpenses": 0,
    "sellingGeneralAndAdministrativeExpenses": 282773000,
    "otherExpenses": 0,
    "operatingExpenses": 282773000,
    "costAndExpenses": 2750056000,
    "interestIncome": 3359000,
    "interestExpense": 987000,
    "depreciationAndAmortization": 19420000,
    "ebitda": 190214000,
    "ebitdaratio": 0.065165727,
    "operatingIncome": 170307000,
    "operatingIncomeRatio": 0.0583457551,
    "totalOtherIncomeExpensesNet": 936000,
    "incomeBeforeTax": 169807000,
    "incomeBeforeTaxRatio": 0.0581744593,
    "incomeTaxExpense": 61130000,
    "netIncome": 108677000,
    "netIncomeRatio": 0.0372318321,
    "eps": 0.89,
    "epsdiluted": 0.87,
    "weightedAverageShsOut": 121474000,
    "weightedAverageShsOutDil": 124624000,
    "link": "https://www.sec.gov/Archives/edgar/data/52988/000119312508157955/0001193125-08-157955-index.htm",
    "finalLink": "https://www.sec.gov/Archives/edgar/data/52988/000119312508157955/d10q.htm"
  },
  {
    "date": "2008-03-31",
    "symbol": "J",
    "reportedCurrency": "USD",
    "cik": "0000052988",
    "fillingDate": "2008-04-25",
    "acceptedDate": "2008-04-25 14:25:24",
    "calendarYear": "2008",
    "period": "Q2",
    "revenue": 2664794000,
    "costOfRevenue": 2230200000,
    "grossProfit": 434594000,
    "grossProfitRatio": 0.163087278,
    "researchAndDevelopmentExpenses": 0,
    "generalAndAdministrativeExpenses": 0,
    "sellingAndMarketingExpenses": 0,
    "sellingGeneralAndAdministrativeExpenses": 280442000,
    "otherExpenses": 0,
    "operatingExpenses": 280442000,
    "costAndExpenses": 2510642000,
    "interestIncome": 3298000,
    "interestExpense": 569000,
    "depreciationAndAmortization": 17440000,
    "ebitda": 173183000,
    "ebitdaratio": 0.0649892637,
    "operatingIncome": 155859000,
    "operatingIncomeRatio": 0.0584881983,
    "totalOtherIncomeExpensesNet": 1022000,
    "incomeBeforeTax": 155174000,
    "incomeBeforeTaxRatio": 0.0582311428,
    "incomeTaxExpense": 55862000,
    "netIncome": 99312000,
    "netIncomeRatio": 0.0372681716,
    "eps": 0.82,
    "epsdiluted": 0.8,
    "weightedAverageShsOut": 120955000,
    "weightedAverageShsOutDil": 124280000,
    "link": "https://www.sec.gov/Archives/edgar/data/52988/000119312508090716/0001193125-08-090716-index.htm",
    "finalLink": "https://www.sec.gov/Archives/edgar/data/52988/000119312508090716/d10q.htm"
  },
  {
    "date": "2007-12-31",
    "symbol": "J",
    "reportedCurrency": "USD",
    "cik": "0000052988",
    "fillingDate": "2008-01-25",
    "acceptedDate": "2008-01-25 15:05:27",
    "calendarYear": "2008",
    "period": "Q1",
    "revenue": 2471817000,
    "costOfRevenue": 2083847000,
    "grossProfit": 387970000,
    "grossProfitRatio": 0.1569574123,
    "researchAndDevelopmentExpenses": 0,
    "generalAndAdministrativeExpenses": 0,
    "sellingAndMarketingExpenses": 0,
    "sellingGeneralAndAdministrativeExpenses": 246714000,
    "otherExpenses": 0,
    "operatingExpenses": 246714000,
    "costAndExpenses": 2330561000,
    "interestIncome": 0,
    "interestExpense": 0,
    "depreciationAndAmortization": 16665000,
    "ebitda": 148751000,
    "ebitdaratio": 0.0601788077,
    "operatingIncome": 132086000,
    "operatingIncomeRatio": 0.0534368038,
    "totalOtherIncomeExpensesNet": 21619000,
    "incomeBeforeTax": 153705000,
    "incomeBeforeTaxRatio": 0.0621830014,
    "incomeTaxExpense": 55335000,
    "netIncome": 98370000,
    "netIncomeRatio": 0.0397966354,
    "eps": 0.82,
    "epsdiluted": 0.79,
    "weightedAverageShsOut": 119963415,
    "weightedAverageShsOutDil": 124518987,
    "link": "https://www.sec.gov/Archives/edgar/data/52988/000119312508012270/0001193125-08-012270-index.htm",
    "finalLink": "https://www.sec.gov/Archives/edgar/data/52988/000119312508012270/d10q.htm"
  },
  {
    "date": "2007-09-30",
    "symbol": "J",
    "reportedCurrency": "USD",
    "cik": "0000052988",
    "fillingDate": "2007-11-29",
    "acceptedDate": "2007-11-28 19:49:10",
    "calendarYear": "2007",
    "period": "Q4",
    "revenue": 2280069000,
    "costOfRevenue": 1947610000,
    "grossProfit": 332459000,
    "grossProfitRatio": 0.1458109382,
    "researchAndDevelopmentExpenses": 0,
    "generalAndAdministrativeExpenses": 0,
    "sellingAndMarketingExpenses": 0,
    "sellingGeneralAndAdministrativeExpenses": 203070000,
    "otherExpenses": 0,
    "operatingExpenses": 203070000,
    "costAndExpenses": 2150680000,
    "interestIncome": 0,
    "interestExpense": 0,
    "depreciationAndAmortization": 14351000,
    "ebitda": 145459000,
    "ebitdaratio": 0.0637958764,
    "operatingIncome": 131108000,
    "operatingIncomeRatio": 0.0575017686,
    "totalOtherIncomeExpensesNet": -93000,
    "incomeBeforeTax": 131015000,
    "incomeBeforeTaxRatio": 0.0574609803,
    "incomeTaxExpense": 47123000,
    "netIncome": 83892000,
    "netIncomeRatio": 0.0367936234,
    "eps": 0.7,
    "epsdiluted": 0.68,
    "weightedAverageShsOut": 120110158,
    "weightedAverageShsOutDil": 123633711,
    "link": "https://www.sec.gov/Archives/edgar/data/52988/000119312507255216/0001193125-07-255216-index.htm",
    "finalLink": "https://www.sec.gov/Archives/edgar/data/52988/000119312507255216/d10k.htm"
  },
  {
    "date": "2007-06-30",
    "symbol": "J",
    "reportedCurrency": "USD",
    "cik": "0000052988",
    "fillingDate": "2007-07-26",
    "acceptedDate": "2007-07-26 16:14:16",
    "calendarYear": "2007",
    "period": "Q3",
    "revenue": 2083689000,
    "costOfRevenue": 1767073000,
    "grossProfit": 316616000,
    "grossProfitRatio": 0.1519497391,
    "researchAndDevelopmentExpenses": 0,
    "generalAndAdministrativeExpenses": 0,
    "sellingAndMarketingExpenses": 0,
    "sellingGeneralAndAdministrativeExpenses": 200912000,
    "otherExpenses": 0,
    "operatingExpenses": 200912000,
    "costAndExpenses": 1967985000,
    "interestIncome": 0,
    "interestExpense": 0,
    "depreciationAndAmortization": 14573000,
    "ebitda": 115704000,
    "ebitdaratio": 0.0555284402,
    "operatingIncome": 116960000,
    "operatingIncomeRatio": 0.0561312173,
    "totalOtherIncomeExpensesNet": -97000,
    "incomeBeforeTax": 116863000,
    "incomeBeforeTaxRatio": 0.0560846652,
    "incomeTaxExpense": 42113000,
    "netIncome": 74750000,
    "netIncomeRatio": 0.0358738756,
    "eps": 0.63,
    "epsdiluted": 0.61,
    "weightedAverageShsOut": 118650794,
    "weightedAverageShsOutDil": 122540984,
    "link": "https://www.sec.gov/Archives/edgar/data/52988/000119312507163022/0001193125-07-163022-index.htm",
    "finalLink": "https://www.sec.gov/Archives/edgar/data/52988/000119312507163022/d10q.htm"
  },
  {
    "date": "2007-03-31",
    "symbol": "J",
    "reportedCurrency": "USD",
    "cik": "0000052988",
    "fillingDate": "2007-04-26",
    "acceptedDate": "2007-04-26 17:18:42",
    "calendarYear": "2007",
    "period": "Q2",
    "revenue": 2091704000,
    "costOfRevenue": 1800880000,
    "grossProfit": 290824000,
    "grossProfitRatio": 0.1390368809,
    "researchAndDevelopmentExpenses": 0,
    "generalAndAdministrativeExpenses": 0,
    "sellingAndMarketingExpenses": 0,
    "sellingGeneralAndAdministrativeExpenses": 188335000,
    "otherExpenses": 0,
    "operatingExpenses": 188335000,
    "costAndExpenses": 1989215000,
    "interestIncome": 0,
    "interestExpense": 0,
    "depreciationAndAmortization": 13839000,
    "ebitda": 102489000,
    "ebitdaratio": 0.0489978506,
    "operatingIncome": 103268000,
    "operatingIncomeRatio": 0.0493702742,
    "totalOtherIncomeExpensesNet": 1773000,
    "incomeBeforeTax": 105041000,
    "incomeBeforeTaxRatio": 0.0502179085,
    "incomeTaxExpense": 37815000,
    "netIncome": 67226000,
    "netIncomeRatio": 0.0321393467,
    "eps": 0.57,
    "epsdiluted": 0.55,
    "weightedAverageShsOut": 117940351,
    "weightedAverageShsOutDil": 122229091,
    "link": "https://www.sec.gov/Archives/edgar/data/52988/000119312507091962/0001193125-07-091962-index.htm",
    "finalLink": "https://www.sec.gov/Archives/edgar/data/52988/000119312507091962/d10q.htm"
  },
  {
    "date": "2006-12-31",
    "symbol": "J",
    "reportedCurrency": "USD",
    "cik": "0000052988",
    "fillingDate": "2007-01-30",
    "acceptedDate": "2007-01-30 13:36:25",
    "calendarYear": "2007",
    "period": "Q1",
    "revenue": 2108507000,
    "costOfRevenue": 1747058000,
    "grossProfit": 361449000,
    "grossProfitRatio": 0.1714241404,
    "researchAndDevelopmentExpenses": 0,
    "generalAndAdministrativeExpenses": 0,
    "sellingAndMarketingExpenses": 0,
    "sellingGeneralAndAdministrativeExpenses": 177076000,
    "otherExpenses": 0,
    "operatingExpenses": 267075000,
    "costAndExpenses": 2014133000,
    "interestIncome": 0,
    "interestExpense": 0,
    "depreciationAndAmortization": 12907000,
    "ebitda": 108586000,
    "ebitdaratio": 0.0514989991,
    "operatingIncome": 95679000,
    "operatingIncomeRatio": 0.0453776061,
    "totalOtherIncomeExpensesNet": 44000,
    "incomeBeforeTax": 95723000,
    "incomeBeforeTaxRatio": 0.0453984739,
    "incomeTaxExpense": 34461000,
    "netIncome": 61262000,
    "netIncomeRatio": 0.0290546818,
    "eps": 0.52,
    "epsdiluted": 0.51,
    "weightedAverageShsOut": 117811538,
    "weightedAverageShsOutDil": 121310891,
    "link": "https://www.sec.gov/Archives/edgar/data/52988/000119312507016114/0001193125-07-016114-index.htm",
    "finalLink": "https://www.sec.gov/Archives/edgar/data/52988/000119312507016114/d10q.htm"
  },
  {
    "date": "2006-09-30",
    "symbol": "J",
    "reportedCurrency": "USD",
    "cik": "0000052988",
    "fillingDate": "2006-12-08",
    "acceptedDate": "2006-12-07 19:42:35",
    "calendarYear": "2006",
    "period": "Q4",
    "revenue": 1979291000,
    "costOfRevenue": 1726582000,
    "grossProfit": 252709000,
    "grossProfitRatio": 0.1276765266,
    "researchAndDevelopmentExpenses": 0,
    "generalAndAdministrativeExpenses": 0,
    "sellingAndMarketingExpenses": 0,
    "sellingGeneralAndAdministrativeExpenses": 167577000,
    "otherExpenses": 0,
    "operatingExpenses": 167577000,
    "costAndExpenses": 1894159000,
    "interestIncome": 0,
    "interestExpense": 0,
    "depreciationAndAmortization": 12548000,
    "ebitda": 98321000,
    "ebitdaratio": 0.0496748583,
    "operatingIncome": 85773000,
    "operatingIncomeRatio": 0.0433352145,
    "totalOtherIncomeExpensesNet": 3643000,
    "incomeBeforeTax": 89416000,
    "incomeBeforeTaxRatio": 0.0451757725,
    "incomeTaxExpense": 30690000,
    "netIncome": 58726000,
    "netIncomeRatio": 0.0296702203,
    "eps": 0.51,
    "epsdiluted": 0.49,
    "weightedAverageShsOut": 116230709,
    "weightedAverageShsOutDil": 119792874,
    "link": "https://www.sec.gov/Archives/edgar/data/52988/000119312506248847/0001193125-06-248847-index.htm",
    "finalLink": "https://www.sec.gov/Archives/edgar/data/52988/000119312506248847/d10k.htm"
  },
  {
    "date": "2006-06-30",
    "symbol": "J",
    "reportedCurrency": "USD",
    "cik": "0000052988",
    "fillingDate": "2006-07-31",
    "acceptedDate": "2006-07-31 17:00:43",
    "calendarYear": "2006",
    "period": "Q3",
    "revenue": 1926071000,
    "costOfRevenue": 1682806000,
    "grossProfit": 243265000,
    "grossProfitRatio": 0.1263011592,
    "researchAndDevelopmentExpenses": 0,
    "generalAndAdministrativeExpenses": 0,
    "sellingAndMarketingExpenses": 0,
    "sellingGeneralAndAdministrativeExpenses": 163694000,
    "otherExpenses": 0,
    "operatingExpenses": 163694000,
    "costAndExpenses": 1846500000,
    "interestIncome": 0,
    "interestExpense": 0,
    "depreciationAndAmortization": 12069000,
    "ebitda": 79571000,
    "ebitdaratio": 0.0413125996,
    "operatingIncome": 81109000,
    "operatingIncomeRatio": 0.0421111164,
    "totalOtherIncomeExpensesNet": -477000,
    "incomeBeforeTax": 79094000,
    "incomeBeforeTaxRatio": 0.0410649452,
    "incomeTaxExpense": 28462000,
    "netIncome": 50632000,
    "netIncomeRatio": 0.0262877121,
    "eps": 0.44,
    "epsdiluted": 0.42,
    "weightedAverageShsOut": 116395402,
    "weightedAverageShsOutDil": 120552381,
    "link": "https://www.sec.gov/Archives/edgar/data/52988/000119312506157111/0001193125-06-157111-index.htm",
    "finalLink": "https://www.sec.gov/Archives/edgar/data/52988/000119312506157111/d10q.htm"
  },
  {
    "date": "2006-03-31",
    "symbol": "J",
    "reportedCurrency": "USD",
    "cik": "0000052988",
    "fillingDate": "2006-05-02",
    "acceptedDate": "2006-05-01 21:08:54",
    "calendarYear": "2006",
    "period": "Q2",
    "revenue": 1832450000,
    "costOfRevenue": 1606113000,
    "grossProfit": 226337000,
    "grossProfitRatio": 0.1235160577,
    "researchAndDevelopmentExpenses": 0,
    "generalAndAdministrativeExpenses": 0,
    "sellingAndMarketingExpenses": 0,
    "sellingGeneralAndAdministrativeExpenses": 156897000,
    "otherExpenses": 0,
    "operatingExpenses": 156897000,
    "costAndExpenses": 1763010000,
    "interestIncome": 0,
    "interestExpense": 0,
    "depreciationAndAmortization": 12094000,
    "ebitda": 69440000,
    "ebitdaratio": 0.037894622,
    "operatingIncome": 70216000,
    "operatingIncomeRatio": 0.0383180987,
    "totalOtherIncomeExpensesNet": -666000,
    "incomeBeforeTax": 69550000,
    "incomeBeforeTaxRatio": 0.0379546509,
    "incomeTaxExpense": 25050000,
    "netIncome": 44500000,
    "netIncomeRatio": 0.024284428,
    "eps": 0.38,
    "epsdiluted": 0.37,
    "weightedAverageShsOut": 117105263,
    "weightedAverageShsOutDil": 120270270,
    "link": "https://www.sec.gov/Archives/edgar/data/52988/000119312506095592/0001193125-06-095592-index.htm",
    "finalLink": "https://www.sec.gov/Archives/edgar/data/52988/000119312506095592/d10q.htm"
  },
  {
    "date": "2005-12-31",
    "symbol": "J",
    "reportedCurrency": "USD",
    "cik": "0000052988",
    "fillingDate": "2006-02-09",
    "acceptedDate": "2006-02-09 14:06:26",
    "calendarYear": "2006",
    "period": "Q1",
    "revenue": 1683458000,
    "costOfRevenue": 1471521000,
    "grossProfit": 211937000,
    "grossProfitRatio": 0.1258938447,
    "researchAndDevelopmentExpenses": 0,
    "generalAndAdministrativeExpenses": 0,
    "sellingAndMarketingExpenses": 0,
    "sellingGeneralAndAdministrativeExpenses": 144524000,
    "otherExpenses": 0,
    "operatingExpenses": 144524000,
    "costAndExpenses": 1616045000,
    "interestIncome": 0,
    "interestExpense": 0,
    "depreciationAndAmortization": 11551000,
    "ebitda": 79991000,
    "ebitdaratio": 0.0475158869,
    "operatingIncome": 68440000,
    "operatingIncomeRatio": 0.0406544149,
    "totalOtherIncomeExpensesNet": -186000,
    "incomeBeforeTax": 67227000,
    "incomeBeforeTaxRatio": 0.0399338742,
    "incomeTaxExpense": 24202000,
    "netIncome": 43025000,
    "netIncomeRatio": 0.0255575132,
    "eps": 0.37,
    "epsdiluted": 0.36,
    "weightedAverageShsOut": 116283784,
    "weightedAverageShsOutDil": 119513889,
    "link": "https://www.sec.gov/Archives/edgar/data/52988/000119312506025019/0001193125-06-025019-index.htm",
    "finalLink": "https://www.sec.gov/Archives/edgar/data/52988/000119312506025019/d10q.htm"
  },
  {
    "date": "2005-09-30",
    "symbol": "J",
    "reportedCurrency": "USD",
    "cik": "0000052988",
    "fillingDate": "2005-12-13",
    "acceptedDate": "2005-12-13 16:07:52",
    "calendarYear": "2005",
    "period": "Q4",
    "revenue": 1519459000,
    "costOfRevenue": 1312246000,
    "grossProfit": 207213000,
    "grossProfitRatio": 0.1363728801,
    "researchAndDevelopmentExpenses": 0,
    "generalAndAdministrativeExpenses": 0,
    "sellingAndMarketingExpenses": 0,
    "sellingGeneralAndAdministrativeExpenses": 139870000,
    "otherExpenses": 0,
    "operatingExpenses": 139870000,
    "costAndExpenses": 1452116000,
    "interestIncome": 0,
    "interestExpense": 0,
    "depreciationAndAmortization": 12618000,
    "ebitda": 80376000,
    "ebitdaratio": 0.0528977748,
    "operatingIncome": 67758000,
    "operatingIncomeRatio": 0.0445935033,
    "totalOtherIncomeExpensesNet": -410000,
    "incomeBeforeTax": 66933000,
    "incomeBeforeTaxRatio": 0.0440505469,
    "incomeTaxExpense": 24153000,
    "netIncome": 42780000,
    "netIncomeRatio": 0.0281547577,
    "eps": 0.34,
    "epsdiluted": 0.32,
    "weightedAverageShsOut": 114440159,
    "weightedAverageShsOutDil": 120149821,
    "link": "https://www.sec.gov/Archives/edgar/data/52988/000119312505241653/0001193125-05-241653-index.htm",
    "finalLink": "https://www.sec.gov/Archives/edgar/data/52988/000119312505241653/d10k.htm"
  },
  {
    "date": "2005-06-30",
    "symbol": "J",
    "reportedCurrency": "USD",
    "cik": "0000052988",
    "fillingDate": "2005-08-09",
    "acceptedDate": "2005-08-09 15:45:49",
    "calendarYear": "2005",
    "period": "Q3",
    "revenue": 1449047000,
    "costOfRevenue": 1240170000,
    "grossProfit": 208877000,
    "grossProfitRatio": 0.1441478434,
    "researchAndDevelopmentExpenses": 0,
    "generalAndAdministrativeExpenses": 0,
    "sellingAndMarketingExpenses": 0,
    "sellingGeneralAndAdministrativeExpenses": 145104000,
    "otherExpenses": 0,
    "operatingExpenses": 145104000,
    "costAndExpenses": 1385274000,
    "interestIncome": 0,
    "interestExpense": 0,
    "depreciationAndAmortization": 15852000,
    "ebitda": 80450000,
    "ebitdaratio": 0.0555192482,
    "operatingIncome": 64598000,
    "operatingIncomeRatio": 0.0445796444,
    "totalOtherIncomeExpensesNet": -1197000,
    "incomeBeforeTax": 62576000,
    "incomeBeforeTaxRatio": 0.0431842445,
    "incomeTaxExpense": 22526000,
    "netIncome": 40050000,
    "netIncomeRatio": 0.0276388551,
    "eps": 0.32,
    "epsdiluted": 0.31,
    "weightedAverageShsOut": 114390625,
    "weightedAverageShsOutDil": 118080645,
    "link": "https://www.sec.gov/Archives/edgar/data/52988/000119312505162531/0001193125-05-162531-index.htm",
    "finalLink": "https://www.sec.gov/Archives/edgar/data/52988/000119312505162531/d10q.htm"
  },
  {
    "date": "2005-03-31",
    "symbol": "J",
    "reportedCurrency": "USD",
    "cik": "0000052988",
    "fillingDate": "2005-05-09",
    "acceptedDate": "2005-05-09 17:14:42",
    "calendarYear": "2005",
    "period": "Q2",
    "revenue": 1383195000,
    "costOfRevenue": 1181719000,
    "grossProfit": 201476000,
    "grossProfitRatio": 0.1456598672,
    "researchAndDevelopmentExpenses": 0,
    "generalAndAdministrativeExpenses": 0,
    "sellingAndMarketingExpenses": 0,
    "sellingGeneralAndAdministrativeExpenses": 143837000,
    "otherExpenses": 0,
    "operatingExpenses": 143837000,
    "costAndExpenses": 1325556000,
    "interestIncome": 0,
    "interestExpense": 0,
    "depreciationAndAmortization": 7605000,
    "ebitda": 66492000,
    "ebitdaratio": 0.0480713132,
    "operatingIncome": 58887000,
    "operatingIncomeRatio": 0.042573173,
    "totalOtherIncomeExpensesNet": -1918000,
    "incomeBeforeTax": 55721000,
    "incomeBeforeTaxRatio": 0.0402842694,
    "incomeTaxExpense": 20061000,
    "netIncome": 35660000,
    "netIncomeRatio": 0.0257808913,
    "eps": 0.25,
    "epsdiluted": 0.24,
    "weightedAverageShsOut": 113600000,
    "weightedAverageShsOutDil": 115966667,
    "link": "https://www.sec.gov/Archives/edgar/data/52988/000119312505101028/0001193125-05-101028-index.htm",
    "finalLink": "https://www.sec.gov/Archives/edgar/data/52988/000119312505101028/d10q.htm"
  },
  {
    "date": "2004-12-31",
    "symbol": "J",
    "reportedCurrency": "USD",
    "cik": "0000052988",
    "fillingDate": "2005-02-08",
    "acceptedDate": "2005-02-08 16:22:43",
    "calendarYear": "2005",
    "period": "Q1",
    "revenue": 1283300000,
    "costOfRevenue": 1094562000,
    "grossProfit": 188738000,
    "grossProfitRatio": 0.1470723915,
    "researchAndDevelopmentExpenses": 0,
    "generalAndAdministrativeExpenses": 0,
    "sellingAndMarketingExpenses": 0,
    "sellingGeneralAndAdministrativeExpenses": 136019000,
    "otherExpenses": 0,
    "operatingExpenses": 136019000,
    "costAndExpenses": 1230581000,
    "interestIncome": 0,
    "interestExpense": 0,
    "depreciationAndAmortization": 11460000,
    "ebitda": 52719000,
    "ebitdaratio": 0.0410808073,
    "operatingIncome": 53524000,
    "operatingIncomeRatio": 0.0417080963,
    "totalOtherIncomeExpensesNet": -1890000,
    "incomeBeforeTax": 50829000,
    "incomeBeforeTaxRatio": 0.0396080418,
    "incomeTaxExpense": 18299000,
    "netIncome": 32530000,
    "netIncomeRatio": 0.0253487104,
    "eps": 0.28,
    "epsdiluted": 0.28,
    "weightedAverageShsOut": 114140351,
    "weightedAverageShsOutDil": 116178571,
    "link": "https://www.sec.gov/Archives/edgar/data/52988/000119312505022196/0001193125-05-022196-index.htm",
    "finalLink": "https://www.sec.gov/Archives/edgar/data/52988/000119312505022196/d10q.htm"
  },
  {
    "date": "2004-09-30",
    "symbol": "J",
    "reportedCurrency": "USD",
    "cik": "0000052988",
    "fillingDate": "2004-12-13",
    "acceptedDate": "2004-12-13 15:19:24",
    "calendarYear": "2004",
    "period": "Q4",
    "revenue": 1215686000,
    "costOfRevenue": 1040303000,
    "grossProfit": 175383000,
    "grossProfitRatio": 0.1442666939,
    "researchAndDevelopmentExpenses": 0,
    "generalAndAdministrativeExpenses": 0,
    "sellingAndMarketingExpenses": 0,
    "sellingGeneralAndAdministrativeExpenses": 128951000,
    "otherExpenses": 0,
    "operatingExpenses": 128951000,
    "costAndExpenses": 1169254000,
    "interestIncome": 0,
    "interestExpense": 0,
    "depreciationAndAmortization": 8712000,
    "ebitda": 54302000,
    "ebitdaratio": 0.0446677843,
    "operatingIncome": 45590000,
    "operatingIncomeRatio": 0.0375014601,
    "totalOtherIncomeExpensesNet": 1288000,
    "incomeBeforeTax": 46878000,
    "incomeBeforeTaxRatio": 0.0385609442,
    "incomeTaxExpense": 16408000,
    "netIncome": 30470000,
    "netIncomeRatio": 0.0250640379,
    "eps": 0.15,
    "epsdiluted": 0.15,
    "weightedAverageShsOut": 113018568,
    "weightedAverageShsOutDil": 114096719,
    "link": "https://www.sec.gov/Archives/edgar/data/52988/000119312504211891/0001193125-04-211891-index.htm",
    "finalLink": "https://www.sec.gov/Archives/edgar/data/52988/000119312504211891/d10k.htm"
  },
  {
    "date": "2004-06-30",
    "symbol": "J",
    "reportedCurrency": "USD",
    "cik": "0000052988",
    "fillingDate": "2004-08-13",
    "acceptedDate": "2004-08-13 13:02:05",
    "calendarYear": "2004",
    "period": "Q3",
    "revenue": 1119536000,
    "costOfRevenue": 960418000,
    "grossProfit": 159118000,
    "grossProfitRatio": 0.1421285247,
    "researchAndDevelopmentExpenses": 0,
    "generalAndAdministrativeExpenses": 0,
    "sellingAndMarketingExpenses": 0,
    "sellingGeneralAndAdministrativeExpenses": 112487000,
    "otherExpenses": 0,
    "operatingExpenses": 112487000,
    "costAndExpenses": 1072905000,
    "interestIncome": 0,
    "interestExpense": 0,
    "depreciationAndAmortization": 8216000,
    "ebitda": 46631000,
    "ebitdaratio": 0.0416520773,
    "operatingIncome": 47140000,
    "operatingIncomeRatio": 0.0421067299,
    "totalOtherIncomeExpensesNet": -585000,
    "incomeBeforeTax": 46046000,
    "incomeBeforeTaxRatio": 0.0411295394,
    "incomeTaxExpense": 16116000,
    "netIncome": 29930000,
    "netIncomeRatio": 0.0267342899,
    "eps": 0.27,
    "epsdiluted": 0.26,
    "weightedAverageShsOut": 112943396,
    "weightedAverageShsOutDil": 115115385,
    "link": "https://www.sec.gov/Archives/edgar/data/52988/000119312504140175/0001193125-04-140175-index.htm",
    "finalLink": "https://www.sec.gov/Archives/edgar/data/52988/000119312504140175/d10q.htm"
  },
  {
    "date": "2004-03-31",
    "symbol": "J",
    "reportedCurrency": "USD",
    "cik": "0000052988",
    "fillingDate": "2004-05-13",
    "acceptedDate": "2004-05-13 17:22:37",
    "calendarYear": "2004",
    "period": "Q2",
    "revenue": 1123884000,
    "costOfRevenue": 955972000,
    "grossProfit": 167912000,
    "grossProfitRatio": 0.1494033192,
    "researchAndDevelopmentExpenses": 0,
    "generalAndAdministrativeExpenses": 0,
    "sellingAndMarketingExpenses": 0,
    "sellingGeneralAndAdministrativeExpenses": 115127000,
    "otherExpenses": 0,
    "operatingExpenses": 115127000,
    "costAndExpenses": 1071099000,
    "interestIncome": 0,
    "interestExpense": 0,
    "depreciationAndAmortization": 8606000,
    "ebitda": 52785000,
    "ebitdaratio": 0.0469665909,
    "operatingIncome": 51898000,
    "operatingIncomeRatio": 0.0461773635,
    "totalOtherIncomeExpensesNet": 1602000,
    "incomeBeforeTax": 53500000,
    "incomeBeforeTaxRatio": 0.0476027775,
    "incomeTaxExpense": 18725000,
    "netIncome": 34775000,
    "netIncomeRatio": 0.0309418054,
    "eps": 0.31,
    "epsdiluted": 0.31,
    "weightedAverageShsOut": 112177419,
    "weightedAverageShsOutDil": 114016393,
    "link": "https://www.sec.gov/Archives/edgar/data/52988/000119312504087552/0001193125-04-087552-index.htm",
    "finalLink": "https://www.sec.gov/Archives/edgar/data/52988/000119312504087552/d10q.htm"
  },
  {
    "date": "2003-12-31",
    "symbol": "J",
    "reportedCurrency": "USD",
    "cik": "0000052988",
    "fillingDate": "2004-02-17",
    "acceptedDate": "2004-02-17 11:14:12",
    "calendarYear": "2004",
    "period": "Q1",
    "revenue": 1135129000,
    "costOfRevenue": 972867000,
    "grossProfit": 162262000,
    "grossProfitRatio": 0.1429458678,
    "researchAndDevelopmentExpenses": 0,
    "generalAndAdministrativeExpenses": 0,
    "sellingAndMarketingExpenses": 0,
    "sellingGeneralAndAdministrativeExpenses": 109844000,
    "otherExpenses": 0,
    "operatingExpenses": 109844000,
    "costAndExpenses": 1082711000,
    "interestIncome": 0,
    "interestExpense": 0,
    "depreciationAndAmortization": 8620000,
    "ebitda": 61600000,
    "ebitdaratio": 0.05426696,
    "operatingIncome": 52980000,
    "operatingIncomeRatio": 0.0466731094,
    "totalOtherIncomeExpensesNet": -418000,
    "incomeBeforeTax": 52000000,
    "incomeBeforeTaxRatio": 0.0458097714,
    "incomeTaxExpense": 18200000,
    "netIncome": 33800000,
    "netIncomeRatio": 0.0297763514,
    "eps": 0.31,
    "epsdiluted": 0.3,
    "weightedAverageShsOut": 110819672,
    "weightedAverageShsOutDil": 114576271,
    "link": "https://www.sec.gov/Archives/edgar/data/52988/000119312504024493/0001193125-04-024493-index.htm",
    "finalLink": "https://www.sec.gov/Archives/edgar/data/52988/000119312504024493/d10q.htm"
  },
  {
    "date": "2003-09-30",
    "symbol": "J",
    "reportedCurrency": "USD",
    "cik": "0000052988",
    "fillingDate": "2003-12-29",
    "acceptedDate": "2003-12-29 10:12:25",
    "calendarYear": "2003",
    "period": "Q4",
    "revenue": 1063210000,
    "costOfRevenue": 905344000,
    "grossProfit": 157866000,
    "grossProfitRatio": 0.1484805448,
    "researchAndDevelopmentExpenses": 0,
    "generalAndAdministrativeExpenses": 0,
    "sellingAndMarketingExpenses": 0,
    "sellingGeneralAndAdministrativeExpenses": 106658000,
    "otherExpenses": 0,
    "operatingExpenses": 106658000,
    "costAndExpenses": 1012002000,
    "interestIncome": 0,
    "interestExpense": 0,
    "depreciationAndAmortization": 8681000,
    "ebitda": 59398000,
    "ebitdaratio": 0.0558666679,
    "operatingIncome": 50717000,
    "operatingIncomeRatio": 0.0477017711,
    "totalOtherIncomeExpensesNet": 868000,
    "incomeBeforeTax": 51585000,
    "incomeBeforeTaxRatio": 0.0485181667,
    "incomeTaxExpense": 18055000,
    "netIncome": 33530000,
    "netIncomeRatio": 0.0315365732,
    "eps": 0.16,
    "epsdiluted": 0.28,
    "weightedAverageShsOut": 118444916,
    "weightedAverageShsOutDil": 120660173,
    "link": "https://www.sec.gov/Archives/edgar/data/52988/000119312503099528/0001193125-03-099528-index.htm",
    "finalLink": "https://www.sec.gov/Archives/edgar/data/52988/000119312503099528/d10k.htm"
  },
  {
    "date": "2003-06-30",
    "symbol": "J",
    "reportedCurrency": "USD",
    "cik": "0000052988",
    "fillingDate": "2003-08-14",
    "acceptedDate": "2003-08-14 12:28:10",
    "calendarYear": "2003",
    "period": "Q3",
    "revenue": 1131105000,
    "costOfRevenue": 972991000,
    "grossProfit": 158114000,
    "grossProfitRatio": 0.1397871992,
    "researchAndDevelopmentExpenses": 0,
    "generalAndAdministrativeExpenses": 0,
    "sellingAndMarketingExpenses": 0,
    "sellingGeneralAndAdministrativeExpenses": 107564000,
    "otherExpenses": 0,
    "operatingExpenses": 107564000,
    "costAndExpenses": 1080555000,
    "interestIncome": 0,
    "interestExpense": 0,
    "depreciationAndAmortization": 8981000,
    "ebitda": 50550000,
    "ebitdaratio": 0.0446908112,
    "operatingIncome": 50382000,
    "operatingIncomeRatio": 0.0445422839,
    "totalOtherIncomeExpensesNet": 172000,
    "incomeBeforeTax": 50554000,
    "incomeBeforeTaxRatio": 0.0446943476,
    "incomeTaxExpense": 17694000,
    "netIncome": 32860000,
    "netIncomeRatio": 0.0290512375,
    "eps": 0.3,
    "epsdiluted": 0.29,
    "weightedAverageShsOut": 111389831,
    "weightedAverageShsOutDil": 113310345,
    "link": "https://www.sec.gov/Archives/edgar/data/52988/000119312503037446/0001193125-03-037446-index.htm",
    "finalLink": "https://www.sec.gov/Archives/edgar/data/52988/000119312503037446/d10q.htm"
  },
  {
    "date": "2003-03-31",
    "symbol": "J",
    "reportedCurrency": "USD",
    "cik": "0000052988",
    "fillingDate": "2003-05-13",
    "acceptedDate": "2003-05-13 13:23:31",
    "calendarYear": "2003",
    "period": "Q2",
    "revenue": 1202606000,
    "costOfRevenue": 1043745000,
    "grossProfit": 158861000,
    "grossProfitRatio": 0.1320972954,
    "researchAndDevelopmentExpenses": 0,
    "generalAndAdministrativeExpenses": 0,
    "sellingAndMarketingExpenses": 0,
    "sellingGeneralAndAdministrativeExpenses": 110347000,
    "otherExpenses": 0,
    "operatingExpenses": 110347000,
    "costAndExpenses": 1154092000,
    "interestIncome": 0,
    "interestExpense": 0,
    "depreciationAndAmortization": 9045000,
    "ebitda": 48514000,
    "ebitdaratio": 0.0403407267,
    "operatingIncome": 47959000,
    "operatingIncomeRatio": 0.0398792289,
    "totalOtherIncomeExpensesNet": -83000,
    "incomeBeforeTax": 48431000,
    "incomeBeforeTaxRatio": 0.0402717099,
    "incomeTaxExpense": 16951000,
    "netIncome": 31480000,
    "netIncomeRatio": 0.0261764867,
    "eps": 0.28,
    "epsdiluted": 0.28,
    "weightedAverageShsOut": 110456140,
    "weightedAverageShsOutDil": 112428571,
    "link": "https://www.sec.gov/Archives/edgar/data/52988/000089843003002876/0000898430-03-002876-index.htm",
    "finalLink": "https://www.sec.gov/Archives/edgar/data/52988/000089843003002876/d10q.htm"
  },
  {
    "date": "2002-12-31",
    "symbol": "J",
    "reportedCurrency": "USD",
    "cik": "0000052988",
    "fillingDate": "2003-02-13",
    "acceptedDate": "2003-02-13 12:18:31",
    "calendarYear": "2003",
    "period": "Q1",
    "revenue": 1218680000,
    "costOfRevenue": 1067634000,
    "grossProfit": 151046000,
    "grossProfitRatio": 0.1239422982,
    "researchAndDevelopmentExpenses": 0,
    "generalAndAdministrativeExpenses": 0,
    "sellingAndMarketingExpenses": 0,
    "sellingGeneralAndAdministrativeExpenses": 104203000,
    "otherExpenses": 0,
    "operatingExpenses": 104203000,
    "costAndExpenses": 1171837000,
    "interestIncome": 0,
    "interestExpense": 0,
    "depreciationAndAmortization": 8643000,
    "ebitda": 54980000,
    "ebitdaratio": 0.0451143861,
    "operatingIncome": 46337000,
    "operatingIncomeRatio": 0.0380222864,
    "totalOtherIncomeExpensesNet": -474000,
    "incomeBeforeTax": 46369000,
    "incomeBeforeTaxRatio": 0.0380485443,
    "incomeTaxExpense": 16229000,
    "netIncome": 30140000,
    "netIncomeRatio": 0.0247316769,
    "eps": 0.28,
    "epsdiluted": 0.27,
    "weightedAverageShsOut": 109600000,
    "weightedAverageShsOutDil": 111629630,
    "link": "https://www.sec.gov/Archives/edgar/data/52988/000089843003001456/0000898430-03-001456-index.htm",
    "finalLink": "https://www.sec.gov/Archives/edgar/data/52988/000089843003001456/d10q.htm"
  },
  {
    "date": "2002-09-30",
    "symbol": "J",
    "reportedCurrency": "USD",
    "cik": "0000052988",
    "fillingDate": "2002-12-27",
    "acceptedDate": "2002-12-27 14:55:26",
    "calendarYear": "2002",
    "period": "Q4",
    "revenue": 1211742000,
    "costOfRevenue": 1060225000,
    "grossProfit": 151517000,
    "grossProfitRatio": 0.125040644,
    "researchAndDevelopmentExpenses": 0,
    "generalAndAdministrativeExpenses": 0,
    "sellingAndMarketingExpenses": 0,
    "sellingGeneralAndAdministrativeExpenses": 106057000,
    "otherExpenses": 0,
    "operatingExpenses": 106057000,
    "costAndExpenses": 1166282000,
    "interestIncome": 0,
    "interestExpense": 0,
    "depreciationAndAmortization": 9135000,
    "ebitda": 54270000,
    "ebitdaratio": 0.0447867615,
    "operatingIncome": 45135000,
    "operatingIncomeRatio": 0.037248028,
    "totalOtherIncomeExpensesNet": -815000,
    "incomeBeforeTax": 44645000,
    "incomeBeforeTaxRatio": 0.0368436515,
    "incomeTaxExpense": 15625000,
    "netIncome": 29020000,
    "netIncomeRatio": 0.0239489924,
    "eps": 0.27,
    "epsdiluted": 0.26,
    "weightedAverageShsOut": 107430224,
    "weightedAverageShsOutDil": 111671371,
    "link": "https://www.sec.gov/Archives/edgar/data/52988/000089843002004659/0000898430-02-004659-index.htm",
    "finalLink": "https://www.sec.gov/Archives/edgar/data/52988/000089843002004659/d10k.htm"
  },
  {
    "date": "2002-06-30",
    "symbol": "J",
    "reportedCurrency": "USD",
    "cik": "0000052988",
    "fillingDate": "2002-08-12",
    "acceptedDate": "2002-08-12 14:26:29",
    "calendarYear": "2002",
    "period": "Q3",
    "revenue": 1169122000,
    "costOfRevenue": 1021023000,
    "grossProfit": 148099000,
    "grossProfitRatio": 0.1266754026,
    "researchAndDevelopmentExpenses": 0,
    "generalAndAdministrativeExpenses": 0,
    "sellingAndMarketingExpenses": 0,
    "sellingGeneralAndAdministrativeExpenses": 104551000,
    "otherExpenses": 0,
    "operatingExpenses": 104551000,
    "costAndExpenses": 1125574000,
    "interestIncome": 0,
    "interestExpense": 0,
    "depreciationAndAmortization": 9165000,
    "ebitda": 43548000,
    "ebitdaratio": 0.0372484651,
    "operatingIncome": 43171000,
    "operatingIncomeRatio": 0.0369260009,
    "totalOtherIncomeExpensesNet": -593000,
    "incomeBeforeTax": 42955000,
    "incomeBeforeTaxRatio": 0.0367412469,
    "incomeTaxExpense": 15035000,
    "netIncome": 27920000,
    "netIncomeRatio": 0.0238811689,
    "eps": 0.26,
    "epsdiluted": 0.25,
    "weightedAverageShsOut": 109490196,
    "weightedAverageShsOutDil": 111680000,
    "link": "https://www.sec.gov/Archives/edgar/data/52988/000089843002002949/0000898430-02-002949-index.htm",
    "finalLink": "https://www.sec.gov/Archives/edgar/data/52988/000089843002002949/d10q.htm"
  },
  {
    "date": "2002-03-31",
    "symbol": "J",
    "reportedCurrency": "USD",
    "cik": "0000052988",
    "fillingDate": "2002-05-14",
    "acceptedDate": "2002-05-13 21:10:55",
    "calendarYear": "2002",
    "period": "Q2",
    "revenue": 1146611000,
    "costOfRevenue": 1000071000,
    "grossProfit": 146540000,
    "grossProfitRatio": 0.127802716,
    "researchAndDevelopmentExpenses": 0,
    "generalAndAdministrativeExpenses": 0,
    "sellingAndMarketingExpenses": 0,
    "sellingGeneralAndAdministrativeExpenses": 104180000,
    "otherExpenses": 0,
    "operatingExpenses": 104180000,
    "costAndExpenses": 1104251000,
    "interestIncome": 0,
    "interestExpense": 0,
    "depreciationAndAmortization": 8216000,
    "ebitda": 42360000,
    "ebitdaratio": 0.036943654,
    "operatingIncome": 41985000,
    "operatingIncomeRatio": 0.0366166032,
    "totalOtherIncomeExpensesNet": -1007000,
    "incomeBeforeTax": 41353000,
    "incomeBeforeTaxRatio": 0.0360654136,
    "incomeTaxExpense": 14473000,
    "netIncome": 26880000,
    "netIncomeRatio": 0.0234429985,
    "eps": 0.25,
    "epsdiluted": 0.25,
    "weightedAverageShsOut": 107520000,
    "weightedAverageShsOutDil": 109714286,
    "link": "https://www.sec.gov/Archives/edgar/data/52988/000095016802001353/0000950168-02-001353-index.htm",
    "finalLink": "https://www.sec.gov/Archives/edgar/data/52988/000095016802001353/d10q.htm"
  },
  {
    "date": "2001-12-31",
    "symbol": "J",
    "reportedCurrency": "USD",
    "cik": "0000052988",
    "fillingDate": "2002-02-13",
    "acceptedDate": "2002-02-13 00:00:00",
    "calendarYear": "2002",
    "period": "Q1",
    "revenue": 1028186000,
    "costOfRevenue": 890665000,
    "grossProfit": 137521000,
    "grossProfitRatio": 0.1337510917,
    "researchAndDevelopmentExpenses": 0,
    "generalAndAdministrativeExpenses": 0,
    "sellingAndMarketingExpenses": 0,
    "sellingGeneralAndAdministrativeExpenses": 96519000,
    "otherExpenses": 0,
    "operatingExpenses": 96519000,
    "costAndExpenses": 987184000,
    "interestIncome": 0,
    "interestExpense": 0,
    "depreciationAndAmortization": 8571000,
    "ebitda": 49129000,
    "ebitdaratio": 0.0477822106,
    "operatingIncome": 40558000,
    "operatingIncomeRatio": 0.0394461702,
    "totalOtherIncomeExpensesNet": -1201000,
    "incomeBeforeTax": 39801000,
    "incomeBeforeTaxRatio": 0.0387099221,
    "incomeTaxExpense": 13931000,
    "netIncome": 25870000,
    "netIncomeRatio": 0.0251608172,
    "eps": 0.24,
    "epsdiluted": 0.24,
    "weightedAverageShsOut": 107791667,
    "weightedAverageShsOutDil": 110085106,
    "link": "https://www.sec.gov/Archives/edgar/data/52988/000089843002000536/0000898430-02-000536-index.htm",
    "finalLink": "https://www.sec.gov/Archives/edgar/data/52988/000089843002000536/d10q.txt"
  },
  {
    "date": "2001-09-30",
    "symbol": "J",
    "reportedCurrency": "USD",
    "cik": "0000052988",
    "fillingDate": "2001-12-21",
    "acceptedDate": "2001-12-21 00:00:00",
    "calendarYear": "2001",
    "period": "Q4",
    "revenue": 976525000,
    "costOfRevenue": 835382000,
    "grossProfit": 141143000,
    "grossProfitRatio": 0.1445359822,
    "researchAndDevelopmentExpenses": 0,
    "generalAndAdministrativeExpenses": 0,
    "sellingAndMarketingExpenses": 0,
    "sellingGeneralAndAdministrativeExpenses": 102375000,
    "otherExpenses": 0,
    "operatingExpenses": 102375000,
    "costAndExpenses": 937757000,
    "interestIncome": 0,
    "interestExpense": 0,
    "depreciationAndAmortization": 8792000,
    "ebitda": 47010000,
    "ebitdaratio": 0.0481400886,
    "operatingIncome": 38218000,
    "operatingIncomeRatio": 0.0391367349,
    "totalOtherIncomeExpensesNet": -1633000,
    "incomeBeforeTax": 37135000,
    "incomeBeforeTaxRatio": 0.0380277003,
    "incomeTaxExpense": 13555000,
    "netIncome": 23580000,
    "netIncomeRatio": 0.0241468472,
    "eps": 0.22,
    "epsdiluted": 0.22,
    "weightedAverageShsOut": 107255096,
    "weightedAverageShsOutDil": 109735551,
    "link": "https://www.sec.gov/Archives/edgar/data/52988/000089843001504046/0000898430-01-504046-index.htm",
    "finalLink": "https://www.sec.gov/Archives/edgar/data/52988/000089843001504046/d10k.txt"
  },
  {
    "date": "2001-06-30",
    "symbol": "J",
    "reportedCurrency": "USD",
    "cik": "0000052988",
    "fillingDate": "2001-08-13",
    "acceptedDate": "2001-08-13 00:00:00",
    "calendarYear": "2001",
    "period": "Q3",
    "revenue": 1041417000,
    "costOfRevenue": 911956000,
    "grossProfit": 129461000,
    "grossProfitRatio": 0.1243123552,
    "researchAndDevelopmentExpenses": 0,
    "generalAndAdministrativeExpenses": 0,
    "sellingAndMarketingExpenses": 0,
    "sellingGeneralAndAdministrativeExpenses": 92691000,
    "otherExpenses": 0,
    "operatingExpenses": 92691000,
    "costAndExpenses": 1004647000,
    "interestIncome": 0,
    "interestExpense": 0,
    "depreciationAndAmortization": 10034000,
    "ebitda": 46203000,
    "ebitdaratio": 0.0443655135,
    "operatingIncome": 36169000,
    "operatingIncomeRatio": 0.0347305642,
    "totalOtherIncomeExpensesNet": -1306000,
    "incomeBeforeTax": 35464000,
    "incomeBeforeTaxRatio": 0.034053602,
    "incomeTaxExpense": 12944000,
    "netIncome": 22520000,
    "netIncomeRatio": 0.0216243829,
    "eps": 0.21,
    "epsdiluted": 0.21,
    "weightedAverageShsOut": 107238095,
    "weightedAverageShsOutDil": 109853659,
    "link": "https://www.sec.gov/Archives/edgar/data/52988/000089843001501770/0000898430-01-501770-index.htm",
    "finalLink": "https://www.sec.gov/Archives/edgar/data/52988/000089843001501770/d10q.txt"
  },
  {
    "date": "2001-03-31",
    "symbol": "J",
    "reportedCurrency": "USD",
    "cik": "0000052988",
    "fillingDate": "2001-05-14",
    "acceptedDate": "2001-05-14 00:00:00",
    "calendarYear": "2001",
    "period": "Q2",
    "revenue": 1009869000,
    "costOfRevenue": 888456000,
    "grossProfit": 121413000,
    "grossProfitRatio": 0.1202264848,
    "researchAndDevelopmentExpenses": 0,
    "generalAndAdministrativeExpenses": 0,
    "sellingAndMarketingExpenses": 0,
    "sellingGeneralAndAdministrativeExpenses": 86286000,
    "otherExpenses": 0,
    "operatingExpenses": 86286000,
    "costAndExpenses": 974742000,
    "interestIncome": 0,
    "interestExpense": 0,
    "depreciationAndAmortization": 10755000,
    "ebitda": 45218000,
    "ebitdaratio": 0.0447761046,
    "operatingIncome": 34463000,
    "operatingIncomeRatio": 0.0341262084,
    "totalOtherIncomeExpensesNet": -1174000,
    "incomeBeforeTax": 33953000,
    "incomeBeforeTaxRatio": 0.0336211925,
    "incomeTaxExpense": 12393000,
    "netIncome": 21560000,
    "netIncomeRatio": 0.0213493037,
    "eps": 0.2,
    "epsdiluted": 0.2,
    "weightedAverageShsOut": 106469136,
    "weightedAverageShsOutDil": 109164557,
    "link": "https://www.sec.gov/Archives/edgar/data/52988/000089843001500542/0000898430-01-500542-index.htm",
    "finalLink": "https://www.sec.gov/Archives/edgar/data/52988/000089843001500542/d10q.txt"
  },
  {
    "date": "2000-12-31",
    "symbol": "J",
    "reportedCurrency": "USD",
    "cik": "0000052988",
    "fillingDate": "2001-02-13",
    "acceptedDate": "2001-02-13 00:00:00",
    "calendarYear": "2001",
    "period": "Q1",
    "revenue": 929182000,
    "costOfRevenue": 816526000,
    "grossProfit": 112656000,
    "grossProfitRatio": 0.1212421248,
    "researchAndDevelopmentExpenses": 0,
    "generalAndAdministrativeExpenses": 0,
    "sellingAndMarketingExpenses": 0,
    "sellingGeneralAndAdministrativeExpenses": 79469000,
    "otherExpenses": 0,
    "operatingExpenses": 79469000,
    "costAndExpenses": 895995000,
    "interestIncome": 0,
    "interestExpense": 0,
    "depreciationAndAmortization": 9359000,
    "ebitda": 42020000,
    "ebitdaratio": 0.0452225721,
    "operatingIncome": 32661000,
    "operatingIncomeRatio": 0.035150272,
    "totalOtherIncomeExpensesNet": -1533000,
    "incomeBeforeTax": 31654000,
    "incomeBeforeTaxRatio": 0.034066523,
    "incomeTaxExpense": 11554000,
    "netIncome": 20100000,
    "netIncomeRatio": 0.02163193,
    "eps": 0.19,
    "epsdiluted": 0.19,
    "weightedAverageShsOut": 105789474,
    "weightedAverageShsOutDil": 107200000,
    "link": "https://www.sec.gov/Archives/edgar/data/52988/000089843001000524/0000898430-01-000524-index.htm",
    "finalLink": "https://www.sec.gov/Archives/edgar/data/52988/000089843001000524/0000898430-01-000524-0001.txt"
  },
  {
    "date": "2000-09-30",
    "symbol": "J",
    "reportedCurrency": "USD",
    "cik": "0000052988",
    "fillingDate": "2000-12-27",
    "acceptedDate": "2000-12-27 00:00:00",
    "calendarYear": "2000",
    "period": "Q4",
    "revenue": 870227000,
    "costOfRevenue": 748372000,
    "grossProfit": 121855000,
    "grossProfitRatio": 0.1400266827,
    "researchAndDevelopmentExpenses": 0,
    "generalAndAdministrativeExpenses": 0,
    "sellingAndMarketingExpenses": 0,
    "sellingGeneralAndAdministrativeExpenses": 77911000,
    "otherExpenses": 0,
    "operatingExpenses": 89187000,
    "costAndExpenses": 837559000,
    "interestIncome": 0,
    "interestExpense": 0,
    "depreciationAndAmortization": 11276000,
    "ebitda": 43419000,
    "ebitdaratio": 0.0498938783,
    "operatingIncome": 32143000,
    "operatingIncomeRatio": 0.0369363396,
    "totalOtherIncomeExpensesNet": -1636000,
    "incomeBeforeTax": 31032000,
    "incomeBeforeTaxRatio": 0.0356596612,
    "incomeTaxExpense": 11482000,
    "netIncome": 19550000,
    "netIncomeRatio": 0.0224654027,
    "eps": 0.19,
    "epsdiluted": 0.19,
    "weightedAverageShsOut": 103995641,
    "weightedAverageShsOutDil": 105689154,
    "link": "https://www.sec.gov/Archives/edgar/data/52988/000089843000003950/0000898430-00-003950-index.htm",
    "finalLink": "https://www.sec.gov/Archives/edgar/data/52988/000089843000003950/0000898430-00-003950-0001.txt"
  },
  {
    "date": "2000-06-30",
    "symbol": "J",
    "reportedCurrency": "USD",
    "cik": "0000052988",
    "fillingDate": "2000-08-11",
    "acceptedDate": "2000-08-11 00:00:00",
    "calendarYear": "2000",
    "period": "Q3",
    "revenue": 857828000,
    "costOfRevenue": 736355000,
    "grossProfit": 121473000,
    "grossProfitRatio": 0.1416053102,
    "researchAndDevelopmentExpenses": 0,
    "generalAndAdministrativeExpenses": 0,
    "sellingAndMarketingExpenses": 0,
    "sellingGeneralAndAdministrativeExpenses": 80188000,
    "otherExpenses": 0,
    "operatingExpenses": 89764000,
    "costAndExpenses": 826119000,
    "interestIncome": 0,
    "interestExpense": 0,
    "depreciationAndAmortization": 9576000,
    "ebitda": 40812000,
    "ebitdaratio": 0.0475759709,
    "operatingIncome": 31236000,
    "operatingIncomeRatio": 0.036412894,
    "totalOtherIncomeExpensesNet": -1149000,
    "incomeBeforeTax": 30560000,
    "incomeBeforeTaxRatio": 0.0356248572,
    "incomeTaxExpense": 11460000,
    "netIncome": 19100000,
    "netIncomeRatio": 0.0222655357,
    "eps": 0.18,
    "epsdiluted": 0.18,
    "weightedAverageShsOut": 104657534,
    "weightedAverageShsOutDil": 106111111,
    "link": "https://www.sec.gov/Archives/edgar/data/52988/000089843000002327/0000898430-00-002327-index.htm",
    "finalLink": "https://www.sec.gov/Archives/edgar/data/52988/000089843000002327/0000898430-00-002327-0001.txt"
  },
  {
    "date": "2000-03-31",
    "symbol": "J",
    "reportedCurrency": "USD",
    "cik": "0000052988",
    "fillingDate": "2000-05-12",
    "acceptedDate": "2000-05-12 00:00:00",
    "calendarYear": "2000",
    "period": "Q2",
    "revenue": 881799000,
    "costOfRevenue": 762464000,
    "grossProfit": 119335000,
    "grossProfitRatio": 0.1353312943,
    "researchAndDevelopmentExpenses": 0,
    "generalAndAdministrativeExpenses": 0,
    "sellingAndMarketingExpenses": 0,
    "sellingGeneralAndAdministrativeExpenses": 79281000,
    "otherExpenses": 0,
    "operatingExpenses": 89127000,
    "costAndExpenses": 851591000,
    "interestIncome": 0,
    "interestExpense": 0,
    "depreciationAndAmortization": 9846000,
    "ebitda": 39377000,
    "ebitdaratio": 0.0446553013,
    "operatingIncome": 29531000,
    "operatingIncomeRatio": 0.0334894914,
    "totalOtherIncomeExpensesNet": -1246000,
    "incomeBeforeTax": 28962000,
    "incomeBeforeTaxRatio": 0.0328442196,
    "incomeTaxExpense": 10862000,
    "netIncome": 18100000,
    "netIncomeRatio": 0.0205262197,
    "eps": 0.17,
    "epsdiluted": 0.17,
    "weightedAverageShsOut": 104927536,
    "weightedAverageShsOutDil": 104927536,
    "link": "https://www.sec.gov/Archives/edgar/data/52988/000089843000001541/0000898430-00-001541-index.html",
    "finalLink": "https://www.sec.gov/Archives/edgar/data/52988/000089843000001541/"
  },
  {
    "date": "1999-12-31",
    "symbol": "J",
    "reportedCurrency": "USD",
    "cik": "0000052988",
    "fillingDate": "2000-02-11",
    "acceptedDate": "2000-02-11 00:00:00",
    "calendarYear": "2000",
    "period": "Q1",
    "revenue": 809100000,
    "costOfRevenue": 696000000,
    "grossProfit": 113100000,
    "grossProfitRatio": 0.1397849462,
    "researchAndDevelopmentExpenses": 0,
    "generalAndAdministrativeExpenses": 0,
    "sellingAndMarketingExpenses": 0,
    "sellingGeneralAndAdministrativeExpenses": 73700000,
    "otherExpenses": 0,
    "operatingExpenses": 83100000,
    "costAndExpenses": 779100000,
    "interestIncome": 0,
    "interestExpense": 0,
    "depreciationAndAmortization": 9400000,
    "ebitda": 76900000,
    "ebitdaratio": 0.0950438759,
    "operatingIncome": 67500000,
    "operatingIncomeRatio": 0.0834260289,
    "totalOtherIncomeExpensesNet": -39200000,
    "incomeBeforeTax": -9300000,
    "incomeBeforeTaxRatio": -0.0114942529,
    "incomeTaxExpense": -3500000,
    "netIncome": -5800000,
    "netIncomeRatio": -0.0071684588,
    "eps": -0.055,
    "epsdiluted": -0.055,
    "weightedAverageShsOut": 105454545,
    "weightedAverageShsOutDil": 105454545,
    "link": "https://www.sec.gov/Archives/edgar/data/52988/000089843000000373/0000898430-00-000373-index.html",
    "finalLink": "https://www.sec.gov/Archives/edgar/data/52988/000089843000000373/"
  },
  {
    "date": "1999-09-30",
    "symbol": "J",
    "reportedCurrency": "USD",
    "cik": "0000052988",
    "fillingDate": "1999-12-17",
    "acceptedDate": "1999-12-17 00:00:00",
    "calendarYear": "1999",
    "period": "Q4",
    "revenue": 768000000,
    "costOfRevenue": 651600000,
    "grossProfit": 116400000,
    "grossProfitRatio": 0.1515625,
    "researchAndDevelopmentExpenses": 0,
    "generalAndAdministrativeExpenses": 0,
    "sellingAndMarketingExpenses": 0,
    "sellingGeneralAndAdministrativeExpenses": 79700000,
    "otherExpenses": 0,
    "operatingExpenses": 87900000,
    "costAndExpenses": 739500000,
    "interestIncome": 0,
    "interestExpense": 0,
    "depreciationAndAmortization": 8200000,
    "ebitda": 35600000,
    "ebitdaratio": 0.0463541667,
    "operatingIncome": 27400000,
    "operatingIncomeRatio": 0.0356770833,
    "totalOtherIncomeExpensesNet": -800000,
    "incomeBeforeTax": 27700000,
    "incomeBeforeTaxRatio": 0.0360677083,
    "incomeTaxExpense": 10400000,
    "netIncome": 17300000,
    "netIncomeRatio": 0.0225260417,
    "eps": 0.17,
    "epsdiluted": 0.16,
    "weightedAverageShsOut": 103305402,
    "weightedAverageShsOutDil": 106500868,
    "link": "https://www.sec.gov/Archives/edgar/data/52988/000089843099004561/0000898430-99-004561-index.html",
    "finalLink": "https://www.sec.gov/Archives/edgar/data/52988/000089843099004561/"
  },
  {
    "date": "1999-06-30",
    "symbol": "J",
    "reportedCurrency": "USD",
    "cik": "0000052988",
    "fillingDate": "1999-08-12",
    "acceptedDate": "1999-08-12 00:00:00",
    "calendarYear": "1999",
    "period": "Q3",
    "revenue": 771900000,
    "costOfRevenue": 654300000,
    "grossProfit": 117600000,
    "grossProfitRatio": 0.1523513408,
    "researchAndDevelopmentExpenses": 0,
    "generalAndAdministrativeExpenses": 0,
    "sellingAndMarketingExpenses": 0,
    "sellingGeneralAndAdministrativeExpenses": 79900000,
    "otherExpenses": 0,
    "operatingExpenses": 89000000,
    "costAndExpenses": 743300000,
    "interestIncome": 0,
    "interestExpense": 0,
    "depreciationAndAmortization": 9100000,
    "ebitda": 36700000,
    "ebitdaratio": 0.0475450188,
    "operatingIncome": 27600000,
    "operatingIncomeRatio": 0.0357559269,
    "totalOtherIncomeExpensesNet": -1700000,
    "incomeBeforeTax": 26900000,
    "incomeBeforeTaxRatio": 0.0348490737,
    "incomeTaxExpense": 10100000,
    "netIncome": 16800000,
    "netIncomeRatio": 0.0217644773,
    "eps": 0.16,
    "epsdiluted": 0.16,
    "weightedAverageShsOut": 103384615,
    "weightedAverageShsOutDil": 106666667,
    "link": "https://www.sec.gov/Archives/edgar/data/52988/000089843099003213/0000898430-99-003213-index.html",
    "finalLink": "https://www.sec.gov/Archives/edgar/data/52988/000089843099003213/"
  },
  {
    "date": "1999-03-31",
    "symbol": "J",
    "reportedCurrency": "USD",
    "cik": "0000052988",
    "fillingDate": "1999-05-13",
    "acceptedDate": "1999-05-13 00:00:00",
    "calendarYear": "1999",
    "period": "Q2",
    "revenue": 779900000,
    "costOfRevenue": 659300000,
    "grossProfit": 120600000,
    "grossProfitRatio": 0.1546352096,
    "researchAndDevelopmentExpenses": 0,
    "generalAndAdministrativeExpenses": 0,
    "sellingAndMarketingExpenses": 0,
    "sellingGeneralAndAdministrativeExpenses": 84200000,
    "otherExpenses": 0,
    "operatingExpenses": 92500000,
    "costAndExpenses": 751800000,
    "interestIncome": 0,
    "interestExpense": 0,
    "depreciationAndAmortization": 8300000,
    "ebitda": 36400000,
    "ebitdaratio": 0.0466726503,
    "operatingIncome": 28100000,
    "operatingIncomeRatio": 0.0360302603,
    "totalOtherIncomeExpensesNet": -2174000,
    "incomeBeforeTax": 25900000,
    "incomeBeforeTaxRatio": 0.0332093858,
    "incomeTaxExpense": 9700000,
    "netIncome": 16200000,
    "netIncomeRatio": 0.0207718938,
    "eps": 0.16,
    "epsdiluted": 0.15,
    "weightedAverageShsOut": 102857143,
    "weightedAverageShsOutDil": 106229508,
    "link": "https://www.sec.gov/Archives/edgar/data/52988/000089843099002042/0000898430-99-002042-index.html",
    "finalLink": "https://www.sec.gov/Archives/edgar/data/52988/"
  },
  {
    "date": "1998-12-31",
    "symbol": "J",
    "reportedCurrency": "USD",
    "cik": "0000052988",
    "fillingDate": "1999-02-10",
    "acceptedDate": "1999-02-10 00:00:00",
    "calendarYear": "1999",
    "period": "Q1",
    "revenue": 555200000,
    "costOfRevenue": 480900000,
    "grossProfit": 74300000,
    "grossProfitRatio": 0.1338256484,
    "researchAndDevelopmentExpenses": 0,
    "generalAndAdministrativeExpenses": 0,
    "sellingAndMarketingExpenses": 0,
    "sellingGeneralAndAdministrativeExpenses": 45200000,
    "otherExpenses": 0,
    "operatingExpenses": 51200000,
    "costAndExpenses": 532100000,
    "interestIncome": 0,
    "interestExpense": 0,
    "depreciationAndAmortization": 6000000,
    "ebitda": 28100000,
    "ebitdaratio": 0.0506123919,
    "operatingIncome": 22100000,
    "operatingIncomeRatio": 0.0398054755,
    "totalOtherIncomeExpensesNet": 2000000,
    "incomeBeforeTax": 24100000,
    "incomeBeforeTaxRatio": 0.043407781,
    "incomeTaxExpense": 8900000,
    "netIncome": 15200000,
    "netIncomeRatio": 0.0273775216,
    "eps": 0.15,
    "epsdiluted": 0.14,
    "weightedAverageShsOut": 103050847,
    "weightedAverageShsOutDil": 104827586,
    "link": "https://www.sec.gov/Archives/edgar/data/52988/000089843099000440/0000898430-99-000440-index.html",
    "finalLink": "https://www.sec.gov/Archives/edgar/data/52988/"
  },
  {
    "date": "1998-09-30",
    "symbol": "J",
    "reportedCurrency": "USD",
    "cik": "0000052988",
    "fillingDate": "1998-12-28",
    "acceptedDate": "1998-12-28 00:00:00",
    "calendarYear": "1998",
    "period": "Q4",
    "revenue": 544900000,
    "costOfRevenue": 471300000,
    "grossProfit": 73600000,
    "grossProfitRatio": 0.1350706552,
    "researchAndDevelopmentExpenses": 0,
    "generalAndAdministrativeExpenses": 0,
    "sellingAndMarketingExpenses": 0,
    "sellingGeneralAndAdministrativeExpenses": 46500000,
    "otherExpenses": 0,
    "operatingExpenses": 51600000,
    "costAndExpenses": 522900000,
    "interestIncome": 0,
    "interestExpense": 0,
    "depreciationAndAmortization": 5100000,
    "ebitda": 26000000,
    "ebitdaratio": 0.0477151771,
    "operatingIncome": 20900000,
    "operatingIncomeRatio": 0.0383556616,
    "totalOtherIncomeExpensesNet": 2300000,
    "incomeBeforeTax": 23200000,
    "incomeBeforeTaxRatio": 0.0425766196,
    "incomeTaxExpense": 8800000,
    "netIncome": 14400000,
    "netIncomeRatio": 0.0264268673,
    "eps": 0.14,
    "epsdiluted": 0.14,
    "weightedAverageShsOut": 102873730,
    "weightedAverageShsOutDil": 104736048,
    "link": "https://www.sec.gov/Archives/edgar/data/52988/000089843098004557/0000898430-98-004557-index.html",
    "finalLink": "https://www.sec.gov/Archives/edgar/data/52988/"
  },
  {
    "date": "1998-06-30",
    "symbol": "J",
    "reportedCurrency": "USD",
    "cik": "0000052988",
    "fillingDate": "1998-08-12",
    "acceptedDate": "1998-08-12 00:00:00",
    "calendarYear": "1998",
    "period": "Q3",
    "revenue": 525000000,
    "costOfRevenue": 451000000,
    "grossProfit": 74000000,
    "grossProfitRatio": 0.140952381,
    "researchAndDevelopmentExpenses": 0,
    "generalAndAdministrativeExpenses": 0,
    "sellingAndMarketingExpenses": 0,
    "sellingGeneralAndAdministrativeExpenses": 44900000,
    "otherExpenses": 0,
    "operatingExpenses": 51600000,
    "costAndExpenses": 502600000,
    "interestIncome": 0,
    "interestExpense": 0,
    "depreciationAndAmortization": 6700000,
    "ebitda": 28800000,
    "ebitdaratio": 0.0548571429,
    "operatingIncome": 22100000,
    "operatingIncomeRatio": 0.0420952381,
    "totalOtherIncomeExpensesNet": 700000,
    "incomeBeforeTax": 22800000,
    "incomeBeforeTaxRatio": 0.0434285714,
    "incomeTaxExpense": 8900000,
    "netIncome": 13900000,
    "netIncomeRatio": 0.0264761905,
    "eps": 0.14,
    "epsdiluted": 0.13,
    "weightedAverageShsOut": 102962963,
    "weightedAverageShsOutDil": 104905660,
    "link": "https://www.sec.gov/Archives/edgar/data/52988/000104746998030687/0001047469-98-030687-index.html",
    "finalLink": "https://www.sec.gov/Archives/edgar/data/52988/"
  },
  {
    "date": "1998-03-31",
    "symbol": "J",
    "reportedCurrency": "USD",
    "cik": "0000052988",
    "fillingDate": "1998-05-12",
    "acceptedDate": "1998-05-12 00:00:00",
    "calendarYear": "1998",
    "period": "Q2",
    "revenue": 524800000,
    "costOfRevenue": 449700000,
    "grossProfit": 75100000,
    "grossProfitRatio": 0.1431021341,
    "researchAndDevelopmentExpenses": 0,
    "generalAndAdministrativeExpenses": 0,
    "sellingAndMarketingExpenses": 0,
    "sellingGeneralAndAdministrativeExpenses": 47300000,
    "otherExpenses": 0,
    "operatingExpenses": 53400000,
    "costAndExpenses": 503100000,
    "interestIncome": 0,
    "interestExpense": 0,
    "depreciationAndAmortization": 6100000,
    "ebitda": 27700000,
    "ebitdaratio": 0.0527820122,
    "operatingIncome": 21600000,
    "operatingIncomeRatio": 0.0411585366,
    "totalOtherIncomeExpensesNet": 200000,
    "incomeBeforeTax": 21800000,
    "incomeBeforeTaxRatio": 0.0415396341,
    "incomeTaxExpense": 8500000,
    "netIncome": 13300000,
    "netIncomeRatio": 0.0253429878,
    "eps": 0.13,
    "epsdiluted": 0.13,
    "weightedAverageShsOut": 102307692,
    "weightedAverageShsOutDil": 104313725,
    "link": "https://www.sec.gov/Archives/edgar/data/52988/000089843098001839/0000898430-98-001839-index.html",
    "finalLink": "https://www.sec.gov/Archives/edgar/data/52988/"
  },
  {
    "date": "1997-12-31",
    "symbol": "J",
    "reportedCurrency": "USD",
    "cik": "0000052988",
    "fillingDate": "1998-02-12",
    "acceptedDate": "1998-02-12 00:00:00",
    "calendarYear": "1998",
    "period": "Q1",
    "revenue": 506400000,
    "costOfRevenue": 435700000,
    "grossProfit": 70700000,
    "grossProfitRatio": 0.1396129542,
    "researchAndDevelopmentExpenses": 0,
    "generalAndAdministrativeExpenses": 0,
    "sellingAndMarketingExpenses": 0,
    "sellingGeneralAndAdministrativeExpenses": 45300000,
    "otherExpenses": 0,
    "operatingExpenses": 50400000,
    "costAndExpenses": 486100000,
    "interestIncome": 0,
    "interestExpense": 0,
    "depreciationAndAmortization": 5100000,
    "ebitda": 24600000,
    "ebitdaratio": 0.0485781991,
    "operatingIncome": 19500000,
    "operatingIncomeRatio": 0.038507109,
    "totalOtherIncomeExpensesNet": 1500000,
    "incomeBeforeTax": 21000000,
    "incomeBeforeTaxRatio": 0.0414691943,
    "incomeTaxExpense": 8200000,
    "netIncome": 12800000,
    "netIncomeRatio": 0.0252764613,
    "eps": 0.13,
    "epsdiluted": 0.12,
    "weightedAverageShsOut": 102400000,
    "weightedAverageShsOutDil": 104489796,
    "link": "https://www.sec.gov/Archives/edgar/data/52988/000101706298000267/0001017062-98-000267-index.html",
    "finalLink": "https://www.sec.gov/Archives/edgar/data/52988/"
  },
  {
    "date": "1997-09-30",
    "symbol": "J",
    "reportedCurrency": "USD",
    "cik": "0000052988",
    "fillingDate": "1997-12-23",
    "acceptedDate": "1997-12-23 00:00:00",
    "calendarYear": "1997",
    "period": "Q4",
    "revenue": 479000000,
    "costOfRevenue": 405800000,
    "grossProfit": 73200000,
    "grossProfitRatio": 0.1528183716,
    "researchAndDevelopmentExpenses": 0,
    "generalAndAdministrativeExpenses": 0,
    "sellingAndMarketingExpenses": 0,
    "sellingGeneralAndAdministrativeExpenses": 48100000,
    "otherExpenses": 0,
    "operatingExpenses": 53100000,
    "costAndExpenses": 458900000,
    "interestIncome": 0,
    "interestExpense": 0,
    "depreciationAndAmortization": 5000000,
    "ebitda": 24500000,
    "ebitdaratio": 0.0511482255,
    "operatingIncome": 19500000,
    "operatingIncomeRatio": 0.0407098121,
    "totalOtherIncomeExpensesNet": 1200000,
    "incomeBeforeTax": 20700000,
    "incomeBeforeTaxRatio": 0.0432150313,
    "incomeTaxExpense": 8100000,
    "netIncome": 12600000,
    "netIncomeRatio": 0.0263048017,
    "eps": 0.12,
    "epsdiluted": 0.12,
    "weightedAverageShsOut": 102834008,
    "weightedAverageShsOutDil": 105070707,
    "link": "https://www.sec.gov/Archives/edgar/data/52988/000089843097005431/0000898430-97-005431-index.html",
    "finalLink": "https://www.sec.gov/Archives/edgar/data/52988/"
  },
  {
    "date": "1997-06-30",
    "symbol": "J",
    "reportedCurrency": "USD",
    "cik": "0000052988",
    "fillingDate": "1997-08-12",
    "acceptedDate": "1997-08-12 00:00:00",
    "calendarYear": "1997",
    "period": "Q3",
    "revenue": 430200000,
    "costOfRevenue": 368400000,
    "grossProfit": 61800000,
    "grossProfitRatio": 0.1436541144,
    "researchAndDevelopmentExpenses": 0,
    "generalAndAdministrativeExpenses": 0,
    "sellingAndMarketingExpenses": 0,
    "sellingGeneralAndAdministrativeExpenses": 38400000,
    "otherExpenses": 0,
    "operatingExpenses": 43200000,
    "costAndExpenses": 411600000,
    "interestIncome": 0,
    "interestExpense": 0,
    "depreciationAndAmortization": 4800000,
    "ebitda": 22100000,
    "ebitdaratio": 0.0513714551,
    "operatingIncome": 17300000,
    "operatingIncomeRatio": 0.040213854,
    "totalOtherIncomeExpensesNet": 2500000,
    "incomeBeforeTax": 19800000,
    "incomeBeforeTaxRatio": 0.0460251046,
    "incomeTaxExpense": 7800000,
    "netIncome": 12000000,
    "netIncomeRatio": 0.0278940028,
    "eps": 0.12,
    "epsdiluted": 0.12,
    "weightedAverageShsOut": 102127660,
    "weightedAverageShsOutDil": 104347826,
    "link": "https://www.sec.gov/Archives/edgar/data/52988/000089843097003325/0000898430-97-003325-index.html",
    "finalLink": "https://www.sec.gov/Archives/edgar/data/52988/"
  },
  {
    "date": "1997-03-31",
    "symbol": "J",
    "reportedCurrency": "USD",
    "cik": "0000052988",
    "fillingDate": "1997-05-12",
    "acceptedDate": "1997-05-12 00:00:00",
    "calendarYear": "1997",
    "period": "Q2",
    "revenue": 437700000,
    "costOfRevenue": 378300000,
    "grossProfit": 59400000,
    "grossProfitRatio": 0.13570939,
    "researchAndDevelopmentExpenses": 0,
    "generalAndAdministrativeExpenses": 0,
    "sellingAndMarketingExpenses": 0,
    "sellingGeneralAndAdministrativeExpenses": 37300000,
    "otherExpenses": 0,
    "operatingExpenses": 41700000,
    "costAndExpenses": 420000000,
    "interestIncome": 0,
    "interestExpense": 0,
    "depreciationAndAmortization": 4400000,
    "ebitda": 21000000,
    "ebitdaratio": 0.0479780672,
    "operatingIncome": 16600000,
    "operatingIncomeRatio": 0.0379255198,
    "totalOtherIncomeExpensesNet": 2300000,
    "incomeBeforeTax": 18900000,
    "incomeBeforeTaxRatio": 0.0431802605,
    "incomeTaxExpense": 7500000,
    "netIncome": 11400000,
    "netIncomeRatio": 0.0260452365,
    "eps": 0.11,
    "epsdiluted": 0.11,
    "weightedAverageShsOut": 103636364,
    "weightedAverageShsOutDil": 103636364,
    "link": "https://www.sec.gov/Archives/edgar/data/52988/000089843097002000/0000898430-97-002000-index.html",
    "finalLink": "https://www.sec.gov/Archives/edgar/data/52988/"
  },
  {
    "date": "1996-12-31",
    "symbol": "J",
    "reportedCurrency": "USD",
    "cik": "0000052988",
    "fillingDate": "1997-02-12",
    "acceptedDate": "1997-02-12 00:00:00",
    "calendarYear": "1997",
    "period": "Q1",
    "revenue": 433600000,
    "costOfRevenue": 375600000,
    "grossProfit": 58000000,
    "grossProfitRatio": 0.1337638376,
    "researchAndDevelopmentExpenses": 0,
    "generalAndAdministrativeExpenses": 0,
    "sellingAndMarketingExpenses": 0,
    "sellingGeneralAndAdministrativeExpenses": 36500000,
    "otherExpenses": 0,
    "operatingExpenses": 41100000,
    "costAndExpenses": 416700000,
    "interestIncome": 0,
    "interestExpense": 0,
    "depreciationAndAmortization": 4600000,
    "ebitda": 20500000,
    "ebitdaratio": 0.0472785978,
    "operatingIncome": 15900000,
    "operatingIncomeRatio": 0.0366697417,
    "totalOtherIncomeExpensesNet": 2100000,
    "incomeBeforeTax": 18000000,
    "incomeBeforeTaxRatio": 0.0415129151,
    "incomeTaxExpense": 7100000,
    "netIncome": 10900000,
    "netIncomeRatio": 0.0251383764,
    "eps": 0.11,
    "epsdiluted": 0.11,
    "weightedAverageShsOut": 103809524,
    "weightedAverageShsOutDil": 103809524,
    "link": "https://www.sec.gov/Archives/edgar/data/52988/000089843097000481/0000898430-97-000481-index.html",
    "finalLink": "https://www.sec.gov/Archives/edgar/data/52988/"
  },
  {
    "date": "1996-09-30",
    "symbol": "J",
    "reportedCurrency": "USD",
    "cik": "0000052988",
    "fillingDate": "1996-12-27",
    "acceptedDate": "1996-12-27 00:00:00",
    "calendarYear": "1996",
    "period": "Q4",
    "revenue": 404000000,
    "costOfRevenue": 346400000,
    "grossProfit": 57600000,
    "grossProfitRatio": 0.1425742574,
    "researchAndDevelopmentExpenses": 0,
    "generalAndAdministrativeExpenses": 0,
    "sellingAndMarketingExpenses": 0,
    "sellingGeneralAndAdministrativeExpenses": 36300000,
    "otherExpenses": 0,
    "operatingExpenses": 41200000,
    "costAndExpenses": 387600000,
    "interestIncome": 0,
    "interestExpense": 0,
    "depreciationAndAmortization": 4900000,
    "ebitda": 20300000,
    "ebitdaratio": 0.0502475248,
    "operatingIncome": 15400000,
    "operatingIncomeRatio": 0.0381188119,
    "totalOtherIncomeExpensesNet": 2200000,
    "incomeBeforeTax": 17600000,
    "incomeBeforeTaxRatio": 0.0435643564,
    "incomeTaxExpense": 7000000,
    "netIncome": 10600000,
    "netIncomeRatio": 0.0262376238,
    "eps": 0.1,
    "epsdiluted": 0.1,
    "weightedAverageShsOut": 103402453,
    "weightedAverageShsOutDil": 103652174,
    "link": "https://www.sec.gov/Archives/edgar/data/52988/000089843096005938/0000898430-96-005938-index.html",
    "finalLink": "https://www.sec.gov/Archives/edgar/data/52988/"
  },
  {
    "date": "1996-06-30",
    "symbol": "J",
    "reportedCurrency": "USD",
    "cik": "0000052988",
    "fillingDate": "1996-08-12",
    "acceptedDate": "1996-08-12 00:00:00",
    "calendarYear": "1996",
    "period": "Q3",
    "revenue": 436800000,
    "costOfRevenue": 379000000,
    "grossProfit": 57800000,
    "grossProfitRatio": 0.1323260073,
    "researchAndDevelopmentExpenses": 0,
    "generalAndAdministrativeExpenses": 0,
    "sellingAndMarketingExpenses": 0,
    "sellingGeneralAndAdministrativeExpenses": 36700000,
    "otherExpenses": 0,
    "operatingExpenses": 41200000,
    "costAndExpenses": 420200000,
    "interestIncome": 0,
    "interestExpense": 0,
    "depreciationAndAmortization": 4500000,
    "ebitda": 20600000,
    "ebitdaratio": 0.0471611722,
    "operatingIncome": 16100000,
    "operatingIncomeRatio": 0.0368589744,
    "totalOtherIncomeExpensesNet": 1100000,
    "incomeBeforeTax": 17200000,
    "incomeBeforeTaxRatio": 0.0393772894,
    "incomeTaxExpense": 6800000,
    "netIncome": 10400000,
    "netIncomeRatio": 0.0238095238,
    "eps": 0.1,
    "epsdiluted": 0.1,
    "weightedAverageShsOut": 104000000,
    "weightedAverageShsOutDil": 104000000,
    "link": "https://www.sec.gov/Archives/edgar/data/52988/000089843096003674/0000898430-96-003674-index.html",
    "finalLink": "https://www.sec.gov/Archives/edgar/data/52988/"
  },
  {
    "date": "1996-03-31",
    "symbol": "J",
    "reportedCurrency": "USD",
    "cik": "0000052988",
    "fillingDate": "1996-05-10",
    "acceptedDate": "1996-05-10 00:00:00",
    "calendarYear": "1996",
    "period": "Q2",
    "revenue": 487000000,
    "costOfRevenue": 430300000,
    "grossProfit": 56700000,
    "grossProfitRatio": 0.1164271047,
    "researchAndDevelopmentExpenses": 0,
    "generalAndAdministrativeExpenses": 0,
    "sellingAndMarketingExpenses": 0,
    "sellingGeneralAndAdministrativeExpenses": 36500000,
    "otherExpenses": 0,
    "operatingExpenses": 40500000,
    "costAndExpenses": 470800000,
    "interestIncome": 0,
    "interestExpense": 0,
    "depreciationAndAmortization": 4000000,
    "ebitda": 20000000,
    "ebitdaratio": 0.0410677618,
    "operatingIncome": 16000000,
    "operatingIncomeRatio": 0.0328542094,
    "totalOtherIncomeExpensesNet": 400000,
    "incomeBeforeTax": 16400000,
    "incomeBeforeTaxRatio": 0.0336755647,
    "incomeTaxExpense": 6500000,
    "netIncome": 9900000,
    "netIncomeRatio": 0.0203285421,
    "eps": 0.095,
    "epsdiluted": 0.095,
    "weightedAverageShsOut": 104210526,
    "weightedAverageShsOutDil": 104210526,
    "link": "https://www.sec.gov/Archives/edgar/data/52988/000089843096001705/0000898430-96-001705-index.html",
    "finalLink": "https://www.sec.gov/Archives/edgar/data/52988/"
  },
  {
    "date": "1995-12-31",
    "symbol": "J",
    "reportedCurrency": "USD",
    "cik": "0000052988",
    "fillingDate": "1996-02-12",
    "acceptedDate": "1996-02-12 00:00:00",
    "calendarYear": "1996",
    "period": "Q1",
    "revenue": 471100000,
    "costOfRevenue": 417900000,
    "grossProfit": 53200000,
    "grossProfitRatio": 0.1129271917,
    "researchAndDevelopmentExpenses": 0,
    "generalAndAdministrativeExpenses": 0,
    "sellingAndMarketingExpenses": 0,
    "sellingGeneralAndAdministrativeExpenses": 34000000,
    "otherExpenses": 0,
    "operatingExpenses": 37900000,
    "costAndExpenses": 455800000,
    "interestIncome": 0,
    "interestExpense": 0,
    "depreciationAndAmortization": 3900000,
    "ebitda": 18700000,
    "ebitdaratio": 0.0396943324,
    "operatingIncome": 14800000,
    "operatingIncomeRatio": 0.0314158353,
    "totalOtherIncomeExpensesNet": 1100000,
    "incomeBeforeTax": 15900000,
    "incomeBeforeTaxRatio": 0.033750796,
    "incomeTaxExpense": 6300000,
    "netIncome": 9600000,
    "netIncomeRatio": 0.0203778391,
    "eps": 0.0925,
    "epsdiluted": 0.0925,
    "weightedAverageShsOut": 103783784,
    "weightedAverageShsOutDil": 103783784,
    "link": "https://www.sec.gov/Archives/edgar/data/52988/000089843096000423/0000898430-96-000423-index.html",
    "finalLink": "https://www.sec.gov/Archives/edgar/data/52988/"
  },
  {
    "date": "1995-09-30",
    "symbol": "J",
    "reportedCurrency": "USD",
    "cik": "0000052988",
    "fillingDate": "1995-12-27",
    "acceptedDate": "1995-12-27 00:00:00",
    "calendarYear": "1995",
    "period": "Q4",
    "revenue": 469400000,
    "costOfRevenue": 416200000,
    "grossProfit": 53200000,
    "grossProfitRatio": 0.1133361738,
    "researchAndDevelopmentExpenses": 0,
    "generalAndAdministrativeExpenses": 0,
    "sellingAndMarketingExpenses": 0,
    "sellingGeneralAndAdministrativeExpenses": 35500000,
    "otherExpenses": 0,
    "operatingExpenses": 38500000,
    "costAndExpenses": 454700000,
    "interestIncome": 0,
    "interestExpense": 0,
    "depreciationAndAmortization": 3000000,
    "ebitda": 17400000,
    "ebitdaratio": 0.0370685982,
    "operatingIncome": 14400000,
    "operatingIncomeRatio": 0.0306774606,
    "totalOtherIncomeExpensesNet": 400000,
    "incomeBeforeTax": 14800000,
    "incomeBeforeTaxRatio": 0.0315296123,
    "incomeTaxExpense": 5900000,
    "netIncome": 8900000,
    "netIncomeRatio": 0.0189603749,
    "eps": 0.0875,
    "epsdiluted": 0.0875,
    "weightedAverageShsOut": 101756248,
    "weightedAverageShsOutDil": 101756248,
    "link": "https://www.sec.gov/Archives/edgar/data/52988/000089843095002730/0000898430-95-002730-index.html",
    "finalLink": "https://www.sec.gov/Archives/edgar/data/52988/"
  }
]