[
  {
    "date": "2024-09-27",
    "symbol": "J",
    "reportedCurrency": "USD",
    "cik": "0000052988",
    "fillingDate": "2024-11-25",
    "acceptedDate": "2024-11-25 06:37:16",
    "calendarYear": "2024",
    "period": "FY",
    "revenue": 11500941000,
    "costOfRevenue": 8668185000,
    "grossProfit": 2832756000,
    "grossProfitRatio": 0.2463064544,
    "researchAndDevelopmentExpenses": 0,
    "generalAndAdministrativeExpenses": 0,
    "sellingAndMarketingExpenses": 0,
    "sellingGeneralAndAdministrativeExpenses": 2140320000,
    "otherExpenses": 0,
    "operatingExpenses": 2140320000,
    "costAndExpenses": 10808505000,
    "interestIncome": 34454000,
    "interestExpense": 169058000,
    "depreciationAndAmortization": 308739000,
    "ebitda": 1255083000,
    "ebitdaratio": 0.1091287226,
    "operatingIncome": 692436000,
    "operatingIncomeRatio": 0.0602068996,
    "totalOtherIncomeExpensesNet": 84850000,
    "incomeBeforeTax": 777286000,
    "incomeBeforeTaxRatio": 0.0675845568,
    "incomeTaxExpense": 131493000,
    "netIncome": 806093000,
    "netIncomeRatio": 0.0700893083,
    "eps": 6.35,
    "epsdiluted": 6.32,
    "weightedAverageShsOut": 125324000,
    "weightedAverageShsOutDil": 125881000,
    "link": "https://www.sec.gov/Archives/edgar/data/52988/000005298824000065/0000052988-24-000065-index.htm",
    "finalLink": "https://www.sec.gov/Archives/edgar/data/52988/000005298824000065/jec-20240927.htm"
  },
  {
    "date": "2023-09-29",
    "symbol": "J",
    "reportedCurrency": "USD",
    "cik": "0000052988",
    "fillingDate": "2023-11-21",
    "acceptedDate": "2023-11-21 15:50:32",
    "calendarYear": "2023",
    "period": "FY",
    "revenue": 10851420000,
    "costOfRevenue": 8140560000,
    "grossProfit": 2710860000,
    "grossProfitRatio": 0.2498161531,
    "researchAndDevelopmentExpenses": 0,
    "generalAndAdministrativeExpenses": 0,
    "sellingAndMarketingExpenses": 0,
    "sellingGeneralAndAdministrativeExpenses": 2034376000,
    "otherExpenses": 0,
    "operatingExpenses": 2034376000,
    "costAndExpenses": 10174936000,
    "interestIncome": 24975000,
    "interestExpense": 168085000,
    "depreciationAndAmortization": 307252000,
    "ebitda": 996312000,
    "ebitdaratio": 0.0918139746,
    "operatingIncome": 676484000,
    "operatingIncomeRatio": 0.0623405969,
    "totalOtherIncomeExpensesNet": -155509000,
    "incomeBeforeTax": 520975000,
    "incomeBeforeTaxRatio": 0.0480098457,
    "incomeTaxExpense": 101336000,
    "netIncome": 665777000,
    "netIncomeRatio": 0.0613539058,
    "eps": 5.32,
    "epsdiluted": 5.3,
    "weightedAverageShsOut": 126607000,
    "weightedAverageShsOutDil": 127214000,
    "link": "https://www.sec.gov/Archives/edgar/data/52988/000005298823000084/0000052988-23-000084-index.htm",
    "finalLink": "https://www.sec.gov/Archives/edgar/data/52988/000005298823000084/jec-20230929.htm"
  },
  {
    "date": "2022-09-30",
    "symbol": "J",
    "reportedCurrency": "USD",
    "cik": "0000052988",
    "fillingDate": "2022-11-21",
    "acceptedDate": "2022-11-21 07:09:51",
    "calendarYear": "2022",
    "period": "FY",
    "revenue": 9783074000,
    "costOfRevenue": 7203115000,
    "grossProfit": 2579959000,
    "grossProfitRatio": 0.2637165987,
    "researchAndDevelopmentExpenses": 0,
    "generalAndAdministrativeExpenses": 0,
    "sellingAndMarketingExpenses": 0,
    "sellingGeneralAndAdministrativeExpenses": 2040075000,
    "otherExpenses": 0,
    "operatingExpenses": 2040075000,
    "costAndExpenses": 9243190000,
    "interestIncome": 4301000,
    "interestExpense": 100187000,
    "depreciationAndAmortization": 301056000,
    "ebitda": 878740000,
    "ebitdaratio": 0.0898224832,
    "operatingIncome": 539884000,
    "operatingIncomeRatio": 0.0551855174,
    "totalOtherIncomeExpensesNet": -62387000,
    "incomeBeforeTax": 477497000,
    "incomeBeforeTaxRatio": 0.0488084829,
    "incomeTaxExpense": 66328000,
    "netIncome": 644039000,
    "netIncomeRatio": 0.0658319665,
    "eps": 5.01,
    "epsdiluted": 4.98,
    "weightedAverageShsOut": 128665000,
    "weightedAverageShsOutDil": 129445000,
    "link": "https://www.sec.gov/Archives/edgar/data/52988/000005298822000111/0000052988-22-000111-index.htm",
    "finalLink": "https://www.sec.gov/Archives/edgar/data/52988/000005298822000111/jec-20220930.htm"
  },
  {
    "date": "2021-10-01",
    "symbol": "J",
    "reportedCurrency": "USD",
    "cik": "0000052988",
    "fillingDate": "2021-11-23",
    "acceptedDate": "2021-11-23 07:03:48",
    "calendarYear": "2021",
    "period": "FY",
    "revenue": 14092632000,
    "costOfRevenue": 11048860000,
    "grossProfit": 3043772000,
    "grossProfitRatio": 0.2159832173,
    "researchAndDevelopmentExpenses": 0,
    "generalAndAdministrativeExpenses": 0,
    "sellingAndMarketingExpenses": 0,
    "sellingGeneralAndAdministrativeExpenses": 2355683000,
    "otherExpenses": 0,
    "operatingExpenses": 2355683000,
    "costAndExpenses": 13404543000,
    "interestIncome": 3503000,
    "interestExpense": 72714000,
    "depreciationAndAmortization": 250800000,
    "ebitda": 1019116000,
    "ebitdaratio": 0.0723155192,
    "operatingIncome": 688089000,
    "operatingIncomeRatio": 0.0488261526,
    "totalOtherIncomeExpensesNet": 7513000,
    "incomeBeforeTax": 695602000,
    "incomeBeforeTaxRatio": 0.049359268,
    "incomeTaxExpense": 274781000,
    "netIncome": 477030000,
    "netIncomeRatio": 0.0338496031,
    "eps": 3.1,
    "epsdiluted": 3.08,
    "weightedAverageShsOut": 130193999,
    "weightedAverageShsOutDil": 131274000,
    "link": "https://www.sec.gov/Archives/edgar/data/52988/000005298821000065/0000052988-21-000065-index.htm",
    "finalLink": "https://www.sec.gov/Archives/edgar/data/52988/000005298821000065/jec-20211001.htm"
  },
  {
    "date": "2020-10-02",
    "symbol": "J",
    "reportedCurrency": "USD",
    "cik": "0000052988",
    "fillingDate": "2020-11-24",
    "acceptedDate": "2020-11-24 07:13:57",
    "calendarYear": "2020",
    "period": "FY",
    "revenue": 13566975000,
    "costOfRevenue": 10980307000,
    "grossProfit": 2586668000,
    "grossProfitRatio": 0.1906591558,
    "researchAndDevelopmentExpenses": 0,
    "generalAndAdministrativeExpenses": 0,
    "sellingAndMarketingExpenses": 0,
    "sellingGeneralAndAdministrativeExpenses": 2050695000,
    "otherExpenses": 0,
    "operatingExpenses": 2050695000,
    "costAndExpenses": 13031002000,
    "interestIncome": 4729000,
    "interestExpense": 62206000,
    "depreciationAndAmortization": 181633000,
    "ebitda": 685042000,
    "ebitdaratio": 0.0504933487,
    "operatingIncome": 535973000,
    "operatingIncomeRatio": 0.0395057115,
    "totalOtherIncomeExpensesNet": -94770000,
    "incomeBeforeTax": 441203000,
    "incomeBeforeTaxRatio": 0.0325203666,
    "incomeTaxExpense": 55320000,
    "netIncome": 491845000,
    "netIncomeRatio": 0.0362531073,
    "eps": 2.9,
    "epsdiluted": 2.87,
    "weightedAverageShsOut": 131541000,
    "weightedAverageShsOutDil": 132721000,
    "link": "https://www.sec.gov/Archives/edgar/data/52988/000005298820000070/0000052988-20-000070-index.htm",
    "finalLink": "https://www.sec.gov/Archives/edgar/data/52988/000005298820000070/jec-20201002.htm"
  },
  {
    "date": "2019-09-27",
    "symbol": "J",
    "reportedCurrency": "USD",
    "cik": "0000052988",
    "fillingDate": "2019-11-25",
    "acceptedDate": "2019-11-25 07:28:00",
    "calendarYear": "2019",
    "period": "FY",
    "revenue": 12737868000,
    "costOfRevenue": 10260840000,
    "grossProfit": 2477028000,
    "grossProfitRatio": 0.1944617419,
    "researchAndDevelopmentExpenses": 0,
    "generalAndAdministrativeExpenses": 0,
    "sellingAndMarketingExpenses": 0,
    "sellingGeneralAndAdministrativeExpenses": 2072177000,
    "otherExpenses": 0,
    "operatingExpenses": 2072177000,
    "costAndExpenses": 12333017000,
    "interestIncome": 9487000,
    "interestExpense": 83847000,
    "depreciationAndAmortization": 169269000,
    "ebitda": 604075000,
    "ebitdaratio": 0.0474235563,
    "operatingIncome": 404851000,
    "operatingIncomeRatio": 0.0317832623,
    "totalOtherIncomeExpensesNet": -53892000,
    "incomeBeforeTax": 350959000,
    "incomeBeforeTaxRatio": 0.027552413,
    "incomeTaxExpense": 36954000,
    "netIncome": 847979000,
    "netIncomeRatio": 0.0665715016,
    "eps": -0.64,
    "epsdiluted": -0.64,
    "weightedAverageShsOut": 137907000,
    "weightedAverageShsOutDil": 137907000,
    "link": "https://www.sec.gov/Archives/edgar/data/52988/000005298819000069/0000052988-19-000069-index.htm",
    "finalLink": "https://www.sec.gov/Archives/edgar/data/52988/000005298819000069/jecfy201910-k1.htm"
  },
  {
    "date": "2018-09-28",
    "symbol": "J",
    "reportedCurrency": "USD",
    "cik": "0000052988",
    "fillingDate": "2018-11-21",
    "acceptedDate": "2018-11-21 17:08:45",
    "calendarYear": "2018",
    "period": "FY",
    "revenue": 14984646000,
    "costOfRevenue": 12156276000,
    "grossProfit": 2828370000,
    "grossProfitRatio": 0.1887512057,
    "researchAndDevelopmentExpenses": 0,
    "generalAndAdministrativeExpenses": 0,
    "sellingAndMarketingExpenses": 0,
    "sellingGeneralAndAdministrativeExpenses": 2180399000,
    "otherExpenses": -4523000,
    "operatingExpenses": 2180399000,
    "costAndExpenses": 14336675000,
    "interestIncome": 8984000,
    "interestExpense": 76760000,
    "depreciationAndAmortization": 198587000,
    "ebitda": 606328000,
    "ebitdaratio": 0.0404632849,
    "operatingIncome": 647971000,
    "operatingIncomeRatio": 0.0432423295,
    "totalOtherIncomeExpensesNet": -56462000,
    "incomeBeforeTax": 554705000,
    "incomeBeforeTaxRatio": 0.0370182252,
    "incomeTaxExpense": 366563000,
    "netIncome": 178431000,
    "netIncomeRatio": 0.0119075886,
    "eps": 1.3,
    "epsdiluted": 1.29,
    "weightedAverageShsOut": 137536000,
    "weightedAverageShsOutDil": 138712000,
    "link": "https://www.sec.gov/Archives/edgar/data/52988/000005298818000036/0000052988-18-000036-index.htm",
    "finalLink": "https://www.sec.gov/Archives/edgar/data/52988/000005298818000036/jecfy201810-k.htm"
  },
  {
    "date": "2017-09-29",
    "symbol": "J",
    "reportedCurrency": "USD",
    "cik": "0000052988",
    "fillingDate": "2017-11-21",
    "acceptedDate": "2017-11-21 17:06:49",
    "calendarYear": "2017",
    "period": "FY",
    "revenue": 10022788000,
    "costOfRevenue": 8250536000,
    "grossProfit": 1772252000,
    "grossProfitRatio": 0.1768222574,
    "researchAndDevelopmentExpenses": 0,
    "generalAndAdministrativeExpenses": 0,
    "sellingAndMarketingExpenses": 0,
    "sellingGeneralAndAdministrativeExpenses": 1379983000,
    "otherExpenses": -6645000,
    "operatingExpenses": 1379983000,
    "costAndExpenses": 9630519000,
    "interestIncome": 8748000,
    "interestExpense": 12035000,
    "depreciationAndAmortization": 122513000,
    "ebitda": 527765000,
    "ebitdaratio": 0.0526565064,
    "operatingIncome": 392269000,
    "operatingIncomeRatio": 0.039137713,
    "totalOtherIncomeExpensesNet": 149075000,
    "incomeBeforeTax": 393217000,
    "incomeBeforeTaxRatio": 0.0392322974,
    "incomeTaxExpense": 105842000,
    "netIncome": 293727000,
    "netIncomeRatio": 0.0293059177,
    "eps": 2.43,
    "epsdiluted": 2.42,
    "weightedAverageShsOut": 119370000,
    "weightedAverageShsOutDil": 120147000,
    "link": "https://www.sec.gov/Archives/edgar/data/52988/000156459017024192/0001564590-17-024192-index.htm",
    "finalLink": "https://www.sec.gov/Archives/edgar/data/52988/000156459017024192/jec-10k_20170929.htm"
  },
  {
    "date": "2016-09-30",
    "symbol": "J",
    "reportedCurrency": "USD",
    "cik": "0000052988",
    "fillingDate": "2016-11-22",
    "acceptedDate": "2016-11-22 09:46:55",
    "calendarYear": "2016",
    "period": "FY",
    "revenue": 10964157000,
    "costOfRevenue": 9196326000,
    "grossProfit": 1767831000,
    "grossProfitRatio": 0.1612372935,
    "researchAndDevelopmentExpenses": 0,
    "generalAndAdministrativeExpenses": 0,
    "sellingAndMarketingExpenses": 0,
    "sellingGeneralAndAdministrativeExpenses": 1429233000,
    "otherExpenses": -3053000,
    "operatingExpenses": 1429233000,
    "costAndExpenses": 10625559000,
    "interestIncome": 7848000,
    "interestExpense": 15260000,
    "depreciationAndAmortization": 129971000,
    "ebitda": 431954000,
    "ebitdaratio": 0.0393969185,
    "operatingIncome": 338598000,
    "operatingIncomeRatio": 0.0308822648,
    "totalOtherIncomeExpensesNet": -51875000,
    "incomeBeforeTax": 286723000,
    "incomeBeforeTaxRatio": 0.0261509389,
    "incomeTaxExpense": 72208000,
    "netIncome": 210463000,
    "netIncomeRatio": 0.0191955478,
    "eps": 1.75,
    "epsdiluted": 1.73,
    "weightedAverageShsOut": 120133000,
    "weightedAverageShsOutDil": 121483000,
    "link": "https://www.sec.gov/Archives/edgar/data/52988/000156459016029571/0001564590-16-029571-index.htm",
    "finalLink": "https://www.sec.gov/Archives/edgar/data/52988/000156459016029571/jec-10k_20160930.htm"
  },
  {
    "date": "2015-10-02",
    "symbol": "J",
    "reportedCurrency": "USD",
    "cik": "0000052988",
    "fillingDate": "2015-11-24",
    "acceptedDate": "2015-11-23 21:36:08",
    "calendarYear": "2015",
    "period": "FY",
    "revenue": 12114832000,
    "costOfRevenue": 10146494000,
    "grossProfit": 1968338000,
    "grossProfitRatio": 0.1624734045,
    "researchAndDevelopmentExpenses": 1533000,
    "generalAndAdministrativeExpenses": 0,
    "sellingAndMarketingExpenses": 0,
    "sellingGeneralAndAdministrativeExpenses": 1522811000,
    "otherExpenses": -3149000,
    "operatingExpenses": 1522811000,
    "costAndExpenses": 11669305000,
    "interestIncome": 7262000,
    "interestExpense": 19503000,
    "depreciationAndAmortization": 149292000,
    "ebitda": 598932000,
    "ebitdaratio": 0.0494379121,
    "operatingIncome": 445527000,
    "operatingIncomeRatio": 0.0367753346,
    "totalOtherIncomeExpensesNet": -15390000,
    "incomeBeforeTax": 430137000,
    "incomeBeforeTaxRatio": 0.0355049909,
    "incomeTaxExpense": 101255000,
    "netIncome": 302971000,
    "netIncomeRatio": 0.0250082709,
    "eps": 2.42,
    "epsdiluted": 2.4,
    "weightedAverageShsOut": 125007000,
    "weightedAverageShsOutDil": 126110000,
    "link": "https://www.sec.gov/Archives/edgar/data/52988/000005298815000155/0000052988-15-000155-index.htm",
    "finalLink": "https://www.sec.gov/Archives/edgar/data/52988/000005298815000155/fiscal2015form10-k.htm"
  },
  {
    "date": "2014-09-26",
    "symbol": "J",
    "reportedCurrency": "USD",
    "cik": "0000052988",
    "fillingDate": "2014-11-24",
    "acceptedDate": "2014-11-21 17:54:08",
    "calendarYear": "2014",
    "period": "FY",
    "revenue": 12695157000,
    "costOfRevenue": 10621373000,
    "grossProfit": 2073784000,
    "grossProfitRatio": 0.1633523713,
    "researchAndDevelopmentExpenses": 1533000,
    "generalAndAdministrativeExpenses": 0,
    "sellingAndMarketingExpenses": 0,
    "sellingGeneralAndAdministrativeExpenses": 1545716000,
    "otherExpenses": 0,
    "operatingExpenses": 1545716000,
    "costAndExpenses": 12167089000,
    "interestIncome": 9693000,
    "interestExpense": 11437000,
    "depreciationAndAmortization": 145412000,
    "ebitda": 699015000,
    "ebitdaratio": 0.0550615483,
    "operatingIncome": 528068000,
    "operatingIncomeRatio": 0.0415960196,
    "totalOtherIncomeExpensesNet": 14098000,
    "incomeBeforeTax": 542166000,
    "incomeBeforeTaxRatio": 0.0427065219,
    "incomeTaxExpense": 190054000,
    "netIncome": 328108000,
    "netIncomeRatio": 0.0258451313,
    "eps": 2.51,
    "epsdiluted": 2.48,
    "weightedAverageShsOut": 130483000,
    "weightedAverageShsOutDil": 132371000,
    "link": "https://www.sec.gov/Archives/edgar/data/52988/000005298814000173/0000052988-14-000173-index.htm",
    "finalLink": "https://www.sec.gov/Archives/edgar/data/52988/000005298814000173/fiscal2014form10-k.htm"
  },
  {
    "date": "2013-09-27",
    "symbol": "J",
    "reportedCurrency": "USD",
    "cik": "0000052988",
    "fillingDate": "2013-11-22",
    "acceptedDate": "2013-11-22 15:56:16",
    "calendarYear": "2013",
    "period": "FY",
    "revenue": 11818376000,
    "costOfRevenue": 9976057000,
    "grossProfit": 1842319000,
    "grossProfitRatio": 0.1558859694,
    "researchAndDevelopmentExpenses": 1533000,
    "generalAndAdministrativeExpenses": 0,
    "sellingAndMarketingExpenses": 0,
    "sellingGeneralAndAdministrativeExpenses": 1173340000,
    "otherExpenses": 80000,
    "operatingExpenses": 1173340000,
    "costAndExpenses": 11149397000,
    "interestIncome": 5395000,
    "interestExpense": 12906000,
    "depreciationAndAmortization": 98874000,
    "ebitda": 773328000,
    "ebitdaratio": 0.065434371,
    "operatingIncome": 668979000,
    "operatingIncomeRatio": 0.0566049853,
    "totalOtherIncomeExpensesNet": -7431000,
    "incomeBeforeTax": 661548000,
    "incomeBeforeTaxRatio": 0.0559762187,
    "incomeTaxExpense": 221366000,
    "netIncome": 423093000,
    "netIncomeRatio": 0.0357995887,
    "eps": 3.27,
    "epsdiluted": 3.23,
    "weightedAverageShsOut": 129288000,
    "weightedAverageShsOutDil": 130945000,
    "link": "https://www.sec.gov/Archives/edgar/data/52988/000005298813000140/0000052988-13-000140-index.htm",
    "finalLink": "https://www.sec.gov/Archives/edgar/data/52988/000005298813000140/fiscal2013form10-k.htm"
  },
  {
    "date": "2012-09-28",
    "symbol": "J",
    "reportedCurrency": "USD",
    "cik": "0000052988",
    "fillingDate": "2012-11-20",
    "acceptedDate": "2012-11-20 17:04:40",
    "calendarYear": "2012",
    "period": "FY",
    "revenue": 10893778000,
    "costOfRevenue": 9166789000,
    "grossProfit": 1726989000,
    "grossProfitRatio": 0.1585298507,
    "researchAndDevelopmentExpenses": 1533000,
    "generalAndAdministrativeExpenses": 0,
    "sellingAndMarketingExpenses": 0,
    "sellingGeneralAndAdministrativeExpenses": 1130916000,
    "otherExpenses": 2900000,
    "operatingExpenses": 1130916000,
    "costAndExpenses": 10297705000,
    "interestIncome": 6049000,
    "interestExpense": 11686000,
    "depreciationAndAmortization": 100824000,
    "ebitda": 705846000,
    "ebitdaratio": 0.0647934996,
    "operatingIncome": 596073000,
    "operatingIncomeRatio": 0.0547168301,
    "totalOtherIncomeExpensesNet": -2737000,
    "incomeBeforeTax": 593336000,
    "incomeBeforeTaxRatio": 0.0544655858,
    "incomeTaxExpense": 202382000,
    "netIncome": 378954000,
    "netIncomeRatio": 0.0347862789,
    "eps": 2.97,
    "epsdiluted": 2.94,
    "weightedAverageShsOut": 127644000,
    "weightedAverageShsOutDil": 128692000,
    "link": "https://www.sec.gov/Archives/edgar/data/52988/000005298812000086/0000052988-12-000086-index.htm",
    "finalLink": "https://www.sec.gov/Archives/edgar/data/52988/000005298812000086/jec-9282012x10k.htm"
  },
  {
    "date": "2011-09-30",
    "symbol": "J",
    "reportedCurrency": "USD",
    "cik": "0000052988",
    "fillingDate": "2011-11-21",
    "acceptedDate": "2011-11-21 17:26:43",
    "calendarYear": "2011",
    "period": "FY",
    "revenue": 10381664000,
    "costOfRevenue": 8822171000,
    "grossProfit": 1559493000,
    "grossProfitRatio": 0.1502160925,
    "researchAndDevelopmentExpenses": 0,
    "generalAndAdministrativeExpenses": 0,
    "sellingAndMarketingExpenses": 0,
    "sellingGeneralAndAdministrativeExpenses": 1040575000,
    "otherExpenses": 0,
    "operatingExpenses": 1040575000,
    "costAndExpenses": 9862746000,
    "interestIncome": 4917000,
    "interestExpense": 8799000,
    "depreciationAndAmortization": 95370000,
    "ebitda": 620830000,
    "ebitdaratio": 0.0598006254,
    "operatingIncome": 518918000,
    "operatingIncomeRatio": 0.0499840873,
    "totalOtherIncomeExpensesNet": -2257000,
    "incomeBeforeTax": 516661000,
    "incomeBeforeTaxRatio": 0.0497666848,
    "incomeTaxExpense": 181440000,
    "netIncome": 331029000,
    "netIncomeRatio": 0.0318859289,
    "eps": 2.63,
    "epsdiluted": 2.6,
    "weightedAverageShsOut": 125686000,
    "weightedAverageShsOutDil": 127235000,
    "link": "https://www.sec.gov/Archives/edgar/data/52988/000119312511318681/0001193125-11-318681-index.htm",
    "finalLink": "https://www.sec.gov/Archives/edgar/data/52988/000119312511318681/d219614d10k.htm"
  },
  {
    "date": "2010-10-01",
    "symbol": "J",
    "reportedCurrency": "USD",
    "cik": "0000052988",
    "fillingDate": "2010-11-23",
    "acceptedDate": "2010-11-23 14:30:57",
    "calendarYear": "2010",
    "period": "FY",
    "revenue": 9915517000,
    "costOfRevenue": 8582912000,
    "grossProfit": 1332605000,
    "grossProfitRatio": 0.134395917,
    "researchAndDevelopmentExpenses": 0,
    "generalAndAdministrativeExpenses": 0,
    "sellingAndMarketingExpenses": 0,
    "sellingGeneralAndAdministrativeExpenses": 932522000,
    "otherExpenses": 0,
    "operatingExpenses": 932522000,
    "costAndExpenses": 9515434000,
    "interestIncome": 4791000,
    "interestExpense": 9874000,
    "depreciationAndAmortization": 88495000,
    "ebitda": 481603000,
    "ebitdaratio": 0.0485706393,
    "operatingIncome": 400083000,
    "operatingIncomeRatio": 0.040349182,
    "totalOtherIncomeExpensesNet": -8149000,
    "incomeBeforeTax": 391934000,
    "incomeBeforeTaxRatio": 0.0395273388,
    "incomeTaxExpense": 145647000,
    "netIncome": 245974000,
    "netIncomeRatio": 0.0248069768,
    "eps": 1.98,
    "epsdiluted": 1.96,
    "weightedAverageShsOut": 124134000,
    "weightedAverageShsOutDil": 125790000,
    "link": "https://www.sec.gov/Archives/edgar/data/52988/000119312510267422/0001193125-10-267422-index.htm",
    "finalLink": "https://www.sec.gov/Archives/edgar/data/52988/000119312510267422/d10k.htm"
  },
  {
    "date": "2009-10-02",
    "symbol": "J",
    "reportedCurrency": "USD",
    "cik": "0000052988",
    "fillingDate": "2009-11-20",
    "acceptedDate": "2009-11-20 15:16:24",
    "calendarYear": "2009",
    "period": "FY",
    "revenue": 11467376000,
    "costOfRevenue": 9906493000,
    "grossProfit": 1560883000,
    "grossProfitRatio": 0.1361150973,
    "researchAndDevelopmentExpenses": 0,
    "generalAndAdministrativeExpenses": 0,
    "sellingAndMarketingExpenses": 0,
    "sellingGeneralAndAdministrativeExpenses": 940310000,
    "otherExpenses": 0,
    "operatingExpenses": 940310000,
    "costAndExpenses": 10846803000,
    "interestIncome": 13145000,
    "interestExpense": 2916000,
    "depreciationAndAmortization": 86342000,
    "ebitda": 714031000,
    "ebitdaratio": 0.0622662935,
    "operatingIncome": 620573000,
    "operatingIncomeRatio": 0.0541163907,
    "totalOtherIncomeExpensesNet": 4200000,
    "incomeBeforeTax": 624773000,
    "incomeBeforeTaxRatio": 0.0544826471,
    "incomeTaxExpense": 224919000,
    "netIncome": 399854000,
    "netIncomeRatio": 0.0348688314,
    "eps": 3.26,
    "epsdiluted": 3.21,
    "weightedAverageShsOut": 122772000,
    "weightedAverageShsOutDil": 124534000,
    "link": "https://www.sec.gov/Archives/edgar/data/52988/000119312509239188/0001193125-09-239188-index.htm",
    "finalLink": "https://www.sec.gov/Archives/edgar/data/52988/000119312509239188/d10k.htm"
  },
  {
    "date": "2008-09-30",
    "symbol": "J",
    "reportedCurrency": "USD",
    "cik": "0000052988",
    "fillingDate": "2008-11-26",
    "acceptedDate": "2008-11-26 16:33:10",
    "calendarYear": "2008",
    "period": "FY",
    "revenue": 11252159000,
    "costOfRevenue": 9517673000,
    "grossProfit": 1734486000,
    "grossProfitRatio": 0.1541469508,
    "researchAndDevelopmentExpenses": 0,
    "generalAndAdministrativeExpenses": 0,
    "sellingAndMarketingExpenses": 0,
    "sellingGeneralAndAdministrativeExpenses": 1091427000,
    "otherExpenses": 0,
    "operatingExpenses": 1091427000,
    "costAndExpenses": 10609100000,
    "interestIncome": 0,
    "interestExpense": 0,
    "depreciationAndAmortization": 73126000,
    "ebitda": 716185000,
    "ebitdaratio": 0.063648674,
    "operatingIncome": 643059000,
    "operatingIncomeRatio": 0.0571498323,
    "totalOtherIncomeExpensesNet": 14352000,
    "incomeBeforeTax": 657411000,
    "incomeBeforeTaxRatio": 0.0584253209,
    "incomeTaxExpense": 236669000,
    "netIncome": 420742000,
    "netIncomeRatio": 0.0373921129,
    "eps": 3.47,
    "epsdiluted": 3.38,
    "weightedAverageShsOut": 121251297,
    "weightedAverageShsOutDil": 124479882,
    "link": "https://www.sec.gov/Archives/edgar/data/52988/000119312508244600/0001193125-08-244600-index.htm",
    "finalLink": "https://www.sec.gov/Archives/edgar/data/52988/000119312508244600/d10k.htm"
  },
  {
    "date": "2007-09-30",
    "symbol": "J",
    "reportedCurrency": "USD",
    "cik": "0000052988",
    "fillingDate": "2007-11-29",
    "acceptedDate": "2007-11-28 19:49:10",
    "calendarYear": "2007",
    "period": "FY",
    "revenue": 8473970000,
    "costOfRevenue": 7262621000,
    "grossProfit": 1211349000,
    "grossProfitRatio": 0.1429494086,
    "researchAndDevelopmentExpenses": 0,
    "generalAndAdministrativeExpenses": 0,
    "sellingAndMarketingExpenses": 0,
    "sellingGeneralAndAdministrativeExpenses": 769393000,
    "otherExpenses": 0,
    "operatingExpenses": 769393000,
    "costAndExpenses": 8032014000,
    "interestIncome": 0,
    "interestExpense": 0,
    "depreciationAndAmortization": 55670000,
    "ebitda": 497626000,
    "ebitdaratio": 0.0587240691,
    "operatingIncome": 441956000,
    "operatingIncomeRatio": 0.0521545391,
    "totalOtherIncomeExpensesNet": 6686000,
    "incomeBeforeTax": 448642000,
    "incomeBeforeTaxRatio": 0.0529435436,
    "incomeTaxExpense": 161512000,
    "netIncome": 287130000,
    "netIncomeRatio": 0.033883764,
    "eps": 2.42,
    "epsdiluted": 2.35,
    "weightedAverageShsOut": 118648760,
    "weightedAverageShsOutDil": 122182979,
    "link": "https://www.sec.gov/Archives/edgar/data/52988/000119312507255216/0001193125-07-255216-index.htm",
    "finalLink": "https://www.sec.gov/Archives/edgar/data/52988/000119312507255216/d10k.htm"
  },
  {
    "date": "2006-09-30",
    "symbol": "J",
    "reportedCurrency": "USD",
    "cik": "0000052988",
    "fillingDate": "2006-12-08",
    "acceptedDate": "2006-12-07 19:42:35",
    "calendarYear": "2006",
    "period": "FY",
    "revenue": 7421270000,
    "costOfRevenue": 6487022000,
    "grossProfit": 934248000,
    "grossProfitRatio": 0.1258878871,
    "researchAndDevelopmentExpenses": 0,
    "generalAndAdministrativeExpenses": 0,
    "sellingAndMarketingExpenses": 0,
    "sellingGeneralAndAdministrativeExpenses": 632692000,
    "otherExpenses": 0,
    "operatingExpenses": 632692000,
    "costAndExpenses": 7119714000,
    "interestIncome": 0,
    "interestExpense": 0,
    "depreciationAndAmortization": 48262000,
    "ebitda": 349818000,
    "ebitdaratio": 0.0471372151,
    "operatingIncome": 301556000,
    "operatingIncomeRatio": 0.0406340155,
    "totalOtherIncomeExpensesNet": 3731000,
    "incomeBeforeTax": 305287000,
    "incomeBeforeTaxRatio": 0.0411367596,
    "incomeTaxExpense": 108404000,
    "netIncome": 196883000,
    "netIncomeRatio": 0.0265295563,
    "eps": 1.69,
    "epsdiluted": 1.64,
    "weightedAverageShsOut": 116498817,
    "weightedAverageShsOutDil": 120050610,
    "link": "https://www.sec.gov/Archives/edgar/data/52988/000119312506248847/0001193125-06-248847-index.htm",
    "finalLink": "https://www.sec.gov/Archives/edgar/data/52988/000119312506248847/d10k.htm"
  },
  {
    "date": "2005-09-30",
    "symbol": "J",
    "reportedCurrency": "USD",
    "cik": "0000052988",
    "fillingDate": "2005-12-13",
    "acceptedDate": "2005-12-13 16:07:52",
    "calendarYear": "2005",
    "period": "FY",
    "revenue": 5635001000,
    "costOfRevenue": 4828697000,
    "grossProfit": 806304000,
    "grossProfitRatio": 0.1430885283,
    "researchAndDevelopmentExpenses": 0,
    "generalAndAdministrativeExpenses": 0,
    "sellingAndMarketingExpenses": 0,
    "sellingGeneralAndAdministrativeExpenses": 564830000,
    "otherExpenses": 0,
    "operatingExpenses": 564830000,
    "costAndExpenses": 5393527000,
    "interestIncome": 0,
    "interestExpense": 0,
    "depreciationAndAmortization": 47535000,
    "ebitda": 261248000,
    "ebitdaratio": 0.0463616599,
    "operatingIncome": 241474000,
    "operatingIncomeRatio": 0.0428525212,
    "totalOtherIncomeExpensesNet": -5415000,
    "incomeBeforeTax": 236059000,
    "incomeBeforeTaxRatio": 0.0418915631,
    "incomeTaxExpense": 85039000,
    "netIncome": 151020000,
    "netIncomeRatio": 0.0268003502,
    "eps": 1.16,
    "epsdiluted": 1.12,
    "weightedAverageShsOut": 113946320,
    "weightedAverageShsOutDil": 117507143,
    "link": "https://www.sec.gov/Archives/edgar/data/52988/000119312505241653/0001193125-05-241653-index.htm",
    "finalLink": "https://www.sec.gov/Archives/edgar/data/52988/000119312505241653/d10k.htm"
  },
  {
    "date": "2004-09-30",
    "symbol": "J",
    "reportedCurrency": "USD",
    "cik": "0000052988",
    "fillingDate": "2004-12-13",
    "acceptedDate": "2004-12-13 15:19:24",
    "calendarYear": "2004",
    "period": "FY",
    "revenue": 4594235000,
    "costOfRevenue": 3929560000,
    "grossProfit": 664675000,
    "grossProfitRatio": 0.1446758818,
    "researchAndDevelopmentExpenses": 0,
    "generalAndAdministrativeExpenses": 0,
    "sellingAndMarketingExpenses": 0,
    "sellingGeneralAndAdministrativeExpenses": 466409000,
    "otherExpenses": 0,
    "operatingExpenses": 466409000,
    "costAndExpenses": 4395969000,
    "interestIncome": 0,
    "interestExpense": 0,
    "depreciationAndAmortization": 34154000,
    "ebitda": 212706000,
    "ebitdaratio": 0.0462984588,
    "operatingIncome": 198266000,
    "operatingIncomeRatio": 0.0431553893,
    "totalOtherIncomeExpensesNet": 19872000,
    "incomeBeforeTax": 198424000,
    "incomeBeforeTaxRatio": 0.0431897802,
    "incomeTaxExpense": 69449000,
    "netIncome": 128975000,
    "netIncomeRatio": 0.0280732266,
    "eps": 1.03,
    "epsdiluted": 1.01,
    "weightedAverageShsOut": 112207767,
    "weightedAverageShsOutDil": 114429703,
    "link": "https://www.sec.gov/Archives/edgar/data/52988/000119312504211891/0001193125-04-211891-index.htm",
    "finalLink": "https://www.sec.gov/Archives/edgar/data/52988/000119312504211891/d10k.htm"
  },
  {
    "date": "2003-09-30",
    "symbol": "J",
    "reportedCurrency": "USD",
    "cik": "0000052988",
    "fillingDate": "2003-12-29",
    "acceptedDate": "2003-12-29 10:12:25",
    "calendarYear": "2003",
    "period": "FY",
    "revenue": 4615601000,
    "costOfRevenue": 3989714000,
    "grossProfit": 625887000,
    "grossProfitRatio": 0.1356024925,
    "researchAndDevelopmentExpenses": 0,
    "generalAndAdministrativeExpenses": 0,
    "sellingAndMarketingExpenses": 0,
    "sellingGeneralAndAdministrativeExpenses": 428772000,
    "otherExpenses": 0,
    "operatingExpenses": 428772000,
    "costAndExpenses": 4418486000,
    "interestIncome": 0,
    "interestExpense": 0,
    "depreciationAndAmortization": 35350000,
    "ebitda": 233322000,
    "ebitdaratio": 0.05055073,
    "operatingIncome": 197115000,
    "operatingIncomeRatio": 0.0427062478,
    "totalOtherIncomeExpensesNet": -176000,
    "incomeBeforeTax": 196939000,
    "incomeBeforeTaxRatio": 0.0426681162,
    "incomeTaxExpense": 68929000,
    "netIncome": 128010000,
    "netIncomeRatio": 0.0277341997,
    "eps": 1.02,
    "epsdiluted": 1,
    "weightedAverageShsOut": 125500000,
    "weightedAverageShsOutDil": 128010000,
    "link": "https://www.sec.gov/Archives/edgar/data/52988/000119312503099528/0001193125-03-099528-index.htm",
    "finalLink": "https://www.sec.gov/Archives/edgar/data/52988/000119312503099528/d10k.htm"
  },
  {
    "date": "2002-09-30",
    "symbol": "J",
    "reportedCurrency": "USD",
    "cik": "0000052988",
    "fillingDate": "2002-12-27",
    "acceptedDate": "2002-12-27 14:55:26",
    "calendarYear": "2002",
    "period": "FY",
    "revenue": 4555661000,
    "costOfRevenue": 3971984000,
    "grossProfit": 583677000,
    "grossProfitRatio": 0.128121254,
    "researchAndDevelopmentExpenses": 0,
    "generalAndAdministrativeExpenses": 0,
    "sellingAndMarketingExpenses": 0,
    "sellingGeneralAndAdministrativeExpenses": 411307000,
    "otherExpenses": 0,
    "operatingExpenses": 411307000,
    "costAndExpenses": 4383291000,
    "interestIncome": 0,
    "interestExpense": 0,
    "depreciationAndAmortization": 35087000,
    "ebitda": 207457000,
    "ebitdaratio": 0.0455382874,
    "operatingIncome": 172370000,
    "operatingIncomeRatio": 0.0378364413,
    "totalOtherIncomeExpensesNet": -3616000,
    "incomeBeforeTax": 168754000,
    "incomeBeforeTaxRatio": 0.0370427036,
    "incomeTaxExpense": 59064000,
    "netIncome": 109690000,
    "netIncomeRatio": 0.0240777354,
    "eps": 1.01,
    "epsdiluted": 0.99,
    "weightedAverageShsOut": 108068966,
    "weightedAverageShsOutDil": 110797980,
    "link": "https://www.sec.gov/Archives/edgar/data/52988/000089843002004659/0000898430-02-004659-index.htm",
    "finalLink": "https://www.sec.gov/Archives/edgar/data/52988/000089843002004659/d10k.htm"
  },
  {
    "date": "2001-09-30",
    "symbol": "J",
    "reportedCurrency": "USD",
    "cik": "0000052988",
    "fillingDate": "2001-12-21",
    "acceptedDate": "2001-12-21 00:00:00",
    "calendarYear": "2001",
    "period": "FY",
    "revenue": 3956993000,
    "costOfRevenue": 3452320000,
    "grossProfit": 504673000,
    "grossProfitRatio": 0.1275395231,
    "researchAndDevelopmentExpenses": 0,
    "generalAndAdministrativeExpenses": 0,
    "sellingAndMarketingExpenses": 0,
    "sellingGeneralAndAdministrativeExpenses": 360821000,
    "otherExpenses": 0,
    "operatingExpenses": 360821000,
    "costAndExpenses": 3813141000,
    "interestIncome": 0,
    "interestExpense": 0,
    "depreciationAndAmortization": 38940000,
    "ebitda": 182792000,
    "ebitdaratio": 0.0461946736,
    "operatingIncome": 143852000,
    "operatingIncomeRatio": 0.0363538677,
    "totalOtherIncomeExpensesNet": -5646000,
    "incomeBeforeTax": 138206000,
    "incomeBeforeTaxRatio": 0.0349270267,
    "incomeTaxExpense": 50446000,
    "netIncome": 87760000,
    "netIncomeRatio": 0.0221784572,
    "eps": 0.83,
    "epsdiluted": 0.81,
    "weightedAverageShsOut": 106375758,
    "weightedAverageShsOutDil": 109018634,
    "link": "https://www.sec.gov/Archives/edgar/data/52988/000089843001504046/0000898430-01-504046-index.htm",
    "finalLink": "https://www.sec.gov/Archives/edgar/data/52988/000089843001504046/d10k.txt"
  },
  {
    "date": "2000-09-30",
    "symbol": "J",
    "reportedCurrency": "USD",
    "cik": "0000052988",
    "fillingDate": "2000-12-27",
    "acceptedDate": "2000-12-27 00:00:00",
    "calendarYear": "2000",
    "period": "FY",
    "revenue": 3418942000,
    "costOfRevenue": 2943149000,
    "grossProfit": 475793000,
    "grossProfitRatio": 0.1391638115,
    "researchAndDevelopmentExpenses": 0,
    "generalAndAdministrativeExpenses": 0,
    "sellingAndMarketingExpenses": 0,
    "sellingGeneralAndAdministrativeExpenses": 311082000,
    "otherExpenses": 40098000,
    "operatingExpenses": 351180000,
    "costAndExpenses": 3294329000,
    "interestIncome": 0,
    "interestExpense": 0,
    "depreciationAndAmortization": 40098000,
    "ebitda": 164711000,
    "ebitdaratio": 0.0481760147,
    "operatingIncome": 124613000,
    "operatingIncomeRatio": 0.0364478251,
    "totalOtherIncomeExpensesNet": -43291000,
    "incomeBeforeTax": 81322000,
    "incomeBeforeTaxRatio": 0.0237857208,
    "incomeTaxExpense": 30341000,
    "netIncome": 50981000,
    "netIncomeRatio": 0.0149113381,
    "eps": 0.49,
    "epsdiluted": 0.48,
    "weightedAverageShsOut": 104576410,
    "weightedAverageShsOutDil": 105660104,
    "link": "https://www.sec.gov/Archives/edgar/data/52988/000089843000003950/0000898430-00-003950-index.htm",
    "finalLink": "https://www.sec.gov/Archives/edgar/data/52988/000089843000003950/0000898430-00-003950-0001.txt"
  },
  {
    "date": "1999-09-30",
    "symbol": "J",
    "reportedCurrency": "USD",
    "cik": "0000052988",
    "fillingDate": "1999-12-17",
    "acceptedDate": "1999-12-17 00:00:00",
    "calendarYear": "1999",
    "period": "FY",
    "revenue": 2875000000,
    "costOfRevenue": 2446100000,
    "grossProfit": 428900000,
    "grossProfitRatio": 0.1491826087,
    "researchAndDevelopmentExpenses": 0,
    "generalAndAdministrativeExpenses": 0,
    "sellingAndMarketingExpenses": 0,
    "sellingGeneralAndAdministrativeExpenses": 289000000,
    "otherExpenses": 31600000,
    "operatingExpenses": 320600000,
    "costAndExpenses": 2766700000,
    "interestIncome": 0,
    "interestExpense": 0,
    "depreciationAndAmortization": 31600000,
    "ebitda": 139900000,
    "ebitdaratio": 0.0486608696,
    "operatingIncome": 108300000,
    "operatingIncomeRatio": 0.0376695652,
    "totalOtherIncomeExpensesNet": -3800000,
    "incomeBeforeTax": 104500000,
    "incomeBeforeTaxRatio": 0.0363478261,
    "incomeTaxExpense": 39100000,
    "netIncome": 65400000,
    "netIncomeRatio": 0.0227478261,
    "eps": 0.64,
    "epsdiluted": 0.62,
    "weightedAverageShsOut": 102992126,
    "weightedAverageShsOutDil": 105910931,
    "link": "https://www.sec.gov/Archives/edgar/data/52988/000089843099004561/0000898430-99-004561-index.html",
    "finalLink": "https://www.sec.gov/Archives/edgar/data/52988/000089843099004561/"
  },
  {
    "date": "1998-09-30",
    "symbol": "J",
    "reportedCurrency": "USD",
    "cik": "0000052988",
    "fillingDate": "1998-12-28",
    "acceptedDate": "1998-12-28 00:00:00",
    "calendarYear": "1998",
    "period": "FY",
    "revenue": 2101100000,
    "costOfRevenue": 1807600000,
    "grossProfit": 293500000,
    "grossProfitRatio": 0.1396887345,
    "researchAndDevelopmentExpenses": 0,
    "generalAndAdministrativeExpenses": 0,
    "sellingAndMarketingExpenses": 0,
    "sellingGeneralAndAdministrativeExpenses": 184000000,
    "otherExpenses": 23000000,
    "operatingExpenses": 207000000,
    "costAndExpenses": 2014600000,
    "interestIncome": 0,
    "interestExpense": 0,
    "depreciationAndAmortization": 23000000,
    "ebitda": 109500000,
    "ebitdaratio": 0.0521155585,
    "operatingIncome": 86500000,
    "operatingIncomeRatio": 0.0411689115,
    "totalOtherIncomeExpensesNet": 2300000,
    "incomeBeforeTax": 88800000,
    "incomeBeforeTaxRatio": 0.0422635762,
    "incomeTaxExpense": 34400000,
    "netIncome": 54400000,
    "netIncomeRatio": 0.0258911998,
    "eps": 0.53,
    "epsdiluted": 0.52,
    "weightedAverageShsOut": 102641509,
    "weightedAverageShsOutDil": 104615385,
    "link": "https://www.sec.gov/Archives/edgar/data/52988/000089843098004557/0000898430-98-004557-index.html",
    "finalLink": "https://www.sec.gov/Archives/edgar/data/52988/"
  },
  {
    "date": "1997-09-30",
    "symbol": "J",
    "reportedCurrency": "USD",
    "cik": "0000052988",
    "fillingDate": "1997-12-23",
    "acceptedDate": "1997-12-23 00:00:00",
    "calendarYear": "1997",
    "period": "FY",
    "revenue": 1780600000,
    "costOfRevenue": 1528100000,
    "grossProfit": 252500000,
    "grossProfitRatio": 0.1418061328,
    "researchAndDevelopmentExpenses": 0,
    "generalAndAdministrativeExpenses": 0,
    "sellingAndMarketingExpenses": 0,
    "sellingGeneralAndAdministrativeExpenses": 160200000,
    "otherExpenses": 18800000,
    "operatingExpenses": 179000000,
    "costAndExpenses": 1707100000,
    "interestIncome": 0,
    "interestExpense": 0,
    "depreciationAndAmortization": 18800000,
    "ebitda": 92300000,
    "ebitdaratio": 0.0518364596,
    "operatingIncome": 73500000,
    "operatingIncomeRatio": 0.0412782208,
    "totalOtherIncomeExpensesNet": 4000000,
    "incomeBeforeTax": 77500000,
    "incomeBeforeTaxRatio": 0.0435246546,
    "incomeTaxExpense": 30600000,
    "netIncome": 46900000,
    "netIncomeRatio": 0.0263394361,
    "eps": 0.46,
    "epsdiluted": 0.45,
    "weightedAverageShsOut": 103076923,
    "weightedAverageShsOutDil": 104222222,
    "link": "https://www.sec.gov/Archives/edgar/data/52988/000089843097005431/0000898430-97-005431-index.html",
    "finalLink": "https://www.sec.gov/Archives/edgar/data/52988/"
  },
  {
    "date": "1996-09-30",
    "symbol": "J",
    "reportedCurrency": "USD",
    "cik": "0000052988",
    "fillingDate": "1996-12-27",
    "acceptedDate": "1996-12-27 00:00:00",
    "calendarYear": "1996",
    "period": "FY",
    "revenue": 1799000000,
    "costOfRevenue": 1573600000,
    "grossProfit": 225400000,
    "grossProfitRatio": 0.1252918288,
    "researchAndDevelopmentExpenses": 0,
    "generalAndAdministrativeExpenses": 0,
    "sellingAndMarketingExpenses": 0,
    "sellingGeneralAndAdministrativeExpenses": 143500000,
    "otherExpenses": 17300000,
    "operatingExpenses": 160800000,
    "costAndExpenses": 1734400000,
    "interestIncome": 0,
    "interestExpense": 0,
    "depreciationAndAmortization": 17300000,
    "ebitda": 81900000,
    "ebitdaratio": 0.0455252918,
    "operatingIncome": 64600000,
    "operatingIncomeRatio": 0.0359088382,
    "totalOtherIncomeExpensesNet": 2300000,
    "incomeBeforeTax": 66900000,
    "incomeBeforeTaxRatio": 0.0371873263,
    "incomeTaxExpense": 26500000,
    "netIncome": 40400000,
    "netIncomeRatio": 0.0224569205,
    "eps": 0.39,
    "epsdiluted": 0.39,
    "weightedAverageShsOut": 103589744,
    "weightedAverageShsOutDil": 103652174,
    "link": "https://www.sec.gov/Archives/edgar/data/52988/000089843096005938/0000898430-96-005938-index.html",
    "finalLink": "https://www.sec.gov/Archives/edgar/data/52988/"
  },
  {
    "date": "1995-09-30",
    "symbol": "J",
    "reportedCurrency": "USD",
    "cik": "0000052988",
    "fillingDate": "1995-12-27",
    "acceptedDate": "1995-12-27 00:00:00",
    "calendarYear": "1995",
    "period": "FY",
    "revenue": 1723100000,
    "costOfRevenue": 1519600000,
    "grossProfit": 203500000,
    "grossProfitRatio": 0.1181010969,
    "researchAndDevelopmentExpenses": 0,
    "generalAndAdministrativeExpenses": 0,
    "sellingAndMarketingExpenses": 0,
    "sellingGeneralAndAdministrativeExpenses": 136600000,
    "otherExpenses": 14200000,
    "operatingExpenses": 150800000,
    "costAndExpenses": 1670400000,
    "interestIncome": 0,
    "interestExpense": 0,
    "depreciationAndAmortization": 14200000,
    "ebitda": 66900000,
    "ebitdaratio": 0.0388253729,
    "operatingIncome": 52700000,
    "operatingIncomeRatio": 0.0305844118,
    "totalOtherIncomeExpensesNet": 600000,
    "incomeBeforeTax": 53300000,
    "incomeBeforeTaxRatio": 0.0309326214,
    "incomeTaxExpense": 21100000,
    "netIncome": 32200000,
    "netIncomeRatio": 0.0186872497,
    "eps": 0.32,
    "epsdiluted": 0.32,
    "weightedAverageShsOut": 101417323,
    "weightedAverageShsOutDil": 101417323,
    "link": "https://www.sec.gov/Archives/edgar/data/52988/000089843095002730/0000898430-95-002730-index.html",
    "finalLink": "https://www.sec.gov/Archives/edgar/data/52988/"
  },
  {
    "date": "1994-09-30",
    "symbol": "J",
    "reportedCurrency": "USD",
    "cik": "0000052988",
    "fillingDate": "1994-12-28",
    "acceptedDate": "1994-12-28 00:00:00",
    "calendarYear": "1994",
    "period": "FY",
    "revenue": 1165800000,
    "costOfRevenue": 1013400000,
    "grossProfit": 152400000,
    "grossProfitRatio": 0.1307256819,
    "researchAndDevelopmentExpenses": 0,
    "generalAndAdministrativeExpenses": 0,
    "sellingAndMarketingExpenses": 0,
    "sellingGeneralAndAdministrativeExpenses": 109600000,
    "otherExpenses": 11000000,
    "operatingExpenses": 120600000,
    "costAndExpenses": 1134000000,
    "interestIncome": 0,
    "interestExpense": 0,
    "depreciationAndAmortization": 11000000,
    "ebitda": 42800000,
    "ebitdaratio": 0.0367129868,
    "operatingIncome": 31800000,
    "operatingIncomeRatio": 0.0272774061,
    "totalOtherIncomeExpensesNet": -400000,
    "incomeBeforeTax": 31400000,
    "incomeBeforeTaxRatio": 0.026934294,
    "incomeTaxExpense": 12600000,
    "netIncome": 18800000,
    "netIncomeRatio": 0.0161262652,
    "eps": 0.19,
    "epsdiluted": 0.19,
    "weightedAverageShsOut": 100266667,
    "weightedAverageShsOutDil": 100689655,
    "link": "https://www.sec.gov/Archives/edgar/data/52988/000089843094000977/0000898430-94-000977-index.html",
    "finalLink": "https://www.sec.gov/Archives/edgar/data/52988/"
  },
  {
    "date": "1993-09-30",
    "symbol": "J",
    "reportedCurrency": "USD",
    "cik": "0000052988",
    "fillingDate": "1993-09-30",
    "acceptedDate": "1993-09-29 20:00:00",
    "calendarYear": "1993",
    "period": "FY",
    "revenue": 1142900000,
    "costOfRevenue": 986500000,
    "grossProfit": 156400000,
    "grossProfitRatio": 0.1368448683,
    "researchAndDevelopmentExpenses": 0,
    "generalAndAdministrativeExpenses": 0,
    "sellingAndMarketingExpenses": 0,
    "sellingGeneralAndAdministrativeExpenses": 101500000,
    "otherExpenses": 8800000,
    "operatingExpenses": 110300000,
    "costAndExpenses": 1096800000,
    "interestIncome": 0,
    "interestExpense": 0,
    "depreciationAndAmortization": 8800000,
    "ebitda": 54900000,
    "ebitdaratio": 0.0480356987,
    "operatingIncome": 46100000,
    "operatingIncomeRatio": 0.0403359874,
    "totalOtherIncomeExpensesNet": 3300000,
    "incomeBeforeTax": 49400000,
    "incomeBeforeTaxRatio": 0.0432233791,
    "incomeTaxExpense": 20700000,
    "netIncome": 28700000,
    "netIncomeRatio": 0.0251115583,
    "eps": 0.29,
    "epsdiluted": 0.29,
    "weightedAverageShsOut": 99826087,
    "weightedAverageShsOutDil": 99826087,
    "link": "",
    "finalLink": ""
  },
  {
    "date": "1992-09-30",
    "symbol": "J",
    "reportedCurrency": "USD",
    "cik": "0000052988",
    "fillingDate": "1992-09-30",
    "acceptedDate": "1992-09-29 20:00:00",
    "calendarYear": "1992",
    "period": "FY",
    "revenue": 1106400000,
    "costOfRevenue": 979300000,
    "grossProfit": 127100000,
    "grossProfitRatio": 0.1148770788,
    "researchAndDevelopmentExpenses": 0,
    "generalAndAdministrativeExpenses": 0,
    "sellingAndMarketingExpenses": 0,
    "sellingGeneralAndAdministrativeExpenses": 80900000,
    "otherExpenses": 7700000,
    "operatingExpenses": 88600000,
    "costAndExpenses": 1067900000,
    "interestIncome": 0,
    "interestExpense": 0,
    "depreciationAndAmortization": 7700000,
    "ebitda": 46200000,
    "ebitdaratio": 0.0417570499,
    "operatingIncome": 38500000,
    "operatingIncomeRatio": 0.0347975416,
    "totalOtherIncomeExpensesNet": 7400000,
    "incomeBeforeTax": 45900000,
    "incomeBeforeTaxRatio": 0.0414859002,
    "incomeTaxExpense": 19300000,
    "netIncome": 26600000,
    "netIncomeRatio": 0.0240419378,
    "eps": 0.28,
    "epsdiluted": 0.28,
    "weightedAverageShsOut": 95855856,
    "weightedAverageShsOutDil": 95855856,
    "link": "",
    "finalLink": ""
  },
  {
    "date": "1991-09-30",
    "symbol": "J",
    "reportedCurrency": "USD",
    "cik": "0000052988",
    "fillingDate": "1991-09-30",
    "acceptedDate": "1991-09-29 20:00:00",
    "calendarYear": "1991",
    "period": "FY",
    "revenue": 1036300000,
    "costOfRevenue": 918700000,
    "grossProfit": 117600000,
    "grossProfitRatio": 0.1134806523,
    "researchAndDevelopmentExpenses": 0,
    "generalAndAdministrativeExpenses": 0,
    "sellingAndMarketingExpenses": 0,
    "sellingGeneralAndAdministrativeExpenses": 78400000,
    "otherExpenses": 6900000,
    "operatingExpenses": 85300000,
    "costAndExpenses": 1004000000,
    "interestIncome": 0,
    "interestExpense": 0,
    "depreciationAndAmortization": 6900000,
    "ebitda": 39200000,
    "ebitdaratio": 0.0378268841,
    "operatingIncome": 32300000,
    "operatingIncomeRatio": 0.0311685805,
    "totalOtherIncomeExpensesNet": 2800000,
    "incomeBeforeTax": 35100000,
    "incomeBeforeTaxRatio": 0.0338705008,
    "incomeTaxExpense": 14700000,
    "netIncome": 20400000,
    "netIncomeRatio": 0.0196854193,
    "eps": 0.22,
    "epsdiluted": 0.22,
    "weightedAverageShsOut": 94883721,
    "weightedAverageShsOutDil": 94883721,
    "link": "",
    "finalLink": ""
  },
  {
    "date": "1990-09-30",
    "symbol": "J",
    "reportedCurrency": "USD",
    "cik": "0000052988",
    "fillingDate": "1990-09-30",
    "acceptedDate": "1990-09-29 20:00:00",
    "calendarYear": "1990",
    "period": "FY",
    "revenue": 881800000,
    "costOfRevenue": 787800000,
    "grossProfit": 94000000,
    "grossProfitRatio": 0.1066001361,
    "researchAndDevelopmentExpenses": 0,
    "generalAndAdministrativeExpenses": 0,
    "sellingAndMarketingExpenses": 0,
    "sellingGeneralAndAdministrativeExpenses": 66700000,
    "otherExpenses": 5500000,
    "operatingExpenses": 72200000,
    "costAndExpenses": 860000000,
    "interestIncome": 0,
    "interestExpense": 0,
    "depreciationAndAmortization": 5500000,
    "ebitda": 27300000,
    "ebitdaratio": 0.0309594012,
    "operatingIncome": 21800000,
    "operatingIncomeRatio": 0.0247221592,
    "totalOtherIncomeExpensesNet": 3000000,
    "incomeBeforeTax": 24800000,
    "incomeBeforeTaxRatio": 0.0281242912,
    "incomeTaxExpense": 10400000,
    "netIncome": 14400000,
    "netIncomeRatio": 0.0163302336,
    "eps": 0.16,
    "epsdiluted": 0.16,
    "weightedAverageShsOut": 90000000,
    "weightedAverageShsOutDil": 90000000,
    "link": "",
    "finalLink": ""
  },
  {
    "date": "1989-09-30",
    "symbol": "J",
    "reportedCurrency": "USD",
    "cik": "0000052988",
    "fillingDate": "1989-09-30",
    "acceptedDate": "1989-09-29 20:00:00",
    "calendarYear": "1989",
    "period": "FY",
    "revenue": 793600000,
    "costOfRevenue": 717800000,
    "grossProfit": 75800000,
    "grossProfitRatio": 0.0955141129,
    "researchAndDevelopmentExpenses": 0,
    "generalAndAdministrativeExpenses": 0,
    "sellingAndMarketingExpenses": 0,
    "sellingGeneralAndAdministrativeExpenses": 57000000,
    "otherExpenses": 4100000,
    "operatingExpenses": 61100000,
    "costAndExpenses": 778900000,
    "interestIncome": 0,
    "interestExpense": 0,
    "depreciationAndAmortization": 4100000,
    "ebitda": 18800000,
    "ebitdaratio": 0.0236895161,
    "operatingIncome": 14700000,
    "operatingIncomeRatio": 0.0185231855,
    "totalOtherIncomeExpensesNet": 2900000,
    "incomeBeforeTax": 17600000,
    "incomeBeforeTaxRatio": 0.0221774194,
    "incomeTaxExpense": 7400000,
    "netIncome": 10200000,
    "netIncomeRatio": 0.0128528226,
    "eps": 0.12,
    "epsdiluted": 0.12,
    "weightedAverageShsOut": 85000000,
    "weightedAverageShsOutDil": 85000000,
    "link": "",
    "finalLink": ""
  },
  {
    "date": "1988-09-30",
    "symbol": "J",
    "reportedCurrency": "USD",
    "cik": "0000052988",
    "fillingDate": "1988-09-30",
    "acceptedDate": "1988-09-29 20:00:00",
    "calendarYear": "1988",
    "period": "FY",
    "revenue": 757400000,
    "costOfRevenue": 695200000,
    "grossProfit": 62200000,
    "grossProfitRatio": 0.0821230525,
    "researchAndDevelopmentExpenses": 0,
    "generalAndAdministrativeExpenses": 0,
    "sellingAndMarketingExpenses": 0,
    "sellingGeneralAndAdministrativeExpenses": 49000000,
    "otherExpenses": 3200000,
    "operatingExpenses": 52200000,
    "costAndExpenses": 747400000,
    "interestIncome": 0,
    "interestExpense": 0,
    "depreciationAndAmortization": 3200000,
    "ebitda": 13200000,
    "ebitdaratio": 0.0174280433,
    "operatingIncome": 10000000,
    "operatingIncomeRatio": 0.0132030631,
    "totalOtherIncomeExpensesNet": 1000000,
    "incomeBeforeTax": 11000000,
    "incomeBeforeTaxRatio": 0.0145233694,
    "incomeTaxExpense": 4400000,
    "netIncome": 6600000,
    "netIncomeRatio": 0.0087140217,
    "eps": 0.085,
    "epsdiluted": 0.085,
    "weightedAverageShsOut": 77647059,
    "weightedAverageShsOutDil": 77647059,
    "link": "",
    "finalLink": ""
  },
  {
    "date": "1987-09-30",
    "symbol": "J",
    "reportedCurrency": "USD",
    "cik": "0000052988",
    "fillingDate": "1987-09-30",
    "acceptedDate": "1987-09-29 20:00:00",
    "calendarYear": "1987",
    "period": "FY",
    "revenue": 320300000,
    "costOfRevenue": 281100000,
    "grossProfit": 39200000,
    "grossProfitRatio": 0.1223852638,
    "researchAndDevelopmentExpenses": 0,
    "generalAndAdministrativeExpenses": 0,
    "sellingAndMarketingExpenses": 0,
    "sellingGeneralAndAdministrativeExpenses": 32900000,
    "otherExpenses": 2200000,
    "operatingExpenses": 35100000,
    "costAndExpenses": 316200000,
    "interestIncome": 0,
    "interestExpense": 0,
    "depreciationAndAmortization": 2200000,
    "ebitda": 6300000,
    "ebitdaratio": 0.0196690603,
    "operatingIncome": 4100000,
    "operatingIncomeRatio": 0.0128004995,
    "totalOtherIncomeExpensesNet": 2400000,
    "incomeBeforeTax": 6500000,
    "incomeBeforeTaxRatio": 0.0202934749,
    "incomeTaxExpense": 3000000,
    "netIncome": 3500000,
    "netIncomeRatio": 0.0109272557,
    "eps": 0.0475,
    "epsdiluted": 0.0475,
    "weightedAverageShsOut": 73684211,
    "weightedAverageShsOutDil": 73684211,
    "link": "",
    "finalLink": ""
  },
  {
    "date": "1986-09-30",
    "symbol": "J",
    "reportedCurrency": "USD",
    "cik": "0000052988",
    "fillingDate": "1986-09-30",
    "acceptedDate": "1986-09-29 20:00:00",
    "calendarYear": "1986",
    "period": "FY",
    "revenue": 207600000,
    "costOfRevenue": 173200000,
    "grossProfit": 34400000,
    "grossProfitRatio": 0.1657032755,
    "researchAndDevelopmentExpenses": 0,
    "generalAndAdministrativeExpenses": 0,
    "sellingAndMarketingExpenses": 0,
    "sellingGeneralAndAdministrativeExpenses": 29100000,
    "otherExpenses": 2700000,
    "operatingExpenses": 31800000,
    "costAndExpenses": 205000000,
    "interestIncome": 0,
    "interestExpense": 0,
    "depreciationAndAmortization": 2700000,
    "ebitda": 5300000,
    "ebitdaratio": 0.0255298651,
    "operatingIncome": 2600000,
    "operatingIncomeRatio": 0.0125240848,
    "totalOtherIncomeExpensesNet": -1000000,
    "incomeBeforeTax": 1600000,
    "incomeBeforeTaxRatio": 0.0077071291,
    "incomeTaxExpense": 700000,
    "netIncome": 900000,
    "netIncomeRatio": 0.0043352601,
    "eps": 0.0125,
    "epsdiluted": 0.0125,
    "weightedAverageShsOut": 72000000,
    "weightedAverageShsOutDil": 72000000,
    "link": "",
    "finalLink": ""
  },
  {
    "date": "1985-09-30",
    "symbol": "J",
    "reportedCurrency": "USD",
    "cik": "0000052988",
    "fillingDate": "1985-09-30",
    "acceptedDate": "1985-09-29 20:00:00",
    "calendarYear": "1985",
    "period": "FY",
    "revenue": 220500000,
    "costOfRevenue": 183400000,
    "grossProfit": 37100000,
    "grossProfitRatio": 0.1682539683,
    "researchAndDevelopmentExpenses": 0,
    "generalAndAdministrativeExpenses": 0,
    "sellingAndMarketingExpenses": 0,
    "sellingGeneralAndAdministrativeExpenses": 31100000,
    "otherExpenses": 3200000,
    "operatingExpenses": 34300000,
    "costAndExpenses": 217700000,
    "interestIncome": 0,
    "interestExpense": 0,
    "depreciationAndAmortization": 3200000,
    "ebitda": 6000000,
    "ebitdaratio": 0.0272108844,
    "operatingIncome": 2800000,
    "operatingIncomeRatio": 0.0126984127,
    "totalOtherIncomeExpensesNet": 800000,
    "incomeBeforeTax": 3600000,
    "incomeBeforeTaxRatio": 0.0163265306,
    "incomeTaxExpense": 1600000,
    "netIncome": 2000000,
    "netIncomeRatio": 0.0090702948,
    "eps": 0.0275,
    "epsdiluted": 0.0275,
    "weightedAverageShsOut": 72727273,
    "weightedAverageShsOutDil": 72727273,
    "link": "",
    "finalLink": ""
  }
]