[
  {
    "date": "2025-06-30",
    "symbol": "JBHT",
    "reportedCurrency": "USD",
    "cik": "0000728535",
    "fillingDate": "2025-07-24",
    "acceptedDate": "2025-07-24 11:58:24",
    "calendarYear": "2025",
    "period": "Q2",
    "revenue": 2928181000,
    "costOfRevenue": 2414539000,
    "grossProfit": 513642000,
    "grossProfitRatio": 0.1754133368,
    "researchAndDevelopmentExpenses": 0,
    "generalAndAdministrativeExpenses": 170353000,
    "sellingAndMarketingExpenses": 0,
    "sellingGeneralAndAdministrativeExpenses": 170353000,
    "otherExpenses": 146015000,
    "operatingExpenses": 316368000,
    "costAndExpenses": 2730907000,
    "interestIncome": 0,
    "interestExpense": 21285000,
    "depreciationAndAmortization": 176980000,
    "ebitda": 374254000,
    "ebitdaratio": 0.1278110882,
    "operatingIncome": 197274000,
    "operatingIncomeRatio": 0.0673708353,
    "totalOtherIncomeExpensesNet": -21285000,
    "incomeBeforeTax": 175989000,
    "incomeBeforeTaxRatio": 0.0601018175,
    "incomeTaxExpense": 47365000,
    "netIncome": 128624000,
    "netIncomeRatio": 0.0439262464,
    "eps": 1.3,
    "epsdiluted": 1.31,
    "weightedAverageShsOut": 99226000,
    "weightedAverageShsOutDil": 99226000,
    "link": "https://www.sec.gov/Archives/edgar/data/728535/000143774925023379/0001437749-25-023379-index.htm",
    "finalLink": "https://www.sec.gov/Archives/edgar/data/728535/000143774925023379/jbht20250630_10q.htm"
  },
  {
    "date": "2025-03-31",
    "symbol": "JBHT",
    "reportedCurrency": "USD",
    "cik": "0000728535",
    "fillingDate": "2025-04-25",
    "acceptedDate": "2025-04-25 12:50:26",
    "calendarYear": "2025",
    "period": "Q1",
    "revenue": 2921392000,
    "costOfRevenue": 2432385000,
    "grossProfit": 489007000,
    "grossProfitRatio": 0.1673883546,
    "researchAndDevelopmentExpenses": 0,
    "generalAndAdministrativeExpenses": 169395000,
    "sellingAndMarketingExpenses": 0,
    "sellingGeneralAndAdministrativeExpenses": 169395000,
    "otherExpenses": 140932000,
    "operatingExpenses": 310327000,
    "costAndExpenses": 2742712000,
    "interestIncome": 0,
    "interestExpense": 18597000,
    "depreciationAndAmortization": 179476000,
    "ebitda": 358156000,
    "ebitdaratio": 0.1225977205,
    "operatingIncome": 178680000,
    "operatingIncomeRatio": 0.0611626238,
    "totalOtherIncomeExpensesNet": -18597000,
    "incomeBeforeTax": 160083000,
    "incomeBeforeTaxRatio": 0.0547968229,
    "incomeTaxExpense": 42343000,
    "netIncome": 117740000,
    "netIncomeRatio": 0.040302705,
    "eps": 1.18,
    "epsdiluted": 1.17,
    "weightedAverageShsOut": 99194591,
    "weightedAverageShsOutDil": 100489000,
    "link": "https://www.sec.gov/Archives/edgar/data/728535/000143774925013085/0001437749-25-013085-index.htm",
    "finalLink": "https://www.sec.gov/Archives/edgar/data/728535/000143774925013085/jbht20250331_10q.htm"
  },
  {
    "date": "2024-12-31",
    "symbol": "JBHT",
    "reportedCurrency": "USD",
    "cik": "0000728535",
    "fillingDate": "2025-02-21",
    "acceptedDate": "2025-02-21 15:42:02",
    "calendarYear": "2024",
    "period": "Q4",
    "revenue": 3146348000,
    "costOfRevenue": 2615995000,
    "grossProfit": 530353000,
    "grossProfitRatio": 0.168561456,
    "researchAndDevelopmentExpenses": 0,
    "generalAndAdministrativeExpenses": 179512000,
    "sellingAndMarketingExpenses": 0,
    "sellingGeneralAndAdministrativeExpenses": 179512000,
    "otherExpenses": 143802000,
    "operatingExpenses": 323314000,
    "costAndExpenses": 2939309000,
    "interestIncome": 0,
    "interestExpense": 15111000,
    "depreciationAndAmortization": 205504000,
    "ebitda": 419854000,
    "ebitdaratio": 0.1334416918,
    "operatingIncome": 207039000,
    "operatingIncomeRatio": 0.0658029563,
    "totalOtherIncomeExpensesNet": -15111000,
    "incomeBeforeTax": 191928000,
    "incomeBeforeTaxRatio": 0.0610002454,
    "incomeTaxExpense": 36474000,
    "netIncome": 155454000,
    "netIncomeRatio": 0.0494077578,
    "eps": 1.55,
    "epsdiluted": 1.53,
    "weightedAverageShsOut": 101947000,
    "weightedAverageShsOutDil": 102754000,
    "link": "https://www.sec.gov/Archives/edgar/data/728535/000143774925004736/0001437749-25-004736-index.htm",
    "finalLink": "https://www.sec.gov/Archives/edgar/data/728535/000143774925004736/jbht20241231d_10k.htm"
  },
  {
    "date": "2024-09-30",
    "symbol": "JBHT",
    "reportedCurrency": "USD",
    "cik": "0000728535",
    "fillingDate": "2024-10-25",
    "acceptedDate": "2024-10-25 15:51:57",
    "calendarYear": "2024",
    "period": "Q3",
    "revenue": 3068171000,
    "costOfRevenue": 2536648000,
    "grossProfit": 531523000,
    "grossProfitRatio": 0.1732377367,
    "researchAndDevelopmentExpenses": 0,
    "generalAndAdministrativeExpenses": 161821000,
    "sellingAndMarketingExpenses": 0,
    "sellingGeneralAndAdministrativeExpenses": 161821000,
    "otherExpenses": 145594000,
    "operatingExpenses": 307415000,
    "costAndExpenses": 2844063000,
    "interestIncome": 0,
    "interestExpense": 20751000,
    "depreciationAndAmortization": 187982000,
    "ebitda": 412090000,
    "ebitdaratio": 0.1343112884,
    "operatingIncome": 224108000,
    "operatingIncomeRatio": 0.073042865,
    "totalOtherIncomeExpensesNet": -20751000,
    "incomeBeforeTax": 203357000,
    "incomeBeforeTaxRatio": 0.0662795522,
    "incomeTaxExpense": 51291000,
    "netIncome": 152066000,
    "netIncomeRatio": 0.0495624266,
    "eps": 1.5,
    "epsdiluted": 1.49,
    "weightedAverageShsOut": 101319000,
    "weightedAverageShsOutDil": 102135000,
    "link": "https://www.sec.gov/Archives/edgar/data/728535/000143774924032122/0001437749-24-032122-index.htm",
    "finalLink": "https://www.sec.gov/Archives/edgar/data/728535/000143774924032122/jbht20240930_10q.htm"
  },
  {
    "date": "2024-06-30",
    "symbol": "JBHT",
    "reportedCurrency": "USD",
    "cik": "0000728535",
    "fillingDate": "2024-07-26",
    "acceptedDate": "2024-07-26 12:31:43",
    "calendarYear": "2024",
    "period": "Q2",
    "revenue": 2928685000,
    "costOfRevenue": 2426007000,
    "grossProfit": 502678000,
    "grossProfitRatio": 0.1716394901,
    "researchAndDevelopmentExpenses": 0,
    "generalAndAdministrativeExpenses": 158969000,
    "sellingAndMarketingExpenses": 0,
    "sellingGeneralAndAdministrativeExpenses": 158969000,
    "otherExpenses": 138000000,
    "operatingExpenses": 296969000,
    "costAndExpenses": 2722976000,
    "interestIncome": 0,
    "interestExpense": 20198000,
    "depreciationAndAmortization": 184659000,
    "ebitda": 390368000,
    "ebitdaratio": 0.1332912211,
    "operatingIncome": 205709000,
    "operatingIncomeRatio": 0.0702393736,
    "totalOtherIncomeExpensesNet": -20198000,
    "incomeBeforeTax": 185511000,
    "incomeBeforeTaxRatio": 0.063342763,
    "incomeTaxExpense": 49638000,
    "netIncome": 135873000,
    "netIncomeRatio": 0.0463938594,
    "eps": 1.33,
    "epsdiluted": 1.32,
    "weightedAverageShsOut": 103146000,
    "weightedAverageShsOutDil": 103146000,
    "link": "https://www.sec.gov/Archives/edgar/data/728535/000143774924023553/0001437749-24-023553-index.htm",
    "finalLink": "https://www.sec.gov/Archives/edgar/data/728535/000143774924023553/jbht20240630_10q.htm"
  },
  {
    "date": "2024-03-31",
    "symbol": "JBHT",
    "reportedCurrency": "USD",
    "cik": "0000728535",
    "fillingDate": "2024-04-26",
    "acceptedDate": "2024-04-26 14:28:39",
    "calendarYear": "2024",
    "period": "Q1",
    "revenue": 2944001000,
    "costOfRevenue": 2445394000,
    "grossProfit": 498607000,
    "grossProfitRatio": 0.1693637332,
    "researchAndDevelopmentExpenses": 0,
    "generalAndAdministrativeExpenses": 163712000,
    "sellingAndMarketingExpenses": 0,
    "sellingGeneralAndAdministrativeExpenses": 163712000,
    "otherExpenses": 140526000,
    "operatingExpenses": 304238000,
    "costAndExpenses": 2749632000,
    "interestIncome": 0,
    "interestExpense": 15649000,
    "depreciationAndAmortization": 182996000,
    "ebitda": 377365000,
    "ebitdaratio": 0.1281810027,
    "operatingIncome": 194369000,
    "operatingIncomeRatio": 0.0660220564,
    "totalOtherIncomeExpensesNet": -15649000,
    "incomeBeforeTax": 178720000,
    "incomeBeforeTaxRatio": 0.0607065011,
    "incomeTaxExpense": 51227000,
    "netIncome": 127493000,
    "netIncomeRatio": 0.0433060315,
    "eps": 1.24,
    "epsdiluted": 1.22,
    "weightedAverageShsOut": 103242000,
    "weightedAverageShsOutDil": 104107000,
    "link": "https://www.sec.gov/Archives/edgar/data/728535/000143774924013384/0001437749-24-013384-index.htm",
    "finalLink": "https://www.sec.gov/Archives/edgar/data/728535/000143774924013384/jbht20240331_10q.htm"
  },
  {
    "date": "2023-12-31",
    "symbol": "JBHT",
    "reportedCurrency": "USD",
    "cik": "0000728535",
    "fillingDate": "2024-02-23",
    "acceptedDate": "2024-02-23 16:01:25",
    "calendarYear": "2023",
    "period": "Q4",
    "revenue": 3303701000,
    "costOfRevenue": 2746743000,
    "grossProfit": 556957000,
    "grossProfitRatio": 0.168585777,
    "researchAndDevelopmentExpenses": 0,
    "generalAndAdministrativeExpenses": 213339000,
    "sellingAndMarketingExpenses": 0,
    "sellingGeneralAndAdministrativeExpenses": 213339000,
    "otherExpenses": 140340000,
    "operatingExpenses": 353679000,
    "costAndExpenses": 3100422000,
    "interestIncome": 0,
    "interestExpense": 16329999,
    "depreciationAndAmortization": 194456000,
    "ebitda": 405358000,
    "ebitdaratio": 0.1226981497,
    "operatingIncome": 203278000,
    "operatingIncomeRatio": 0.0615303867,
    "totalOtherIncomeExpensesNet": -16329000,
    "incomeBeforeTax": 186949000,
    "incomeBeforeTaxRatio": 0.0565877481,
    "incomeTaxExpense": 33414000,
    "netIncome": 153535000,
    "netIncomeRatio": 0.0464736367,
    "eps": 1.49,
    "epsdiluted": 1.47,
    "weightedAverageShsOut": 103220027,
    "weightedAverageShsOutDil": 104122000,
    "link": "https://www.sec.gov/Archives/edgar/data/728535/000143774924005368/0001437749-24-005368-index.htm",
    "finalLink": "https://www.sec.gov/Archives/edgar/data/728535/000143774924005368/jbht20231231_10k.htm"
  },
  {
    "date": "2023-09-30",
    "symbol": "JBHT",
    "reportedCurrency": "USD",
    "cik": "0000728535",
    "fillingDate": "2023-10-27",
    "acceptedDate": "2023-10-27 12:41:21",
    "calendarYear": "2023",
    "period": "Q3",
    "revenue": 3163753000,
    "costOfRevenue": 2630060000,
    "grossProfit": 533693000,
    "grossProfitRatio": 0.168689844,
    "researchAndDevelopmentExpenses": 0,
    "generalAndAdministrativeExpenses": 142333000,
    "sellingAndMarketingExpenses": 0,
    "sellingGeneralAndAdministrativeExpenses": 142333000,
    "otherExpenses": 149644000,
    "operatingExpenses": 291977000,
    "costAndExpenses": 2922037000,
    "interestIncome": 0,
    "interestExpense": 12586000,
    "depreciationAndAmortization": 187714000,
    "ebitda": 429430000,
    "ebitdaratio": 0.1357343636,
    "operatingIncome": 241716000,
    "operatingIncomeRatio": 0.076401666,
    "totalOtherIncomeExpensesNet": -12586000,
    "incomeBeforeTax": 229130000,
    "incomeBeforeTaxRatio": 0.0724234793,
    "incomeTaxExpense": 41699000,
    "netIncome": 187431000,
    "netIncomeRatio": 0.0592432469,
    "eps": 1.82,
    "epsdiluted": 1.8,
    "weightedAverageShsOut": 103302000,
    "weightedAverageShsOutDil": 104394000,
    "link": "https://www.sec.gov/Archives/edgar/data/728535/000143774923029197/0001437749-23-029197-index.htm",
    "finalLink": "https://www.sec.gov/Archives/edgar/data/728535/000143774923029197/jbht20230930_10q.htm"
  },
  {
    "date": "2023-06-30",
    "symbol": "JBHT",
    "reportedCurrency": "USD",
    "cik": "0000728535",
    "fillingDate": "2023-07-27",
    "acceptedDate": "2023-07-27 15:21:50",
    "calendarYear": "2023",
    "period": "Q2",
    "revenue": 3132623000,
    "costOfRevenue": 2578280000,
    "grossProfit": 554343000,
    "grossProfitRatio": 0.1769580955,
    "researchAndDevelopmentExpenses": 0,
    "generalAndAdministrativeExpenses": 135731000,
    "sellingAndMarketingExpenses": 0,
    "sellingGeneralAndAdministrativeExpenses": 135731000,
    "otherExpenses": 147900000,
    "operatingExpenses": 283631000,
    "costAndExpenses": 2861911000,
    "interestIncome": 0,
    "interestExpense": 14604000,
    "depreciationAndAmortization": 179972000,
    "ebitda": 450684000,
    "ebitdaratio": 0.1438679343,
    "operatingIncome": 270712000,
    "operatingIncomeRatio": 0.0864170377,
    "totalOtherIncomeExpensesNet": -14604000,
    "incomeBeforeTax": 256108000,
    "incomeBeforeTaxRatio": 0.0817551298,
    "incomeTaxExpense": 66556000,
    "netIncome": 189552000,
    "netIncomeRatio": 0.0605090367,
    "eps": 1.83,
    "epsdiluted": 1.81,
    "weightedAverageShsOut": 103562000,
    "weightedAverageShsOutDil": 104566000,
    "link": "https://www.sec.gov/Archives/edgar/data/728535/000143774923020887/0001437749-23-020887-index.htm",
    "finalLink": "https://www.sec.gov/Archives/edgar/data/728535/000143774923020887/jbht20230630_10q.htm"
  },
  {
    "date": "2023-03-31",
    "symbol": "JBHT",
    "reportedCurrency": "USD",
    "cik": "0000728535",
    "fillingDate": "2023-04-28",
    "acceptedDate": "2023-04-28 14:02:27",
    "calendarYear": "2023",
    "period": "Q1",
    "revenue": 3229588000,
    "costOfRevenue": 2664443000,
    "grossProfit": 565145000,
    "grossProfitRatio": 0.1749898129,
    "researchAndDevelopmentExpenses": 0,
    "generalAndAdministrativeExpenses": 141188000,
    "sellingAndMarketingExpenses": 0,
    "sellingGeneralAndAdministrativeExpenses": 141188000,
    "otherExpenses": 146468000,
    "operatingExpenses": 287656000,
    "costAndExpenses": 2952099000,
    "interestIncome": 0,
    "interestExpense": 14789000,
    "depreciationAndAmortization": 175812000,
    "ebitda": 453301000,
    "ebitdaratio": 0.1403587702,
    "operatingIncome": 277489000,
    "operatingIncomeRatio": 0.0859208667,
    "totalOtherIncomeExpensesNet": -14789000,
    "incomeBeforeTax": 262700000,
    "incomeBeforeTaxRatio": 0.0813416448,
    "incomeTaxExpense": 64932000,
    "netIncome": 197768000,
    "netIncomeRatio": 0.0612362939,
    "eps": 1.91,
    "epsdiluted": 1.89,
    "weightedAverageShsOut": 103648000,
    "weightedAverageShsOutDil": 104729000,
    "link": "https://www.sec.gov/Archives/edgar/data/728535/000143774923011573/0001437749-23-011573-index.htm",
    "finalLink": "https://www.sec.gov/Archives/edgar/data/728535/000143774923011573/jbht20230331_10q.htm"
  },
  {
    "date": "2022-12-31",
    "symbol": "JBHT",
    "reportedCurrency": "USD",
    "cik": "0000728535",
    "fillingDate": "2023-02-24",
    "acceptedDate": "2023-02-24 15:52:49",
    "calendarYear": "2022",
    "period": "Q4",
    "revenue": 3649622000,
    "costOfRevenue": 3027927000,
    "grossProfit": 621695000,
    "grossProfitRatio": 0.1703450385,
    "researchAndDevelopmentExpenses": 0,
    "generalAndAdministrativeExpenses": 189786000,
    "sellingAndMarketingExpenses": 0,
    "sellingGeneralAndAdministrativeExpenses": 189786000,
    "otherExpenses": 149961000,
    "operatingExpenses": 339747000,
    "costAndExpenses": 3367674000,
    "interestIncome": 0,
    "interestExpense": 11189000,
    "depreciationAndAmortization": 171606000,
    "ebitda": 454623000,
    "ebitdaratio": 0.124567147,
    "operatingIncome": 281948000,
    "operatingIncomeRatio": 0.077254028,
    "totalOtherIncomeExpensesNet": -11189000,
    "incomeBeforeTax": 270759000,
    "incomeBeforeTaxRatio": 0.074188231,
    "incomeTaxExpense": 69456000,
    "netIncome": 201303000,
    "netIncomeRatio": 0.055157219,
    "eps": 1.94,
    "epsdiluted": 1.92,
    "weightedAverageShsOut": 103550062,
    "weightedAverageShsOutDil": 104737000,
    "link": "https://www.sec.gov/Archives/edgar/data/728535/000143774923004530/0001437749-23-004530-index.htm",
    "finalLink": "https://www.sec.gov/Archives/edgar/data/728535/000143774923004530/jbht20221231_10k.htm"
  },
  {
    "date": "2022-09-30",
    "symbol": "JBHT",
    "reportedCurrency": "USD",
    "cik": "0000728535",
    "fillingDate": "2022-11-04",
    "acceptedDate": "2022-11-04 12:41:06",
    "calendarYear": "2022",
    "period": "Q3",
    "revenue": 3838257000,
    "costOfRevenue": 3188530000,
    "grossProfit": 649727000,
    "grossProfitRatio": 0.1692765753,
    "researchAndDevelopmentExpenses": 0,
    "generalAndAdministrativeExpenses": 132071000,
    "sellingAndMarketingExpenses": 0,
    "sellingGeneralAndAdministrativeExpenses": 132071000,
    "otherExpenses": 155428000,
    "operatingExpenses": 287499000,
    "costAndExpenses": 3476029000,
    "interestIncome": 0,
    "interestExpense": 13562000,
    "depreciationAndAmortization": 166580000,
    "ebitda": 528808000,
    "ebitdaratio": 0.1377729527,
    "operatingIncome": 362228000,
    "operatingIncomeRatio": 0.0943730448,
    "totalOtherIncomeExpensesNet": -13562000,
    "incomeBeforeTax": 348666000,
    "incomeBeforeTaxRatio": 0.0908396702,
    "incomeTaxExpense": 79284000,
    "netIncome": 269382000,
    "netIncomeRatio": 0.0701834192,
    "eps": 2.6,
    "epsdiluted": 2.57,
    "weightedAverageShsOut": 103537423,
    "weightedAverageShsOutDil": 104924000,
    "link": "https://www.sec.gov/Archives/edgar/data/728535/000143774922025965/0001437749-22-025965-index.htm",
    "finalLink": "https://www.sec.gov/Archives/edgar/data/728535/000143774922025965/jbht20220930_10q.htm"
  },
  {
    "date": "2022-06-30",
    "symbol": "JBHT",
    "reportedCurrency": "USD",
    "cik": "0000728535",
    "fillingDate": "2022-07-29",
    "acceptedDate": "2022-07-29 11:16:15",
    "calendarYear": "2022",
    "period": "Q2",
    "revenue": 3837532000,
    "costOfRevenue": 3185855000,
    "grossProfit": 651677000,
    "grossProfitRatio": 0.1698166947,
    "researchAndDevelopmentExpenses": 0,
    "generalAndAdministrativeExpenses": 155888000,
    "sellingAndMarketingExpenses": 0,
    "sellingGeneralAndAdministrativeExpenses": 155888000,
    "otherExpenses": 142706000,
    "operatingExpenses": 298594000,
    "costAndExpenses": 3484449000,
    "interestIncome": 0,
    "interestExpense": 12842000,
    "depreciationAndAmortization": 157571000,
    "ebitda": 510654000,
    "ebitdaratio": 0.1330683366,
    "operatingIncome": 353083000,
    "operatingIncomeRatio": 0.0920078321,
    "totalOtherIncomeExpensesNet": -12842000,
    "incomeBeforeTax": 340241000,
    "incomeBeforeTaxRatio": 0.0886614105,
    "incomeTaxExpense": 84899000,
    "netIncome": 255342000,
    "netIncomeRatio": 0.0665380771,
    "eps": 2.46,
    "epsdiluted": 2.42,
    "weightedAverageShsOut": 103813143,
    "weightedAverageShsOutDil": 105387000,
    "link": "https://www.sec.gov/Archives/edgar/data/728535/000143774922018102/0001437749-22-018102-index.htm",
    "finalLink": "https://www.sec.gov/Archives/edgar/data/728535/000143774922018102/jbht20220630b_10q.htm"
  },
  {
    "date": "2022-03-31",
    "symbol": "JBHT",
    "reportedCurrency": "USD",
    "cik": "0000728535",
    "fillingDate": "2022-05-02",
    "acceptedDate": "2022-05-02 15:10:35",
    "calendarYear": "2022",
    "period": "Q1",
    "revenue": 3488588000,
    "costOfRevenue": 2939160000,
    "grossProfit": 549428000,
    "grossProfitRatio": 0.1574929456,
    "researchAndDevelopmentExpenses": 0,
    "generalAndAdministrativeExpenses": 92446000,
    "sellingAndMarketingExpenses": 0,
    "sellingGeneralAndAdministrativeExpenses": 92446000,
    "otherExpenses": 122688000,
    "operatingExpenses": 215134000,
    "costAndExpenses": 3154294000,
    "interestIncome": 0,
    "interestExpense": 12586000,
    "depreciationAndAmortization": 148763000,
    "ebitda": 483057000,
    "ebitdaratio": 0.1384677698,
    "operatingIncome": 334294000,
    "operatingIncomeRatio": 0.0958250157,
    "totalOtherIncomeExpensesNet": -12586000,
    "incomeBeforeTax": 321708000,
    "incomeBeforeTaxRatio": 0.0922172524,
    "incomeTaxExpense": 78383000,
    "netIncome": 243325000,
    "netIncomeRatio": 0.0697488497,
    "eps": 2.32,
    "epsdiluted": 2.29,
    "weightedAverageShsOut": 104783408,
    "weightedAverageShsOutDil": 106075000,
    "link": "https://www.sec.gov/Archives/edgar/data/728535/000143774922010428/0001437749-22-010428-index.htm",
    "finalLink": "https://www.sec.gov/Archives/edgar/data/728535/000143774922010428/jbht20220331_10q.htm"
  },
  {
    "date": "2021-12-31",
    "symbol": "JBHT",
    "reportedCurrency": "USD",
    "cik": "0000728535",
    "fillingDate": "2022-02-25",
    "acceptedDate": "2022-02-25 15:53:19",
    "calendarYear": "2021",
    "period": "Q4",
    "revenue": 3496971000,
    "costOfRevenue": 2948642000,
    "grossProfit": 548329000,
    "grossProfitRatio": 0.1568011287,
    "researchAndDevelopmentExpenses": 0,
    "generalAndAdministrativeExpenses": 111815000,
    "sellingAndMarketingExpenses": 0,
    "sellingGeneralAndAdministrativeExpenses": 111815000,
    "otherExpenses": 114011000,
    "operatingExpenses": 225826000,
    "costAndExpenses": 3174468000,
    "interestIncome": 0,
    "interestExpense": 9697000,
    "depreciationAndAmortization": 141254000,
    "ebitda": 464250000,
    "ebitdaratio": 0.1327577495,
    "operatingIncome": 322503000,
    "operatingIncomeRatio": 0.0922235272,
    "totalOtherIncomeExpensesNet": -9697000,
    "incomeBeforeTax": 312806000,
    "incomeBeforeTaxRatio": 0.0894505559,
    "incomeTaxExpense": 70597000,
    "netIncome": 242209000,
    "netIncomeRatio": 0.0692625132,
    "eps": 2.3,
    "epsdiluted": 2.28,
    "weightedAverageShsOut": 105093706,
    "weightedAverageShsOutDil": 106312000,
    "link": "https://www.sec.gov/Archives/edgar/data/728535/000143774922004457/0001437749-22-004457-index.htm",
    "finalLink": "https://www.sec.gov/Archives/edgar/data/728535/000143774922004457/jbht20211231_10k.htm"
  },
  {
    "date": "2021-09-30",
    "symbol": "JBHT",
    "reportedCurrency": "USD",
    "cik": "0000728535",
    "fillingDate": "2021-10-28",
    "acceptedDate": "2021-10-28 14:55:19",
    "calendarYear": "2021",
    "period": "Q3",
    "revenue": 3144812000,
    "costOfRevenue": 2657008000,
    "grossProfit": 487804000,
    "grossProfitRatio": 0.1551138828,
    "researchAndDevelopmentExpenses": 0,
    "generalAndAdministrativeExpenses": 99970000,
    "sellingAndMarketingExpenses": 0,
    "sellingGeneralAndAdministrativeExpenses": 99970000,
    "otherExpenses": 114005000,
    "operatingExpenses": 213975000,
    "costAndExpenses": 2870983000,
    "interestIncome": 0,
    "interestExpense": 11977000,
    "depreciationAndAmortization": 138923000,
    "ebitda": 412752000,
    "ebitdaratio": 0.1312485452,
    "operatingIncome": 273829000,
    "operatingIncomeRatio": 0.0870732495,
    "totalOtherIncomeExpensesNet": -11977000,
    "incomeBeforeTax": 261852000,
    "incomeBeforeTaxRatio": 0.0832647548,
    "incomeTaxExpense": 62023000,
    "netIncome": 199829000,
    "netIncomeRatio": 0.0635424312,
    "eps": 1.9,
    "epsdiluted": 1.88,
    "weightedAverageShsOut": 105013893,
    "weightedAverageShsOutDil": 106436000,
    "link": "https://www.sec.gov/Archives/edgar/data/728535/000143774921024511/0001437749-21-024511-index.htm",
    "finalLink": "https://www.sec.gov/Archives/edgar/data/728535/000143774921024511/jbht20210930_10q.htm"
  },
  {
    "date": "2021-06-30",
    "symbol": "JBHT",
    "reportedCurrency": "USD",
    "cik": "0000728535",
    "fillingDate": "2021-08-03",
    "acceptedDate": "2021-08-03 15:43:16",
    "calendarYear": "2021",
    "period": "Q2",
    "revenue": 2908370000,
    "costOfRevenue": 2469915000,
    "grossProfit": 438455000,
    "grossProfitRatio": 0.1507562655,
    "researchAndDevelopmentExpenses": 0,
    "generalAndAdministrativeExpenses": 91681000,
    "sellingAndMarketingExpenses": 0,
    "sellingGeneralAndAdministrativeExpenses": 91681000,
    "otherExpenses": 105228000,
    "operatingExpenses": 196909000,
    "costAndExpenses": 2666824000,
    "interestIncome": 0,
    "interestExpense": 12059000,
    "depreciationAndAmortization": 139371000,
    "ebitda": 380917000,
    "ebitdaratio": 0.1309726754,
    "operatingIncome": 241546000,
    "operatingIncomeRatio": 0.0830520188,
    "totalOtherIncomeExpensesNet": -12059000,
    "incomeBeforeTax": 229487000,
    "incomeBeforeTaxRatio": 0.0789057101,
    "incomeTaxExpense": 57325000,
    "netIncome": 172162000,
    "netIncomeRatio": 0.0591953568,
    "eps": 1.64,
    "epsdiluted": 1.61,
    "weightedAverageShsOut": 105196031,
    "weightedAverageShsOutDil": 106816000,
    "link": "https://www.sec.gov/Archives/edgar/data/728535/000143774921018301/0001437749-21-018301-index.htm",
    "finalLink": "https://www.sec.gov/Archives/edgar/data/728535/000143774921018301/jbht20210630_10q.htm"
  },
  {
    "date": "2021-03-31",
    "symbol": "JBHT",
    "reportedCurrency": "USD",
    "cik": "0000728535",
    "fillingDate": "2021-05-03",
    "acceptedDate": "2021-05-03 13:56:52",
    "calendarYear": "2021",
    "period": "Q1",
    "revenue": 2618149000,
    "costOfRevenue": 2222918000,
    "grossProfit": 395231000,
    "grossProfitRatio": 0.1509581769,
    "researchAndDevelopmentExpenses": 0,
    "generalAndAdministrativeExpenses": 92067000,
    "sellingAndMarketingExpenses": 0,
    "sellingGeneralAndAdministrativeExpenses": 92067000,
    "otherExpenses": 95512000,
    "operatingExpenses": 187579000,
    "costAndExpenses": 2410497000,
    "interestIncome": 0,
    "interestExpense": 12024000,
    "depreciationAndAmortization": 137545000,
    "ebitda": 345197000,
    "ebitdaratio": 0.1318477291,
    "operatingIncome": 207652000,
    "operatingIncomeRatio": 0.0793125219,
    "totalOtherIncomeExpensesNet": -12024000,
    "incomeBeforeTax": 195628000,
    "incomeBeforeTaxRatio": 0.0747199644,
    "incomeTaxExpense": 49022000,
    "netIncome": 146606000,
    "netIncomeRatio": 0.0559960491,
    "eps": 1.39,
    "epsdiluted": 1.37,
    "weightedAverageShsOut": 105671006,
    "weightedAverageShsOutDil": 106816000,
    "link": "https://www.sec.gov/Archives/edgar/data/728535/000143774921010596/0001437749-21-010596-index.htm",
    "finalLink": "https://www.sec.gov/Archives/edgar/data/728535/000143774921010596/jbht20210331_10q.htm"
  },
  {
    "date": "2020-12-31",
    "symbol": "JBHT",
    "reportedCurrency": "USD",
    "cik": "0000728535",
    "fillingDate": "2021-02-23",
    "acceptedDate": "2021-02-22 18:09:24",
    "calendarYear": "2020",
    "period": "Q4",
    "revenue": 2737652000,
    "costOfRevenue": 2339649000,
    "grossProfit": 398003000,
    "grossProfitRatio": 0.1453811514,
    "researchAndDevelopmentExpenses": 0,
    "generalAndAdministrativeExpenses": 93040000,
    "sellingAndMarketingExpenses": 0,
    "sellingGeneralAndAdministrativeExpenses": 93040000,
    "otherExpenses": 97271000,
    "operatingExpenses": 190311000,
    "costAndExpenses": 2529960000,
    "interestIncome": 0,
    "interestExpense": 10344000,
    "depreciationAndAmortization": 134589000,
    "ebitda": 342767000,
    "ebitdaratio": 0.1252047375,
    "operatingIncome": 207692000,
    "operatingIncomeRatio": 0.0758650113,
    "totalOtherIncomeExpensesNet": -10345000,
    "incomeBeforeTax": 197347000,
    "incomeBeforeTaxRatio": 0.0720862257,
    "incomeTaxExpense": 43340000,
    "netIncome": 154007000,
    "netIncomeRatio": 0.0562551413,
    "eps": 1.46,
    "epsdiluted": 1.44,
    "weightedAverageShsOut": 105653644,
    "weightedAverageShsOutDil": 106738000,
    "link": "https://www.sec.gov/Archives/edgar/data/728535/000143774921003667/0001437749-21-003667-index.htm",
    "finalLink": "https://www.sec.gov/Archives/edgar/data/728535/000143774921003667/jbht20201231_10k.htm"
  },
  {
    "date": "2020-09-30",
    "symbol": "JBHT",
    "reportedCurrency": "USD",
    "cik": "0000728535",
    "fillingDate": "2020-10-29",
    "acceptedDate": "2020-10-29 13:16:30",
    "calendarYear": "2020",
    "period": "Q3",
    "revenue": 2472523000,
    "costOfRevenue": 2111237000,
    "grossProfit": 361286000,
    "grossProfitRatio": 0.1461203799,
    "researchAndDevelopmentExpenses": 0,
    "generalAndAdministrativeExpenses": 85984000,
    "sellingAndMarketingExpenses": 0,
    "sellingGeneralAndAdministrativeExpenses": 85984000,
    "otherExpenses": 99799000,
    "operatingExpenses": 185783000,
    "costAndExpenses": 2297020000,
    "interestIncome": 0,
    "interestExpense": 11895000,
    "depreciationAndAmortization": 132393000,
    "ebitda": 307896000,
    "ebitdaratio": 0.1245270519,
    "operatingIncome": 175503000,
    "operatingIncomeRatio": 0.0709813417,
    "totalOtherIncomeExpensesNet": -11895000,
    "incomeBeforeTax": 163608000,
    "incomeBeforeTaxRatio": 0.0661704664,
    "incomeTaxExpense": 38112000,
    "netIncome": 125496000,
    "netIncomeRatio": 0.0507562518,
    "eps": 1.19,
    "epsdiluted": 1.18,
    "weightedAverageShsOut": 105678955,
    "weightedAverageShsOutDil": 106798000,
    "link": "https://www.sec.gov/Archives/edgar/data/728535/000143774920021952/0001437749-20-021952-index.htm",
    "finalLink": "https://www.sec.gov/Archives/edgar/data/728535/000143774920021952/jbht20200930_10q.htm"
  },
  {
    "date": "2020-06-30",
    "symbol": "JBHT",
    "reportedCurrency": "USD",
    "cik": "0000728535",
    "fillingDate": "2020-07-28",
    "acceptedDate": "2020-07-28 16:15:06",
    "calendarYear": "2020",
    "period": "Q2",
    "revenue": 2145573000,
    "costOfRevenue": 1794190000,
    "grossProfit": 351383000,
    "grossProfitRatio": 0.1637711698,
    "researchAndDevelopmentExpenses": 0,
    "generalAndAdministrativeExpenses": 83499000,
    "sellingAndMarketingExpenses": 0,
    "sellingGeneralAndAdministrativeExpenses": 83499000,
    "otherExpenses": 92701000,
    "operatingExpenses": 176200000,
    "costAndExpenses": 1970390000,
    "interestIncome": 0,
    "interestExpense": 12818000,
    "depreciationAndAmortization": 130298000,
    "ebitda": 305481000,
    "ebitdaratio": 0.1423773509,
    "operatingIncome": 175183000,
    "operatingIncomeRatio": 0.0816485852,
    "totalOtherIncomeExpensesNet": -12818000,
    "incomeBeforeTax": 162365000,
    "incomeBeforeTaxRatio": 0.0756744236,
    "incomeTaxExpense": 40667000,
    "netIncome": 121698000,
    "netIncomeRatio": 0.0567205124,
    "eps": 1.15,
    "epsdiluted": 1.14,
    "weightedAverageShsOut": 105507223,
    "weightedAverageShsOutDil": 106580000,
    "link": "https://www.sec.gov/Archives/edgar/data/728535/000143774920015869/0001437749-20-015869-index.htm",
    "finalLink": "https://www.sec.gov/Archives/edgar/data/728535/000143774920015869/jbht20200630_10q.htm"
  },
  {
    "date": "2020-03-31",
    "symbol": "JBHT",
    "reportedCurrency": "USD",
    "cik": "0000728535",
    "fillingDate": "2020-05-01",
    "acceptedDate": "2020-05-01 15:05:45",
    "calendarYear": "2020",
    "period": "Q1",
    "revenue": 2280826000,
    "costOfRevenue": 1941618000,
    "grossProfit": 339208000,
    "grossProfitRatio": 0.1487215596,
    "researchAndDevelopmentExpenses": 0,
    "generalAndAdministrativeExpenses": 85557000,
    "sellingAndMarketingExpenses": 0,
    "sellingGeneralAndAdministrativeExpenses": 85557000,
    "otherExpenses": 98910000,
    "operatingExpenses": 184467000,
    "costAndExpenses": 2126085000,
    "interestIncome": 0,
    "interestExpense": 12036000,
    "depreciationAndAmortization": 130095000,
    "ebitda": 284836000,
    "ebitdaratio": 0.1248828275,
    "operatingIncome": 154741000,
    "operatingIncomeRatio": 0.067844281,
    "totalOtherIncomeExpensesNet": -12036000,
    "incomeBeforeTax": 142705000,
    "incomeBeforeTaxRatio": 0.0625672454,
    "incomeTaxExpense": 37871000,
    "netIncome": 104834000,
    "netIncomeRatio": 0.045963173,
    "eps": 0.99,
    "epsdiluted": 0.98,
    "weightedAverageShsOut": 105460633,
    "weightedAverageShsOutDil": 106950000,
    "link": "https://www.sec.gov/Archives/edgar/data/728535/000143774920009127/0001437749-20-009127-index.htm",
    "finalLink": "https://www.sec.gov/Archives/edgar/data/728535/000143774920009127/jbht20200331_10q.htm"
  },
  {
    "date": "2019-12-31",
    "symbol": "JBHT",
    "reportedCurrency": "USD",
    "cik": "0000728535",
    "fillingDate": "2020-03-02",
    "acceptedDate": "2020-03-02 15:06:58",
    "calendarYear": "2019",
    "period": "Q4",
    "revenue": 2450323000,
    "costOfRevenue": 2054323000,
    "grossProfit": 396001000,
    "grossProfitRatio": 0.1616117549,
    "researchAndDevelopmentExpenses": 0,
    "generalAndAdministrativeExpenses": 92948000,
    "sellingAndMarketingExpenses": 0,
    "sellingGeneralAndAdministrativeExpenses": 92948000,
    "otherExpenses": 97978000,
    "operatingExpenses": 190926000,
    "costAndExpenses": 2245249000,
    "interestIncome": 0,
    "interestExpense": 12776000,
    "depreciationAndAmortization": 128417000,
    "ebitda": 335246000,
    "ebitdaratio": 0.1368170645,
    "operatingIncome": 205075000,
    "operatingIncomeRatio": 0.0836930478,
    "totalOtherIncomeExpensesNet": -12777000,
    "incomeBeforeTax": 192298000,
    "incomeBeforeTaxRatio": 0.0784786332,
    "incomeTaxExpense": 47622000,
    "netIncome": 144676000,
    "netIncomeRatio": 0.0590436445,
    "eps": 1.36,
    "epsdiluted": 1.35,
    "weightedAverageShsOut": 106212908,
    "weightedAverageShsOutDil": 107529000,
    "link": "https://www.sec.gov/Archives/edgar/data/728535/000143774920004119/0001437749-20-004119-index.htm",
    "finalLink": "https://www.sec.gov/Archives/edgar/data/728535/000143774920004119/jbht20191231_10k.htm"
  },
  {
    "date": "2019-09-30",
    "symbol": "JBHT",
    "reportedCurrency": "USD",
    "cik": "0000728535",
    "fillingDate": "2019-11-01",
    "acceptedDate": "2019-11-01 11:50:27",
    "calendarYear": "2019",
    "period": "Q3",
    "revenue": 2363660000,
    "costOfRevenue": 1992816000,
    "grossProfit": 370844000,
    "grossProfitRatio": 0.1568939695,
    "researchAndDevelopmentExpenses": 0,
    "generalAndAdministrativeExpenses": 101672000,
    "sellingAndMarketingExpenses": 0,
    "sellingGeneralAndAdministrativeExpenses": 101672000,
    "otherExpenses": 101310000,
    "operatingExpenses": 202982000,
    "costAndExpenses": 2195798000,
    "interestIncome": 0,
    "interestExpense": 12357000,
    "depreciationAndAmortization": 126804000,
    "ebitda": 294666000,
    "ebitdaratio": 0.124665138,
    "operatingIncome": 167862000,
    "operatingIncomeRatio": 0.0710178283,
    "totalOtherIncomeExpensesNet": -12357000,
    "incomeBeforeTax": 199718000,
    "incomeBeforeTaxRatio": 0.084495232,
    "incomeTaxExpense": 37095000,
    "netIncome": 118410000,
    "netIncomeRatio": 0.0500960375,
    "eps": 1.42,
    "epsdiluted": 1.4,
    "weightedAverageShsOut": 106578000,
    "weightedAverageShsOutDil": 107692000,
    "link": "https://www.sec.gov/Archives/edgar/data/728535/000143774919021195/0001437749-19-021195-index.htm",
    "finalLink": "https://www.sec.gov/Archives/edgar/data/728535/000143774919021195/jbht20190816_10q.htm"
  },
  {
    "date": "2019-06-30",
    "symbol": "JBHT",
    "reportedCurrency": "USD",
    "cik": "0000728535",
    "fillingDate": "2019-07-26",
    "acceptedDate": "2019-07-26 16:54:49",
    "calendarYear": "2019",
    "period": "Q2",
    "revenue": 2261647000,
    "costOfRevenue": 1863595000,
    "grossProfit": 398052000,
    "grossProfitRatio": 0.1760009409,
    "researchAndDevelopmentExpenses": 0,
    "generalAndAdministrativeExpenses": 107130000,
    "sellingAndMarketingExpenses": 0,
    "sellingGeneralAndAdministrativeExpenses": 107130000,
    "otherExpenses": 97829000,
    "operatingExpenses": 204959000,
    "costAndExpenses": 2068554000,
    "interestIncome": 0,
    "interestExpense": 14763000,
    "depreciationAndAmortization": 123994000,
    "ebitda": 317087000,
    "ebitdaratio": 0.1402018087,
    "operatingIncome": 193093000,
    "operatingIncomeRatio": 0.085377161,
    "totalOtherIncomeExpensesNet": -14763000,
    "incomeBeforeTax": 178330000,
    "incomeBeforeTaxRatio": 0.0788496171,
    "incomeTaxExpense": 44697000,
    "netIncome": 133633000,
    "netIncomeRatio": 0.059086586,
    "eps": 1.25,
    "epsdiluted": 1.23,
    "weightedAverageShsOut": 106768145,
    "weightedAverageShsOutDil": 108373000,
    "link": "https://www.sec.gov/Archives/edgar/data/728535/000143774919014741/0001437749-19-014741-index.htm",
    "finalLink": "https://www.sec.gov/Archives/edgar/data/728535/000143774919014741/jbht20190630_10q.htm"
  },
  {
    "date": "2019-03-31",
    "symbol": "JBHT",
    "reportedCurrency": "USD",
    "cik": "0000728535",
    "fillingDate": "2019-04-26",
    "acceptedDate": "2019-04-26 17:08:06",
    "calendarYear": "2019",
    "period": "Q1",
    "revenue": 2089627000,
    "costOfRevenue": 1748270000,
    "grossProfit": 341357000,
    "grossProfitRatio": 0.1633578624,
    "researchAndDevelopmentExpenses": 0,
    "generalAndAdministrativeExpenses": 82230000,
    "sellingAndMarketingExpenses": 0,
    "sellingGeneralAndAdministrativeExpenses": 82230000,
    "otherExpenses": 91332000,
    "operatingExpenses": 173562000,
    "costAndExpenses": 1921832000,
    "interestIncome": 0,
    "interestExpense": 13033000,
    "depreciationAndAmortization": 119930000,
    "ebitda": 287725000,
    "ebitdaratio": 0.1376920379,
    "operatingIncome": 167795000,
    "operatingIncomeRatio": 0.0802990199,
    "totalOtherIncomeExpensesNet": -13033000,
    "incomeBeforeTax": 154762000,
    "incomeBeforeTaxRatio": 0.0740620216,
    "incomeTaxExpense": 35161000,
    "netIncome": 119601000,
    "netIncomeRatio": 0.0572355736,
    "eps": 1.1,
    "epsdiluted": 1.09,
    "weightedAverageShsOut": 108738788,
    "weightedAverageShsOutDil": 109664000,
    "link": "https://www.sec.gov/Archives/edgar/data/728535/000143774919008071/0001437749-19-008071-index.htm",
    "finalLink": "https://www.sec.gov/Archives/edgar/data/728535/000143774919008071/jbht20190331_10q.htm"
  },
  {
    "date": "2018-12-31",
    "symbol": "JBHT",
    "reportedCurrency": "USD",
    "cik": "0000728535",
    "fillingDate": "2019-02-22",
    "acceptedDate": "2019-02-22 12:09:34",
    "calendarYear": "2018",
    "period": "Q4",
    "revenue": 2317842000,
    "costOfRevenue": 2018067000,
    "grossProfit": 299775000,
    "grossProfitRatio": 0.1293336647,
    "researchAndDevelopmentExpenses": 0,
    "generalAndAdministrativeExpenses": 85804000,
    "sellingAndMarketingExpenses": 0,
    "sellingGeneralAndAdministrativeExpenses": 85804000,
    "otherExpenses": 91232000,
    "operatingExpenses": 177036000,
    "costAndExpenses": 2195103000,
    "interestIncome": 0,
    "interestExpense": 11458000,
    "depreciationAndAmortization": 114086000,
    "ebitda": 237049000,
    "ebitdaratio": 0.1022714232,
    "operatingIncome": 122739000,
    "operatingIncomeRatio": 0.0529539977,
    "totalOtherIncomeExpensesNet": -11234000,
    "incomeBeforeTax": 111505000,
    "incomeBeforeTaxRatio": 0.048107248,
    "incomeTaxExpense": 22824000,
    "netIncome": 88681000,
    "netIncomeRatio": 0.0382601575,
    "eps": 0.82,
    "epsdiluted": 0.82,
    "weightedAverageShsOut": 108738788,
    "weightedAverageShsOutDil": 108738788,
    "link": "https://www.sec.gov/Archives/edgar/data/728535/000143774919003134/0001437749-19-003134-index.htm",
    "finalLink": "https://www.sec.gov/Archives/edgar/data/728535/000143774919003134/jbht20181231_10k.htm"
  },
  {
    "date": "2018-09-30",
    "symbol": "JBHT",
    "reportedCurrency": "USD",
    "cik": "0000728535",
    "fillingDate": "2018-10-29",
    "acceptedDate": "2018-10-29 17:02:33",
    "calendarYear": "2018",
    "period": "Q3",
    "revenue": 2209760000,
    "costOfRevenue": 1847513000,
    "grossProfit": 362247000,
    "grossProfitRatio": 0.1639304721,
    "researchAndDevelopmentExpenses": 0,
    "generalAndAdministrativeExpenses": 95131000,
    "sellingAndMarketingExpenses": 0,
    "sellingGeneralAndAdministrativeExpenses": 95131000,
    "otherExpenses": 92428000,
    "operatingExpenses": 187559000,
    "costAndExpenses": 2035072000,
    "interestIncome": 0,
    "interestExpense": 9961000,
    "depreciationAndAmortization": 108801000,
    "ebitda": 283489000,
    "ebitdaratio": 0.1282894975,
    "operatingIncome": 174688000,
    "operatingIncomeRatio": 0.0790529288,
    "totalOtherIncomeExpensesNet": -9961000,
    "incomeBeforeTax": 164727000,
    "incomeBeforeTaxRatio": 0.0745451995,
    "incomeTaxExpense": 33617000,
    "netIncome": 131110000,
    "netIncomeRatio": 0.0593322352,
    "eps": 1.2,
    "epsdiluted": 1.19,
    "weightedAverageShsOut": 109176325,
    "weightedAverageShsOutDil": 110235000,
    "link": "https://www.sec.gov/Archives/edgar/data/728535/000143774918018982/0001437749-18-018982-index.htm",
    "finalLink": "https://www.sec.gov/Archives/edgar/data/728535/000143774918018982/jbht20180930_10q.htm"
  },
  {
    "date": "2018-06-30",
    "symbol": "JBHT",
    "reportedCurrency": "USD",
    "cik": "0000728535",
    "fillingDate": "2018-07-27",
    "acceptedDate": "2018-07-27 14:31:18",
    "calendarYear": "2018",
    "period": "Q2",
    "revenue": 2139027000,
    "costOfRevenue": 1761454000,
    "grossProfit": 377573000,
    "grossProfitRatio": 0.1765162385,
    "researchAndDevelopmentExpenses": 0,
    "generalAndAdministrativeExpenses": 74081000,
    "sellingAndMarketingExpenses": 0,
    "sellingGeneralAndAdministrativeExpenses": 74081000,
    "otherExpenses": 88680000,
    "operatingExpenses": 162761000,
    "costAndExpenses": 1924215000,
    "interestIncome": 0,
    "interestExpense": 9855000,
    "depreciationAndAmortization": 107423000,
    "ebitda": 322235000,
    "ebitdaratio": 0.1506455973,
    "operatingIncome": 214812000,
    "operatingIncomeRatio": 0.1004250998,
    "totalOtherIncomeExpensesNet": -9855000,
    "incomeBeforeTax": 204957000,
    "incomeBeforeTaxRatio": 0.0958178649,
    "incomeTaxExpense": 53305000,
    "netIncome": 151652000,
    "netIncomeRatio": 0.0708976558,
    "eps": 1.39,
    "epsdiluted": 1.37,
    "weightedAverageShsOut": 109344030,
    "weightedAverageShsOutDil": 110682000,
    "link": "https://www.sec.gov/Archives/edgar/data/728535/000143774918013887/0001437749-18-013887-index.htm",
    "finalLink": "https://www.sec.gov/Archives/edgar/data/728535/000143774918013887/jbht20180630_10q.htm"
  },
  {
    "date": "2018-03-31",
    "symbol": "JBHT",
    "reportedCurrency": "USD",
    "cik": "0000728535",
    "fillingDate": "2018-04-27",
    "acceptedDate": "2018-04-27 15:52:34",
    "calendarYear": "2018",
    "period": "Q1",
    "revenue": 1948245000,
    "costOfRevenue": 1628621000,
    "grossProfit": 319624000,
    "grossProfitRatio": 0.1640573952,
    "researchAndDevelopmentExpenses": 0,
    "generalAndAdministrativeExpenses": 68574000,
    "sellingAndMarketingExpenses": 0,
    "sellingGeneralAndAdministrativeExpenses": 68574000,
    "otherExpenses": 82269000,
    "operatingExpenses": 150843000,
    "costAndExpenses": 1779464000,
    "interestIncome": 0,
    "interestExpense": 9152000,
    "depreciationAndAmortization": 105583000,
    "ebitda": 274364000,
    "ebitdaratio": 0.1408262308,
    "operatingIncome": 168781000,
    "operatingIncomeRatio": 0.0866323281,
    "totalOtherIncomeExpensesNet": -9152000,
    "incomeBeforeTax": 159629000,
    "incomeBeforeTaxRatio": 0.0819347669,
    "incomeTaxExpense": 41487000,
    "netIncome": 118142000,
    "netIncomeRatio": 0.0606402172,
    "eps": 1.08,
    "epsdiluted": 1.07,
    "weightedAverageShsOut": 109755618,
    "weightedAverageShsOutDil": 110863000,
    "link": "https://www.sec.gov/Archives/edgar/data/728535/000143774918007972/0001437749-18-007972-index.htm",
    "finalLink": "https://www.sec.gov/Archives/edgar/data/728535/000143774918007972/jbht20180331_10q.htm"
  },
  {
    "date": "2017-12-31",
    "symbol": "JBHT",
    "reportedCurrency": "USD",
    "cik": "0000728535",
    "fillingDate": "2018-02-23",
    "acceptedDate": "2018-02-23 16:42:32",
    "calendarYear": "2017",
    "period": "Q4",
    "revenue": 1990160000,
    "costOfRevenue": 1659121000,
    "grossProfit": 331039000,
    "grossProfitRatio": 0.1663378824,
    "researchAndDevelopmentExpenses": 0,
    "generalAndAdministrativeExpenses": 105576000,
    "sellingAndMarketingExpenses": 0,
    "sellingGeneralAndAdministrativeExpenses": 105576000,
    "otherExpenses": 79650000,
    "operatingExpenses": 185226000,
    "costAndExpenses": 1844347000,
    "interestIncome": 0,
    "interestExpense": 6264000,
    "depreciationAndAmortization": 102320000,
    "ebitda": 248368000,
    "ebitdaratio": 0.1247980062,
    "operatingIncome": 145813000,
    "operatingIncomeRatio": 0.0732669735,
    "totalOtherIncomeExpensesNet": -6029000,
    "incomeBeforeTax": 139784000,
    "incomeBeforeTaxRatio": 0.0702375688,
    "incomeTaxExpense": -245523000,
    "netIncome": 385307000,
    "netIncomeRatio": 0.1936060417,
    "eps": 3.51,
    "epsdiluted": 3.48,
    "weightedAverageShsOut": 109753008,
    "weightedAverageShsOutDil": 110737000,
    "link": "https://www.sec.gov/Archives/edgar/data/728535/000143774918003239/0001437749-18-003239-index.htm",
    "finalLink": "https://www.sec.gov/Archives/edgar/data/728535/000143774918003239/jbht20171231_10k.htm"
  },
  {
    "date": "2017-09-30",
    "symbol": "JBHT",
    "reportedCurrency": "USD",
    "cik": "0000728535",
    "fillingDate": "2017-10-27",
    "acceptedDate": "2017-10-27 16:17:44",
    "calendarYear": "2017",
    "period": "Q3",
    "revenue": 1843334000,
    "costOfRevenue": 1538450000,
    "grossProfit": 304884000,
    "grossProfitRatio": 0.1653981319,
    "researchAndDevelopmentExpenses": 0,
    "generalAndAdministrativeExpenses": 61590000,
    "sellingAndMarketingExpenses": 0,
    "sellingGeneralAndAdministrativeExpenses": 61590000,
    "otherExpenses": 78322000,
    "operatingExpenses": 139912000,
    "costAndExpenses": 1678362000,
    "interestIncome": 0,
    "interestExpense": 8310000,
    "depreciationAndAmortization": 95960000,
    "ebitda": 260932000,
    "ebitdaratio": 0.1415543792,
    "operatingIncome": 164972000,
    "operatingIncomeRatio": 0.0894965318,
    "totalOtherIncomeExpensesNet": -8310000,
    "incomeBeforeTax": 156662000,
    "incomeBeforeTaxRatio": 0.084988396,
    "incomeTaxExpense": 56277000,
    "netIncome": 100385000,
    "netIncomeRatio": 0.054458389,
    "eps": 0.91,
    "epsdiluted": 0.91,
    "weightedAverageShsOut": 109751895,
    "weightedAverageShsOutDil": 110628000,
    "link": "https://www.sec.gov/Archives/edgar/data/728535/000143774917017754/0001437749-17-017754-index.htm",
    "finalLink": "https://www.sec.gov/Archives/edgar/data/728535/000143774917017754/jbht20170930_10q.htm"
  },
  {
    "date": "2017-06-30",
    "symbol": "JBHT",
    "reportedCurrency": "USD",
    "cik": "0000728535",
    "fillingDate": "2017-07-28",
    "acceptedDate": "2017-07-28 17:06:45",
    "calendarYear": "2017",
    "period": "Q2",
    "revenue": 1726915000,
    "costOfRevenue": 1433117000,
    "grossProfit": 293798000,
    "grossProfitRatio": 0.1701288135,
    "researchAndDevelopmentExpenses": 0,
    "generalAndAdministrativeExpenses": 54792000,
    "sellingAndMarketingExpenses": 0,
    "sellingGeneralAndAdministrativeExpenses": 54792000,
    "otherExpenses": 75391000,
    "operatingExpenses": 130183000,
    "costAndExpenses": 1563300000,
    "interestIncome": 0,
    "interestExpense": 7393000,
    "depreciationAndAmortization": 93049000,
    "ebitda": 256664000,
    "ebitdaratio": 0.1486257285,
    "operatingIncome": 163615000,
    "operatingIncomeRatio": 0.0947440957,
    "totalOtherIncomeExpensesNet": -7393000,
    "incomeBeforeTax": 156222000,
    "incomeBeforeTaxRatio": 0.0904630512,
    "incomeTaxExpense": 58353000,
    "netIncome": 97869000,
    "netIncomeRatio": 0.0566727372,
    "eps": 0.89,
    "epsdiluted": 0.88,
    "weightedAverageShsOut": 109435453,
    "weightedAverageShsOutDil": 110822000,
    "link": "https://www.sec.gov/Archives/edgar/data/728535/000143774917013293/0001437749-17-013293-index.htm",
    "finalLink": "https://www.sec.gov/Archives/edgar/data/728535/000143774917013293/jbht20170630_10q.htm"
  },
  {
    "date": "2017-03-31",
    "symbol": "JBHT",
    "reportedCurrency": "USD",
    "cik": "0000728535",
    "fillingDate": "2017-04-28",
    "acceptedDate": "2017-04-28 14:18:04",
    "calendarYear": "2017",
    "period": "Q1",
    "revenue": 1629158000,
    "costOfRevenue": 1359585000,
    "grossProfit": 269573000,
    "grossProfitRatio": 0.1654676833,
    "researchAndDevelopmentExpenses": 0,
    "generalAndAdministrativeExpenses": 51482000,
    "sellingAndMarketingExpenses": 0,
    "sellingGeneralAndAdministrativeExpenses": 51482000,
    "otherExpenses": 68702000,
    "operatingExpenses": 120184000,
    "costAndExpenses": 1479769000,
    "interestIncome": 0,
    "interestExpense": 6817000,
    "depreciationAndAmortization": 92189000,
    "ebitda": 241578000,
    "ebitdaratio": 0.1482839602,
    "operatingIncome": 149389000,
    "operatingIncomeRatio": 0.0916970607,
    "totalOtherIncomeExpensesNet": -6817000,
    "incomeBeforeTax": 142572000,
    "incomeBeforeTaxRatio": 0.0875126906,
    "incomeTaxExpense": 39870000,
    "netIncome": 102702000,
    "netIncomeRatio": 0.0630399261,
    "eps": 0.93,
    "epsdiluted": 0.92,
    "weightedAverageShsOut": 109983186,
    "weightedAverageShsOutDil": 112026000,
    "link": "https://www.sec.gov/Archives/edgar/data/728535/000143774917007430/0001437749-17-007430-index.htm",
    "finalLink": "https://www.sec.gov/Archives/edgar/data/728535/000143774917007430/jbht20170331_10q.htm"
  },
  {
    "date": "2016-12-31",
    "symbol": "JBHT",
    "reportedCurrency": "USD",
    "cik": "0000728535",
    "fillingDate": "2017-02-23",
    "acceptedDate": "2017-02-23 16:10:12",
    "calendarYear": "2016",
    "period": "Q4",
    "revenue": 1721062000,
    "costOfRevenue": 1404483000,
    "grossProfit": 316579000,
    "grossProfitRatio": 0.1839439834,
    "researchAndDevelopmentExpenses": 0,
    "generalAndAdministrativeExpenses": 50419000,
    "sellingAndMarketingExpenses": 0,
    "sellingGeneralAndAdministrativeExpenses": 50419000,
    "otherExpenses": 71799000,
    "operatingExpenses": 122218000,
    "costAndExpenses": 1526701000,
    "interestIncome": 0,
    "interestExpense": 5947000,
    "depreciationAndAmortization": 91793000,
    "ebitda": 286225000,
    "ebitdaratio": 0.1663071987,
    "operatingIncome": 194361000,
    "operatingIncomeRatio": 0.1129308532,
    "totalOtherIncomeExpensesNet": -5876000,
    "incomeBeforeTax": 188485000,
    "incomeBeforeTaxRatio": 0.1095166821,
    "incomeTaxExpense": 70929000,
    "netIncome": 117556000,
    "netIncomeRatio": 0.0683043377,
    "eps": 1.06,
    "epsdiluted": 1.05,
    "weightedAverageShsOut": 111305021,
    "weightedAverageShsOutDil": 112327000,
    "link": "https://www.sec.gov/Archives/edgar/data/728535/000143774917003083/0001437749-17-003083-index.htm",
    "finalLink": "https://www.sec.gov/Archives/edgar/data/728535/000143774917003083/jbht20161231_10k.htm"
  },
  {
    "date": "2016-09-30",
    "symbol": "JBHT",
    "reportedCurrency": "USD",
    "cik": "0000728535",
    "fillingDate": "2016-10-28",
    "acceptedDate": "2016-10-28 16:12:16",
    "calendarYear": "2016",
    "period": "Q3",
    "revenue": 1690659000,
    "costOfRevenue": 1385935000,
    "grossProfit": 304724000,
    "grossProfitRatio": 0.1802397763,
    "researchAndDevelopmentExpenses": 0,
    "generalAndAdministrativeExpenses": 47891000,
    "sellingAndMarketingExpenses": 0,
    "sellingGeneralAndAdministrativeExpenses": 47891000,
    "otherExpenses": 73856000,
    "operatingExpenses": 121747000,
    "costAndExpenses": 1507682000,
    "interestIncome": 0,
    "interestExpense": 6485000,
    "depreciationAndAmortization": 91001000,
    "ebitda": 273978000,
    "ebitdaratio": 0.1620539683,
    "operatingIncome": 182977000,
    "operatingIncomeRatio": 0.1082282116,
    "totalOtherIncomeExpensesNet": -6485000,
    "incomeBeforeTax": 176492000,
    "incomeBeforeTaxRatio": 0.1043924292,
    "incomeTaxExpense": 67067000,
    "netIncome": 109425000,
    "netIncomeRatio": 0.0647232825,
    "eps": 0.98,
    "epsdiluted": 0.97,
    "weightedAverageShsOut": 112185072,
    "weightedAverageShsOutDil": 113363000,
    "link": "https://www.sec.gov/Archives/edgar/data/728535/000143774916040530/0001437749-16-040530-index.htm",
    "finalLink": "https://www.sec.gov/Archives/edgar/data/728535/000143774916040530/jbht20160817_10q.htm"
  },
  {
    "date": "2016-06-30",
    "symbol": "JBHT",
    "reportedCurrency": "USD",
    "cik": "0000728535",
    "fillingDate": "2016-07-28",
    "acceptedDate": "2016-07-28 17:07:23",
    "calendarYear": "2016",
    "period": "Q2",
    "revenue": 1615026000,
    "costOfRevenue": 1328729000,
    "grossProfit": 286297000,
    "grossProfitRatio": 0.1772708303,
    "researchAndDevelopmentExpenses": 0,
    "generalAndAdministrativeExpenses": 42645000,
    "sellingAndMarketingExpenses": 0,
    "sellingGeneralAndAdministrativeExpenses": 42645000,
    "otherExpenses": 67860000,
    "operatingExpenses": 110505000,
    "costAndExpenses": 1439234000,
    "interestIncome": 0,
    "interestExpense": 6420000,
    "depreciationAndAmortization": 90364000,
    "ebitda": 266156000,
    "ebitdaratio": 0.1647998237,
    "operatingIncome": 175792000,
    "operatingIncomeRatio": 0.1088477833,
    "totalOtherIncomeExpensesNet": -6420000,
    "incomeBeforeTax": 169372000,
    "incomeBeforeTaxRatio": 0.1048726151,
    "incomeTaxExpense": 64361000,
    "netIncome": 105011000,
    "netIncomeRatio": 0.0650212442,
    "eps": 0.93,
    "epsdiluted": 0.92,
    "weightedAverageShsOut": 112680259,
    "weightedAverageShsOutDil": 113761000,
    "link": "https://www.sec.gov/Archives/edgar/data/728535/000143774916035886/0001437749-16-035886-index.htm",
    "finalLink": "https://www.sec.gov/Archives/edgar/data/728535/000143774916035886/jbht20160630_10q.htm"
  },
  {
    "date": "2016-03-31",
    "symbol": "JBHT",
    "reportedCurrency": "USD",
    "cik": "0000728535",
    "fillingDate": "2016-04-29",
    "acceptedDate": "2016-04-29 14:43:17",
    "calendarYear": "2016",
    "period": "Q1",
    "revenue": 1528712000,
    "costOfRevenue": 1250679000,
    "grossProfit": 278033000,
    "grossProfitRatio": 0.1818740221,
    "researchAndDevelopmentExpenses": 0,
    "generalAndAdministrativeExpenses": 44480000,
    "sellingAndMarketingExpenses": 0,
    "sellingGeneralAndAdministrativeExpenses": 44480000,
    "otherExpenses": 65663000,
    "operatingExpenses": 110143000,
    "costAndExpenses": 1360822000,
    "interestIncome": 0,
    "interestExpense": 6442000,
    "depreciationAndAmortization": 88352000,
    "ebitda": 256242000,
    "ebitdaratio": 0.1676195385,
    "operatingIncome": 167890000,
    "operatingIncomeRatio": 0.1098244797,
    "totalOtherIncomeExpensesNet": -6442000,
    "incomeBeforeTax": 161448000,
    "incomeBeforeTaxRatio": 0.1056104747,
    "incomeTaxExpense": 61350000,
    "netIncome": 100098000,
    "netIncomeRatio": 0.0654786513,
    "eps": 0.89,
    "epsdiluted": 0.88,
    "weightedAverageShsOut": 112654332,
    "weightedAverageShsOutDil": 114003000,
    "link": "https://www.sec.gov/Archives/edgar/data/728535/000143774916030364/0001437749-16-030364-index.htm",
    "finalLink": "https://www.sec.gov/Archives/edgar/data/728535/000143774916030364/jbht20160331_10q.htm"
  },
  {
    "date": "2015-12-31",
    "symbol": "JBHT",
    "reportedCurrency": "USD",
    "cik": "0000728535",
    "fillingDate": "2016-02-23",
    "acceptedDate": "2016-02-23 16:38:30",
    "calendarYear": "2015",
    "period": "Q4",
    "revenue": 1621015000,
    "costOfRevenue": 1321653000,
    "grossProfit": 299362000,
    "grossProfitRatio": 0.1846756507,
    "researchAndDevelopmentExpenses": 0,
    "generalAndAdministrativeExpenses": 38790000,
    "sellingAndMarketingExpenses": 0,
    "sellingGeneralAndAdministrativeExpenses": 38790000,
    "otherExpenses": 67679000,
    "operatingExpenses": 106469000,
    "costAndExpenses": 1428122000,
    "interestIncome": 0,
    "interestExpense": 4375000,
    "depreciationAndAmortization": 88374000,
    "ebitda": 281353000,
    "ebitdaratio": 0.1735659448,
    "operatingIncome": 192893000,
    "operatingIncomeRatio": 0.1189951975,
    "totalOtherIncomeExpensesNet": -4289000,
    "incomeBeforeTax": 188603000,
    "incomeBeforeTaxRatio": 0.1163487074,
    "incomeTaxExpense": 71859000,
    "netIncome": 116745000,
    "netIncomeRatio": 0.0720196914,
    "eps": 1.02,
    "epsdiluted": 1.01,
    "weightedAverageShsOut": 113947780,
    "weightedAverageShsOutDil": 115048000,
    "link": "https://www.sec.gov/Archives/edgar/data/728535/000143774916025879/0001437749-16-025879-index.htm",
    "finalLink": "https://www.sec.gov/Archives/edgar/data/728535/000143774916025879/jbht20151231_10k.htm"
  },
  {
    "date": "2015-09-30",
    "symbol": "JBHT",
    "reportedCurrency": "USD",
    "cik": "0000728535",
    "fillingDate": "2015-10-23",
    "acceptedDate": "2015-10-23 12:05:01",
    "calendarYear": "2015",
    "period": "Q3",
    "revenue": 1586494000,
    "costOfRevenue": 1284755000,
    "grossProfit": 301739000,
    "grossProfitRatio": 0.1901923361,
    "researchAndDevelopmentExpenses": 0,
    "generalAndAdministrativeExpenses": 39911000,
    "sellingAndMarketingExpenses": 0,
    "sellingGeneralAndAdministrativeExpenses": 39911000,
    "otherExpenses": 67982000,
    "operatingExpenses": 107893000,
    "costAndExpenses": 1392648000,
    "interestIncome": 0,
    "interestExpense": 7838000,
    "depreciationAndAmortization": 86201000,
    "ebitda": 280047000,
    "ebitdaratio": 0.1765194196,
    "operatingIncome": 193846000,
    "operatingIncomeRatio": 0.1221851454,
    "totalOtherIncomeExpensesNet": -7838000,
    "incomeBeforeTax": 186008000,
    "incomeBeforeTaxRatio": 0.1172446918,
    "incomeTaxExpense": 70869000,
    "netIncome": 115139000,
    "netIncomeRatio": 0.0725744945,
    "eps": 1,
    "epsdiluted": 0.99,
    "weightedAverageShsOut": 114601888,
    "weightedAverageShsOutDil": 116282000,
    "link": "https://www.sec.gov/Archives/edgar/data/728535/000143774915018776/0001437749-15-018776-index.htm",
    "finalLink": "https://www.sec.gov/Archives/edgar/data/728535/000143774915018776/jbht20150930_10q.htm"
  },
  {
    "date": "2015-06-30",
    "symbol": "JBHT",
    "reportedCurrency": "USD",
    "cik": "0000728535",
    "fillingDate": "2015-07-30",
    "acceptedDate": "2015-07-30 13:43:18",
    "calendarYear": "2015",
    "period": "Q2",
    "revenue": 1539957000,
    "costOfRevenue": 1247680000,
    "grossProfit": 292277000,
    "grossProfitRatio": 0.1897955592,
    "researchAndDevelopmentExpenses": 0,
    "generalAndAdministrativeExpenses": 51090000,
    "sellingAndMarketingExpenses": 0,
    "sellingGeneralAndAdministrativeExpenses": 51090000,
    "otherExpenses": 67452000,
    "operatingExpenses": 118542000,
    "costAndExpenses": 1366222000,
    "interestIncome": 0,
    "interestExpense": 6661000,
    "depreciationAndAmortization": 83660000,
    "ebitda": 257395000,
    "ebitdaratio": 0.1671442774,
    "operatingIncome": 173735000,
    "operatingIncomeRatio": 0.1128180852,
    "totalOtherIncomeExpensesNet": -6661000,
    "incomeBeforeTax": 167074000,
    "incomeBeforeTaxRatio": 0.1084926397,
    "incomeTaxExpense": 63655000,
    "netIncome": 103419000,
    "netIncomeRatio": 0.06715707,
    "eps": 0.89,
    "epsdiluted": 0.88,
    "weightedAverageShsOut": 116250852,
    "weightedAverageShsOutDil": 117811000,
    "link": "https://www.sec.gov/Archives/edgar/data/728535/000143774915014312/0001437749-15-014312-index.htm",
    "finalLink": "https://www.sec.gov/Archives/edgar/data/728535/000143774915014312/jbht20150630_10q.htm"
  },
  {
    "date": "2015-03-31",
    "symbol": "JBHT",
    "reportedCurrency": "USD",
    "cik": "0000728535",
    "fillingDate": "2015-04-24",
    "acceptedDate": "2015-04-24 12:22:18",
    "calendarYear": "2015",
    "period": "Q1",
    "revenue": 1440180000,
    "costOfRevenue": 1187386000,
    "grossProfit": 252794000,
    "grossProfitRatio": 0.1755294477,
    "researchAndDevelopmentExpenses": 0,
    "generalAndAdministrativeExpenses": 37005000,
    "sellingAndMarketingExpenses": 0,
    "sellingGeneralAndAdministrativeExpenses": 37005000,
    "otherExpenses": 60569000,
    "operatingExpenses": 97574000,
    "costAndExpenses": 1284960000,
    "interestIncome": 0,
    "interestExpense": 6703000,
    "depreciationAndAmortization": 81378000,
    "ebitda": 236598000,
    "ebitdaratio": 0.1642836312,
    "operatingIncome": 155220000,
    "operatingIncomeRatio": 0.1077781944,
    "totalOtherIncomeExpensesNet": -6703000,
    "incomeBeforeTax": 148518000,
    "incomeBeforeTaxRatio": 0.1031246094,
    "incomeTaxExpense": 56585000,
    "netIncome": 91932000,
    "netIncomeRatio": 0.0638336875,
    "eps": 0.79,
    "epsdiluted": 0.78,
    "weightedAverageShsOut": 116555820,
    "weightedAverageShsOutDil": 117800000,
    "link": "https://www.sec.gov/Archives/edgar/data/728535/000143774915008003/0001437749-15-008003-index.htm",
    "finalLink": "https://www.sec.gov/Archives/edgar/data/728535/000143774915008003/jbht20150331_10q.htm"
  },
  {
    "date": "2014-12-31",
    "symbol": "JBHT",
    "reportedCurrency": "USD",
    "cik": "0000728535",
    "fillingDate": "2015-02-24",
    "acceptedDate": "2015-02-24 15:17:28",
    "calendarYear": "2014",
    "period": "Q4",
    "revenue": 1609511000,
    "costOfRevenue": 1321025000,
    "grossProfit": 288486000,
    "grossProfitRatio": 0.1792382904,
    "researchAndDevelopmentExpenses": 0,
    "generalAndAdministrativeExpenses": 42702000,
    "sellingAndMarketingExpenses": 0,
    "sellingGeneralAndAdministrativeExpenses": 42702000,
    "otherExpenses": 62879000,
    "operatingExpenses": 105581000,
    "costAndExpenses": 1426606000,
    "interestIncome": 0,
    "interestExpense": 5670000,
    "depreciationAndAmortization": 78387000,
    "ebitda": 261379000,
    "ebitdaratio": 0.1623965291,
    "operatingIncome": 182905000,
    "operatingIncomeRatio": 0.1136401056,
    "totalOtherIncomeExpensesNet": -5583000,
    "incomeBeforeTax": 177322000,
    "incomeBeforeTaxRatio": 0.1101713502,
    "incomeTaxExpense": 67016000,
    "netIncome": 110306000,
    "netIncomeRatio": 0.068533859,
    "eps": 0.95,
    "epsdiluted": 0.95,
    "weightedAverageShsOut": 116555820,
    "weightedAverageShsOutDil": 116555820,
    "link": "https://www.sec.gov/Archives/edgar/data/728535/000143774915003305/0001437749-15-003305-index.htm",
    "finalLink": "https://www.sec.gov/Archives/edgar/data/728535/000143774915003305/jbht20141231_10k.htm"
  },
  {
    "date": "2014-09-30",
    "symbol": "JBHT",
    "reportedCurrency": "USD",
    "cik": "0000728535",
    "fillingDate": "2014-10-30",
    "acceptedDate": "2014-10-30 16:15:18",
    "calendarYear": "2014",
    "period": "Q3",
    "revenue": 1601156000,
    "costOfRevenue": 1320117000,
    "grossProfit": 281039000,
    "grossProfitRatio": 0.17552256,
    "researchAndDevelopmentExpenses": 0,
    "generalAndAdministrativeExpenses": 42068000,
    "sellingAndMarketingExpenses": 0,
    "sellingGeneralAndAdministrativeExpenses": 42068000,
    "otherExpenses": 66871000,
    "operatingExpenses": 108939000,
    "costAndExpenses": 1429056000,
    "interestIncome": 0,
    "interestExpense": 6649000,
    "depreciationAndAmortization": 75416000,
    "ebitda": 247516000,
    "ebitdaratio": 0.1545858118,
    "operatingIncome": 172100000,
    "operatingIncomeRatio": 0.1074848422,
    "totalOtherIncomeExpensesNet": -6649000,
    "incomeBeforeTax": 165451000,
    "incomeBeforeTaxRatio": 0.1033322175,
    "incomeTaxExpense": 63037000,
    "netIncome": 102414000,
    "netIncomeRatio": 0.0639625371,
    "eps": 0.87,
    "epsdiluted": 0.87,
    "weightedAverageShsOut": 117154271,
    "weightedAverageShsOutDil": 118221000,
    "link": "https://www.sec.gov/Archives/edgar/data/728535/000143774914019100/0001437749-14-019100-index.htm",
    "finalLink": "https://www.sec.gov/Archives/edgar/data/728535/000143774914019100/jbht20140930_10q.htm"
  },
  {
    "date": "2014-06-30",
    "symbol": "JBHT",
    "reportedCurrency": "USD",
    "cik": "0000728535",
    "fillingDate": "2014-07-29",
    "acceptedDate": "2014-07-29 14:00:07",
    "calendarYear": "2014",
    "period": "Q2",
    "revenue": 1547867000,
    "costOfRevenue": 1284226000,
    "grossProfit": 263641000,
    "grossProfitRatio": 0.1703253574,
    "researchAndDevelopmentExpenses": 0,
    "generalAndAdministrativeExpenses": 36588000,
    "sellingAndMarketingExpenses": 0,
    "sellingGeneralAndAdministrativeExpenses": 36588000,
    "otherExpenses": 67823000,
    "operatingExpenses": 104411000,
    "costAndExpenses": 1388637000,
    "interestIncome": 0,
    "interestExpense": 8329000,
    "depreciationAndAmortization": 71726000,
    "ebitda": 230956000,
    "ebitdaratio": 0.1492092021,
    "operatingIncome": 159230000,
    "operatingIncomeRatio": 0.1028705955,
    "totalOtherIncomeExpensesNet": -8329000,
    "incomeBeforeTax": 150901000,
    "incomeBeforeTaxRatio": 0.0974896422,
    "incomeTaxExpense": 57493000,
    "netIncome": 93408000,
    "netIncomeRatio": 0.0603462701,
    "eps": 0.8,
    "epsdiluted": 0.79,
    "weightedAverageShsOut": 116546855,
    "weightedAverageShsOutDil": 118541000,
    "link": "https://www.sec.gov/Archives/edgar/data/728535/000143774914013566/0001437749-14-013566-index.htm",
    "finalLink": "https://www.sec.gov/Archives/edgar/data/728535/000143774914013566/jbht20140630_10q.htm"
  },
  {
    "date": "2014-03-31",
    "symbol": "JBHT",
    "reportedCurrency": "USD",
    "cik": "0000728535",
    "fillingDate": "2014-04-25",
    "acceptedDate": "2014-04-25 12:05:53",
    "calendarYear": "2014",
    "period": "Q1",
    "revenue": 1406908000,
    "costOfRevenue": 1198725000,
    "grossProfit": 208183000,
    "grossProfitRatio": 0.1479720067,
    "researchAndDevelopmentExpenses": 0,
    "generalAndAdministrativeExpenses": 31115000,
    "sellingAndMarketingExpenses": 0,
    "sellingGeneralAndAdministrativeExpenses": 31115000,
    "otherExpenses": 59761000,
    "operatingExpenses": 90876000,
    "costAndExpenses": 1289601000,
    "interestIncome": 0,
    "interestExpense": 6380000,
    "depreciationAndAmortization": 68967000,
    "ebitda": 186274000,
    "ebitdaratio": 0.1323995599,
    "operatingIncome": 117307000,
    "operatingIncomeRatio": 0.083379297,
    "totalOtherIncomeExpensesNet": -6380000,
    "incomeBeforeTax": 110927000,
    "incomeBeforeTaxRatio": 0.07884453,
    "incomeTaxExpense": 42263000,
    "netIncome": 68664000,
    "netIncomeRatio": 0.048804897,
    "eps": 0.59,
    "epsdiluted": 0.58,
    "weightedAverageShsOut": 117259962,
    "weightedAverageShsOutDil": 118943000,
    "link": "https://www.sec.gov/Archives/edgar/data/728535/000143774914007148/0001437749-14-007148-index.htm",
    "finalLink": "https://www.sec.gov/Archives/edgar/data/728535/000143774914007148/jbht20140331_10q.htm"
  },
  {
    "date": "2013-12-31",
    "symbol": "JBHT",
    "reportedCurrency": "USD",
    "cik": "0000728535",
    "fillingDate": "2014-02-21",
    "acceptedDate": "2014-02-21 17:11:04",
    "calendarYear": "2013",
    "period": "Q4",
    "revenue": 1474276000,
    "costOfRevenue": 1226286000,
    "grossProfit": 247990000,
    "grossProfitRatio": 0.1682113797,
    "researchAndDevelopmentExpenses": 0,
    "generalAndAdministrativeExpenses": 33091000,
    "sellingAndMarketingExpenses": 0,
    "sellingGeneralAndAdministrativeExpenses": 33091000,
    "otherExpenses": 61366000,
    "operatingExpenses": 94457000,
    "costAndExpenses": 1320743000,
    "interestIncome": 0,
    "interestExpense": 4889000,
    "depreciationAndAmortization": 66076000,
    "ebitda": 219678000,
    "ebitdaratio": 0.1490073772,
    "operatingIncome": 153533000,
    "operatingIncomeRatio": 0.104141287,
    "totalOtherIncomeExpensesNet": -4820000,
    "incomeBeforeTax": 148713000,
    "incomeBeforeTaxRatio": 0.1008718856,
    "incomeTaxExpense": 56849000,
    "netIncome": 91864000,
    "netIncomeRatio": 0.0623112633,
    "eps": 0.78,
    "epsdiluted": 0.77,
    "weightedAverageShsOut": 117241438,
    "weightedAverageShsOutDil": 118960000,
    "link": "https://www.sec.gov/Archives/edgar/data/728535/000143774914002605/0001437749-14-002605-index.htm",
    "finalLink": "https://www.sec.gov/Archives/edgar/data/728535/000143774914002605/jbht20131231_10k.htm"
  },
  {
    "date": "2013-09-30",
    "symbol": "JBHT",
    "reportedCurrency": "USD",
    "cik": "0000728535",
    "fillingDate": "2013-10-30",
    "acceptedDate": "2013-10-30 16:21:31",
    "calendarYear": "2013",
    "period": "Q3",
    "revenue": 1435850000,
    "costOfRevenue": 1192644000,
    "grossProfit": 243206000,
    "grossProfitRatio": 0.1693812028,
    "researchAndDevelopmentExpenses": 0,
    "generalAndAdministrativeExpenses": 28931000,
    "sellingAndMarketingExpenses": 0,
    "sellingGeneralAndAdministrativeExpenses": 28931000,
    "otherExpenses": 63546000,
    "operatingExpenses": 92477000,
    "costAndExpenses": 1285121000,
    "interestIncome": 0,
    "interestExpense": 5835000,
    "depreciationAndAmortization": 64291000,
    "ebitda": 215020000,
    "ebitdaratio": 0.1497510186,
    "operatingIncome": 150729000,
    "operatingIncomeRatio": 0.1049754501,
    "totalOtherIncomeExpensesNet": -5835000,
    "incomeBeforeTax": 144894000,
    "incomeBeforeTaxRatio": 0.1009116551,
    "incomeTaxExpense": 55422000,
    "netIncome": 89472000,
    "netIncomeRatio": 0.0623129157,
    "eps": 0.76,
    "epsdiluted": 0.75,
    "weightedAverageShsOut": 117856402,
    "weightedAverageShsOutDil": 119357000,
    "link": "https://www.sec.gov/Archives/edgar/data/728535/000143774913013619/0001437749-13-013619-index.htm",
    "finalLink": "https://www.sec.gov/Archives/edgar/data/728535/000143774913013619/jbht20130930_10q.htm"
  },
  {
    "date": "2013-06-30",
    "symbol": "JBHT",
    "reportedCurrency": "USD",
    "cik": "0000728535",
    "fillingDate": "2013-07-30",
    "acceptedDate": "2013-07-30 11:15:16",
    "calendarYear": "2013",
    "period": "Q2",
    "revenue": 1382858000,
    "costOfRevenue": 1148610000,
    "grossProfit": 234248000,
    "grossProfitRatio": 0.1693941099,
    "researchAndDevelopmentExpenses": 0,
    "generalAndAdministrativeExpenses": 29173000,
    "sellingAndMarketingExpenses": 0,
    "sellingGeneralAndAdministrativeExpenses": 29173000,
    "otherExpenses": 57668000,
    "operatingExpenses": 86841000,
    "costAndExpenses": 1235451000,
    "interestIncome": 0,
    "interestExpense": 6230000,
    "depreciationAndAmortization": 62283000,
    "ebitda": 209690000,
    "ebitdaratio": 0.1516352366,
    "operatingIncome": 147407000,
    "operatingIncomeRatio": 0.106595905,
    "totalOtherIncomeExpensesNet": -6230000,
    "incomeBeforeTax": 141177000,
    "incomeBeforeTaxRatio": 0.1020907425,
    "incomeTaxExpense": 53480000,
    "netIncome": 87697000,
    "netIncomeRatio": 0.0634172128,
    "eps": 0.75,
    "epsdiluted": 0.73,
    "weightedAverageShsOut": 117067399,
    "weightedAverageShsOutDil": 119472000,
    "link": "https://www.sec.gov/Archives/edgar/data/728535/000143774913009560/0001437749-13-009560-index.htm",
    "finalLink": "https://www.sec.gov/Archives/edgar/data/728535/000143774913009560/jbht20130719_10q.htm"
  },
  {
    "date": "2013-03-31",
    "symbol": "JBHT",
    "reportedCurrency": "USD",
    "cik": "0000728535",
    "fillingDate": "2013-04-26",
    "acceptedDate": "2013-04-26 15:00:07",
    "calendarYear": "2013",
    "period": "Q1",
    "revenue": 1291587000,
    "costOfRevenue": 1085547000,
    "grossProfit": 206040000,
    "grossProfitRatio": 0.1595246778,
    "researchAndDevelopmentExpenses": 0,
    "generalAndAdministrativeExpenses": 28574000,
    "sellingAndMarketingExpenses": 0,
    "sellingGeneralAndAdministrativeExpenses": 28574000,
    "otherExpenses": 52427000,
    "operatingExpenses": 81001000,
    "costAndExpenses": 1166548000,
    "interestIncome": 0,
    "interestExpense": 6256000,
    "depreciationAndAmortization": 60730000,
    "ebitda": 185769000,
    "ebitdaratio": 0.1438300324,
    "operatingIncome": 125039000,
    "operatingIncomeRatio": 0.0968103581,
    "totalOtherIncomeExpensesNet": -6256000,
    "incomeBeforeTax": 118783000,
    "incomeBeforeTaxRatio": 0.0919667045,
    "incomeTaxExpense": 45434000,
    "netIncome": 73349000,
    "netIncomeRatio": 0.0567898252,
    "eps": 0.62,
    "epsdiluted": 0.61,
    "weightedAverageShsOut": 117583210,
    "weightedAverageShsOutDil": 119825000,
    "link": "https://www.sec.gov/Archives/edgar/data/728535/000143774913004776/0001437749-13-004776-index.htm",
    "finalLink": "https://www.sec.gov/Archives/edgar/data/728535/000143774913004776/jbht_10q-033113.htm"
  },
  {
    "date": "2012-12-31",
    "symbol": "JBHT",
    "reportedCurrency": "USD",
    "cik": "0000728535",
    "fillingDate": "2013-02-22",
    "acceptedDate": "2013-02-22 16:52:50",
    "calendarYear": "2012",
    "period": "Q4",
    "revenue": 1338136000,
    "costOfRevenue": 1844880000,
    "grossProfit": -506744000,
    "grossProfitRatio": -0.3786939444,
    "researchAndDevelopmentExpenses": 0,
    "generalAndAdministrativeExpenses": -688030000,
    "sellingAndMarketingExpenses": 0,
    "sellingGeneralAndAdministrativeExpenses": -688030000,
    "otherExpenses": 37951000,
    "operatingExpenses": -650079000,
    "costAndExpenses": 1194801000,
    "interestIncome": 0,
    "interestExpense": 5297000,
    "depreciationAndAmortization": 59046000,
    "ebitda": 202382000,
    "ebitdaratio": 0.1512417273,
    "operatingIncome": 143335000,
    "operatingIncomeRatio": 0.1071154203,
    "totalOtherIncomeExpensesNet": -5296000,
    "incomeBeforeTax": 138039000,
    "incomeBeforeTaxRatio": 0.1031576761,
    "incomeTaxExpense": 54062000,
    "netIncome": 83977000,
    "netIncomeRatio": 0.0627567004,
    "eps": 0.71,
    "epsdiluted": 0.7,
    "weightedAverageShsOut": 117529307,
    "weightedAverageShsOutDil": 120019000,
    "link": "https://www.sec.gov/Archives/edgar/data/728535/000143774913001883/0001437749-13-001883-index.htm",
    "finalLink": "https://www.sec.gov/Archives/edgar/data/728535/000143774913001883/jbht_10k-123112.htm"
  },
  {
    "date": "2012-09-30",
    "symbol": "JBHT",
    "reportedCurrency": "USD",
    "cik": "0000728535",
    "fillingDate": "2012-10-26",
    "acceptedDate": "2012-10-26 14:27:39",
    "calendarYear": "2012",
    "period": "Q3",
    "revenue": 1295792000,
    "costOfRevenue": 1079427000,
    "grossProfit": 216365000,
    "grossProfitRatio": 0.1669751009,
    "researchAndDevelopmentExpenses": 0,
    "generalAndAdministrativeExpenses": 27581000,
    "sellingAndMarketingExpenses": 0,
    "sellingGeneralAndAdministrativeExpenses": 27581000,
    "otherExpenses": 55732000,
    "operatingExpenses": 83313000,
    "costAndExpenses": 1162740000,
    "interestIncome": 0,
    "interestExpense": 6346000,
    "depreciationAndAmortization": 57773000,
    "ebitda": 190825000,
    "ebitdaratio": 0.1472651475,
    "operatingIncome": 133052000,
    "operatingIncomeRatio": 0.1026800598,
    "totalOtherIncomeExpensesNet": -6346000,
    "incomeBeforeTax": 126706000,
    "incomeBeforeTaxRatio": 0.0977826688,
    "incomeTaxExpense": 48465000,
    "netIncome": 78241000,
    "netIncomeRatio": 0.0603808327,
    "eps": 0.66,
    "epsdiluted": 0.65,
    "weightedAverageShsOut": 118258107,
    "weightedAverageShsOutDil": 120281000,
    "link": "https://www.sec.gov/Archives/edgar/data/728535/000143774912010587/0001437749-12-010587-index.htm",
    "finalLink": "https://www.sec.gov/Archives/edgar/data/728535/000143774912010587/jbht20121017_10q.htm"
  },
  {
    "date": "2012-06-30",
    "symbol": "JBHT",
    "reportedCurrency": "USD",
    "cik": "0000728535",
    "fillingDate": "2012-07-31",
    "acceptedDate": "2012-07-31 12:46:59",
    "calendarYear": "2012",
    "period": "Q2",
    "revenue": 1255130000,
    "costOfRevenue": 1041899000,
    "grossProfit": 213231000,
    "grossProfitRatio": 0.1698875814,
    "researchAndDevelopmentExpenses": 0,
    "generalAndAdministrativeExpenses": 23153000,
    "sellingAndMarketingExpenses": 0,
    "sellingGeneralAndAdministrativeExpenses": 23153000,
    "otherExpenses": 52863000,
    "operatingExpenses": 76016000,
    "costAndExpenses": 1117915000,
    "interestIncome": 0,
    "interestExpense": 6929000,
    "depreciationAndAmortization": 56227000,
    "ebitda": 193442000,
    "ebitdaratio": 0.1541210871,
    "operatingIncome": 137215000,
    "operatingIncomeRatio": 0.109323337,
    "totalOtherIncomeExpensesNet": -6929000,
    "incomeBeforeTax": 130286000,
    "incomeBeforeTaxRatio": 0.1038027933,
    "incomeTaxExpense": 49835000,
    "netIncome": 80451000,
    "netIncomeRatio": 0.0640977429,
    "eps": 0.68,
    "epsdiluted": 0.67,
    "weightedAverageShsOut": 117549605,
    "weightedAverageShsOutDil": 120027000,
    "link": "https://www.sec.gov/Archives/edgar/data/728535/000143774912007430/0001437749-12-007430-index.htm",
    "finalLink": "https://www.sec.gov/Archives/edgar/data/728535/000143774912007430/jbh_10q-063012.htm"
  },
  {
    "date": "2012-03-31",
    "symbol": "JBHT",
    "reportedCurrency": "USD",
    "cik": "0000728535",
    "fillingDate": "2012-04-27",
    "acceptedDate": "2012-04-27 14:48:46",
    "calendarYear": "2012",
    "period": "Q1",
    "revenue": 1165922000,
    "costOfRevenue": 982835000,
    "grossProfit": 183087000,
    "grossProfitRatio": 0.1570319455,
    "researchAndDevelopmentExpenses": 0,
    "generalAndAdministrativeExpenses": 19537000,
    "sellingAndMarketingExpenses": 0,
    "sellingGeneralAndAdministrativeExpenses": 19537000,
    "otherExpenses": 46953000,
    "operatingExpenses": 66490000,
    "costAndExpenses": 1049325000,
    "interestIncome": 0,
    "interestExpense": 6987000,
    "depreciationAndAmortization": 56120000,
    "ebitda": 172717000,
    "ebitdaratio": 0.148137697,
    "operatingIncome": 116597000,
    "operatingIncomeRatio": 0.1000041169,
    "totalOtherIncomeExpensesNet": -6987000,
    "incomeBeforeTax": 109610000,
    "incomeBeforeTaxRatio": 0.0940114347,
    "incomeTaxExpense": 41926000,
    "netIncome": 67684000,
    "netIncomeRatio": 0.0580519108,
    "eps": 0.58,
    "epsdiluted": 0.57,
    "weightedAverageShsOut": 117084853,
    "weightedAverageShsOutDil": 119750000,
    "link": "https://www.sec.gov/Archives/edgar/data/728535/000143774912004222/0001437749-12-004222-index.htm",
    "finalLink": "https://www.sec.gov/Archives/edgar/data/728535/000143774912004222/jbhunt_10q-033112.htm"
  },
  {
    "date": "2011-12-31",
    "symbol": "JBHT",
    "reportedCurrency": "USD",
    "cik": "0000728535",
    "fillingDate": "2012-02-24",
    "acceptedDate": "2012-02-24 17:05:26",
    "calendarYear": "2011",
    "period": "Q4",
    "revenue": 1204937000,
    "costOfRevenue": 760147000,
    "grossProfit": 444790000,
    "grossProfitRatio": 0.3691396314,
    "researchAndDevelopmentExpenses": 0,
    "generalAndAdministrativeExpenses": 266872000,
    "sellingAndMarketingExpenses": 0,
    "sellingGeneralAndAdministrativeExpenses": 266872000,
    "otherExpenses": 55631000,
    "operatingExpenses": 322503000,
    "costAndExpenses": 1082650000,
    "interestIncome": 0,
    "interestExpense": 6222000,
    "depreciationAndAmortization": 55631000,
    "ebitda": 177926000,
    "ebitdaratio": 0.1476641517,
    "operatingIncome": 122287000,
    "operatingIncomeRatio": 0.1014882936,
    "totalOtherIncomeExpensesNet": -6214000,
    "incomeBeforeTax": 116073000,
    "incomeBeforeTaxRatio": 0.0963311775,
    "incomeTaxExpense": 43508000,
    "netIncome": 72565000,
    "netIncomeRatio": 0.0602230656,
    "eps": 0.62,
    "epsdiluted": 0.62,
    "weightedAverageShsOut": 116812000,
    "weightedAverageShsOutDil": 117084853,
    "link": "https://www.sec.gov/Archives/edgar/data/728535/000143774912001745/0001437749-12-001745-index.htm",
    "finalLink": "https://www.sec.gov/Archives/edgar/data/728535/000143774912001745/jbht_10k-123111.htm"
  },
  {
    "date": "2011-09-30",
    "symbol": "JBHT",
    "reportedCurrency": "USD",
    "cik": "0000728535",
    "fillingDate": "2011-10-28",
    "acceptedDate": "2011-10-28 14:01:58",
    "calendarYear": "2011",
    "period": "Q3",
    "revenue": 1171270000,
    "costOfRevenue": 736090000,
    "grossProfit": 435180000,
    "grossProfitRatio": 0.3715454165,
    "researchAndDevelopmentExpenses": 0,
    "generalAndAdministrativeExpenses": 262096000,
    "sellingAndMarketingExpenses": 0,
    "sellingGeneralAndAdministrativeExpenses": 262096000,
    "otherExpenses": 54404000,
    "operatingExpenses": 316500000,
    "costAndExpenses": 1052590000,
    "interestIncome": 0,
    "interestExpense": 7145000,
    "depreciationAndAmortization": 54404000,
    "ebitda": 173084000,
    "ebitdaratio": 0.1477746378,
    "operatingIncome": 118680000,
    "operatingIncomeRatio": 0.1013259112,
    "totalOtherIncomeExpensesNet": -7145000,
    "incomeBeforeTax": 111535000,
    "incomeBeforeTaxRatio": 0.0952256952,
    "incomeTaxExpense": 42885000,
    "netIncome": 68650000,
    "netIncomeRatio": 0.0586115925,
    "eps": 0.59,
    "epsdiluted": 0.57,
    "weightedAverageShsOut": 116730528,
    "weightedAverageShsOutDil": 121126000,
    "link": "https://www.sec.gov/Archives/edgar/data/728535/000143774911007854/0001437749-11-007854-index.htm",
    "finalLink": "https://www.sec.gov/Archives/edgar/data/728535/000143774911007854/jbhunt_10q-093011.htm"
  },
  {
    "date": "2011-06-30",
    "symbol": "JBHT",
    "reportedCurrency": "USD",
    "cik": "0000728535",
    "fillingDate": "2011-07-29",
    "acceptedDate": "2011-07-29 16:46:18",
    "calendarYear": "2011",
    "period": "Q2",
    "revenue": 1149855000,
    "costOfRevenue": 720884000,
    "grossProfit": 428971000,
    "grossProfitRatio": 0.3730652995,
    "researchAndDevelopmentExpenses": 0,
    "generalAndAdministrativeExpenses": 262977000,
    "sellingAndMarketingExpenses": 0,
    "sellingGeneralAndAdministrativeExpenses": 262977000,
    "otherExpenses": 52551000,
    "operatingExpenses": 315528000,
    "costAndExpenses": 1036412000,
    "interestIncome": 0,
    "interestExpense": 6706000,
    "depreciationAndAmortization": 52551000,
    "ebitda": 165994000,
    "ebitdaratio": 0.1443608107,
    "operatingIncome": 113443000,
    "operatingIncomeRatio": 0.0986585265,
    "totalOtherIncomeExpensesNet": -6706000,
    "incomeBeforeTax": 106737000,
    "incomeBeforeTaxRatio": 0.0928264868,
    "incomeTaxExpense": 41041000,
    "netIncome": 65696000,
    "netIncomeRatio": 0.0571341604,
    "eps": 0.53,
    "epsdiluted": 0.53,
    "weightedAverageShsOut": 123285000,
    "weightedAverageShsOutDil": 123285000,
    "link": "https://www.sec.gov/Archives/edgar/data/728535/000143774911005212/0001437749-11-005212-index.htm",
    "finalLink": "https://www.sec.gov/Archives/edgar/data/728535/000143774911005212/jhbt_10q-063011.htm"
  },
  {
    "date": "2011-03-31",
    "symbol": "JBHT",
    "reportedCurrency": "USD",
    "cik": "0000728535",
    "fillingDate": "2011-04-29",
    "acceptedDate": "2011-04-29 13:36:57",
    "calendarYear": "2011",
    "period": "Q1",
    "revenue": 1000780000,
    "costOfRevenue": 620693000,
    "grossProfit": 380087000,
    "grossProfitRatio": 0.3797907632,
    "researchAndDevelopmentExpenses": 0,
    "generalAndAdministrativeExpenses": 238907000,
    "sellingAndMarketingExpenses": 0,
    "sellingGeneralAndAdministrativeExpenses": 238907000,
    "otherExpenses": 51357000,
    "operatingExpenses": 290264000,
    "costAndExpenses": 910957000,
    "interestIncome": 0,
    "interestExpense": 8434000,
    "depreciationAndAmortization": 51357000,
    "ebitda": 141180000,
    "ebitdaratio": 0.1410699654,
    "operatingIncome": 89823000,
    "operatingIncomeRatio": 0.0897529927,
    "totalOtherIncomeExpensesNet": -8434000,
    "incomeBeforeTax": 81389000,
    "incomeBeforeTaxRatio": 0.0813255661,
    "incomeTaxExpense": 31294000,
    "netIncome": 50095000,
    "netIncomeRatio": 0.0500559564,
    "eps": 0.42,
    "epsdiluted": 0.4,
    "weightedAverageShsOut": 120233567,
    "weightedAverageShsOutDil": 123966000,
    "link": "https://www.sec.gov/Archives/edgar/data/728535/000143774911002645/0001437749-11-002645-index.htm",
    "finalLink": "https://www.sec.gov/Archives/edgar/data/728535/000143774911002645/jbhunt_10q-033111.htm"
  },
  {
    "date": "2010-12-31",
    "symbol": "JBHT",
    "reportedCurrency": "USD",
    "cik": "0000728535",
    "fillingDate": "2011-02-25",
    "acceptedDate": "2011-02-25 16:28:28",
    "calendarYear": "2010",
    "period": "Q4",
    "revenue": 1020012000,
    "costOfRevenue": 588893000,
    "grossProfit": 431119000,
    "grossProfitRatio": 0.4226607138,
    "researchAndDevelopmentExpenses": 0,
    "generalAndAdministrativeExpenses": 249740000,
    "sellingAndMarketingExpenses": 0,
    "sellingGeneralAndAdministrativeExpenses": 249740000,
    "otherExpenses": 84031000,
    "operatingExpenses": 333771000,
    "costAndExpenses": 922664000,
    "interestIncome": 0,
    "interestExpense": 0,
    "depreciationAndAmortization": 50094000,
    "ebitda": 78031000,
    "ebitdaratio": 0.0765000804,
    "operatingIncome": 97348000,
    "operatingIncomeRatio": 0.0954380929,
    "totalOtherIncomeExpensesNet": -8164000,
    "incomeBeforeTax": 89184000,
    "incomeBeforeTaxRatio": 0.0874342655,
    "incomeTaxExpense": 31331000,
    "netIncome": 57853000,
    "netIncomeRatio": 0.0567179602,
    "eps": 0.48,
    "epsdiluted": 0.48,
    "weightedAverageShsOut": 120233567,
    "weightedAverageShsOutDil": 120233567,
    "link": "https://www.sec.gov/Archives/edgar/data/728535/000143774911001088/0001437749-11-001088-index.htm",
    "finalLink": "https://www.sec.gov/Archives/edgar/data/728535/000143774911001088/jbh_10k-123110.htm"
  },
  {
    "date": "2010-09-30",
    "symbol": "JBHT",
    "reportedCurrency": "USD",
    "cik": "0000728535",
    "fillingDate": "2010-10-29",
    "acceptedDate": "2010-10-29 14:57:44",
    "calendarYear": "2010",
    "period": "Q3",
    "revenue": 986024000,
    "costOfRevenue": 594226000,
    "grossProfit": 391798000,
    "grossProfitRatio": 0.3973513829,
    "researchAndDevelopmentExpenses": 0,
    "generalAndAdministrativeExpenses": 250500000,
    "sellingAndMarketingExpenses": 0,
    "sellingGeneralAndAdministrativeExpenses": 250500000,
    "otherExpenses": 49808000,
    "operatingExpenses": 300308000,
    "costAndExpenses": 894534000,
    "interestIncome": 0,
    "interestExpense": 6662000,
    "depreciationAndAmortization": 49808000,
    "ebitda": 141298000,
    "ebitdaratio": 0.1433007716,
    "operatingIncome": 91490000,
    "operatingIncomeRatio": 0.0927867882,
    "totalOtherIncomeExpensesNet": -6662000,
    "incomeBeforeTax": 84828000,
    "incomeBeforeTaxRatio": 0.0860303603,
    "incomeTaxExpense": 32659000,
    "netIncome": 52169000,
    "netIncomeRatio": 0.0529084485,
    "eps": 0.42,
    "epsdiluted": 0.41,
    "weightedAverageShsOut": 123272249,
    "weightedAverageShsOutDil": 126404000,
    "link": "https://www.sec.gov/Archives/edgar/data/728535/000143774910003587/0001437749-10-003587-index.htm",
    "finalLink": "https://www.sec.gov/Archives/edgar/data/728535/000143774910003587/jbht_10q-093010.htm"
  },
  {
    "date": "2010-06-30",
    "symbol": "JBHT",
    "reportedCurrency": "USD",
    "cik": "0000728535",
    "fillingDate": "2010-07-30",
    "acceptedDate": "2010-07-30 15:17:01",
    "calendarYear": "2010",
    "period": "Q2",
    "revenue": 942776000,
    "costOfRevenue": 565253000,
    "grossProfit": 377523000,
    "grossProfitRatio": 0.4004376437,
    "researchAndDevelopmentExpenses": 0,
    "generalAndAdministrativeExpenses": 237028000,
    "sellingAndMarketingExpenses": 0,
    "sellingGeneralAndAdministrativeExpenses": 237028000,
    "otherExpenses": 49148000,
    "operatingExpenses": 286176000,
    "costAndExpenses": 851429000,
    "interestIncome": 0,
    "interestExpense": 0,
    "depreciationAndAmortization": 49148000,
    "ebitda": 140495000,
    "ebitdaratio": 0.1490226735,
    "operatingIncome": 91347000,
    "operatingIncomeRatio": 0.0968915204,
    "totalOtherIncomeExpensesNet": -6611000,
    "incomeBeforeTax": 84736000,
    "incomeBeforeTaxRatio": 0.0898792502,
    "incomeTaxExpense": 32623000,
    "netIncome": 52113000,
    "netIncomeRatio": 0.0552761207,
    "eps": 0.42,
    "epsdiluted": 0.4,
    "weightedAverageShsOut": 127282000,
    "weightedAverageShsOutDil": 128920000,
    "link": "https://www.sec.gov/Archives/edgar/data/728535/000143774910002395/0001437749-10-002395-index.htm",
    "finalLink": "https://www.sec.gov/Archives/edgar/data/728535/000143774910002395/jbht_10q-063010.htm"
  },
  {
    "date": "2010-03-31",
    "symbol": "JBHT",
    "reportedCurrency": "USD",
    "cik": "0000728535",
    "fillingDate": "2010-04-29",
    "acceptedDate": "2010-04-29 16:54:32",
    "calendarYear": "2010",
    "period": "Q1",
    "revenue": 844673000,
    "costOfRevenue": 514267000,
    "grossProfit": 330406000,
    "grossProfitRatio": 0.3911643914,
    "researchAndDevelopmentExpenses": 0,
    "generalAndAdministrativeExpenses": 214954000,
    "sellingAndMarketingExpenses": 0,
    "sellingGeneralAndAdministrativeExpenses": 214954000,
    "otherExpenses": 48012000,
    "operatingExpenses": 262966000,
    "costAndExpenses": 777233000,
    "interestIncome": 0,
    "interestExpense": 0,
    "depreciationAndAmortization": 48012000,
    "ebitda": 115452000,
    "ebitdaratio": 0.1366824795,
    "operatingIncome": 67440000,
    "operatingIncomeRatio": 0.0798415481,
    "totalOtherIncomeExpensesNet": -6494000,
    "incomeBeforeTax": 60946000,
    "incomeBeforeTaxRatio": 0.0721533659,
    "incomeTaxExpense": 23464000,
    "netIncome": 37482000,
    "netIncomeRatio": 0.0443745686,
    "eps": 0.29,
    "epsdiluted": 0.29,
    "weightedAverageShsOut": 127328832,
    "weightedAverageShsOutDil": 130397000,
    "link": "https://www.sec.gov/Archives/edgar/data/728535/000143774910001250/0001437749-10-001250-index.htm",
    "finalLink": "https://www.sec.gov/Archives/edgar/data/728535/000143774910001250/jbhunt_10q-033110.htm"
  },
  {
    "date": "2009-12-31",
    "symbol": "JBHT",
    "reportedCurrency": "USD",
    "cik": "0000728535",
    "fillingDate": "2010-02-26",
    "acceptedDate": "2010-02-26 16:55:31",
    "calendarYear": "2009",
    "period": "Q4",
    "revenue": 876952000,
    "costOfRevenue": 500554000,
    "grossProfit": 376398000,
    "grossProfitRatio": 0.429211633,
    "researchAndDevelopmentExpenses": 0,
    "generalAndAdministrativeExpenses": 223313000,
    "sellingAndMarketingExpenses": 0,
    "sellingGeneralAndAdministrativeExpenses": 223313000,
    "otherExpenses": 80149000,
    "operatingExpenses": 303462000,
    "costAndExpenses": 804016000,
    "interestIncome": 0,
    "interestExpense": 6455000,
    "depreciationAndAmortization": 47490000,
    "ebitda": 124166000,
    "ebitdaratio": 0.1415881371,
    "operatingIncome": 72936000,
    "operatingIncomeRatio": 0.0831698884,
    "totalOtherIncomeExpensesNet": -2715000,
    "incomeBeforeTax": 70221000,
    "incomeBeforeTaxRatio": 0.0800739379,
    "incomeTaxExpense": 28556000,
    "netIncome": 41665000,
    "netIncomeRatio": 0.0475111523,
    "eps": 0.33,
    "epsdiluted": 0.33,
    "weightedAverageShsOut": 127195000,
    "weightedAverageShsOutDil": 127328832,
    "link": "https://www.sec.gov/Archives/edgar/data/728535/000143774910000493/0001437749-10-000493-index.htm",
    "finalLink": "https://www.sec.gov/Archives/edgar/data/728535/000143774910000493/jbhunt_10k-123109.htm"
  },
  {
    "date": "2009-09-30",
    "symbol": "JBHT",
    "reportedCurrency": "USD",
    "cik": "0000728535",
    "fillingDate": "2009-10-28",
    "acceptedDate": "2009-10-28 16:19:37",
    "calendarYear": "2009",
    "period": "Q3",
    "revenue": 833749000,
    "costOfRevenue": 465649000,
    "grossProfit": 368100000,
    "grossProfitRatio": 0.4414997799,
    "researchAndDevelopmentExpenses": 0,
    "generalAndAdministrativeExpenses": 218432000,
    "sellingAndMarketingExpenses": 0,
    "sellingGeneralAndAdministrativeExpenses": 218432000,
    "otherExpenses": 78714000,
    "operatingExpenses": 297146000,
    "costAndExpenses": 762795000,
    "interestIncome": 119000,
    "interestExpense": 6427000,
    "depreciationAndAmortization": 47098000,
    "ebitda": 142684000,
    "ebitdaratio": 0.1711354376,
    "operatingIncome": 70954000,
    "operatingIncomeRatio": 0.0851023509,
    "totalOtherIncomeExpensesNet": -6079000,
    "incomeBeforeTax": 64875000,
    "incomeBeforeTaxRatio": 0.0778111878,
    "incomeTaxExpense": 24912000,
    "netIncome": 39963000,
    "netIncomeRatio": 0.0479316917,
    "eps": 0.31,
    "epsdiluted": 0.31,
    "weightedAverageShsOut": 126213000,
    "weightedAverageShsOutDil": 129819000,
    "link": "https://www.sec.gov/Archives/edgar/data/728535/000143774909001533/0001437749-09-001533-index.htm",
    "finalLink": "https://www.sec.gov/Archives/edgar/data/728535/000143774909001533/jbhunt_10q-093009.htm"
  },
  {
    "date": "2009-06-30",
    "symbol": "JBHT",
    "reportedCurrency": "USD",
    "cik": "0000728535",
    "fillingDate": "2009-07-31",
    "acceptedDate": "2009-07-31 12:23:20",
    "calendarYear": "2009",
    "period": "Q2",
    "revenue": 769784000,
    "costOfRevenue": 424088000,
    "grossProfit": 345696000,
    "grossProfitRatio": 0.4490818204,
    "researchAndDevelopmentExpenses": 0,
    "generalAndAdministrativeExpenses": 216773000,
    "sellingAndMarketingExpenses": 0,
    "sellingGeneralAndAdministrativeExpenses": 216773000,
    "otherExpenses": 81832000,
    "operatingExpenses": 298605000,
    "costAndExpenses": 722693000,
    "interestIncome": 132000,
    "interestExpense": 7637000,
    "depreciationAndAmortization": 47094000,
    "ebitda": 121901000,
    "ebitdaratio": 0.1583574094,
    "operatingIncome": 47091000,
    "operatingIncomeRatio": 0.0611743034,
    "totalOtherIncomeExpensesNet": -7728000,
    "incomeBeforeTax": 39363000,
    "incomeBeforeTaxRatio": 0.0511351236,
    "incomeTaxExpense": 15314000,
    "netIncome": 24049000,
    "netIncomeRatio": 0.0312412313,
    "eps": 0.19,
    "epsdiluted": 0.19,
    "weightedAverageShsOut": 126078000,
    "weightedAverageShsOutDil": 129364000,
    "link": "https://www.sec.gov/Archives/edgar/data/728535/000110465909046220/0001104659-09-046220-index.htm",
    "finalLink": "https://www.sec.gov/Archives/edgar/data/728535/000110465909046220/a09-18598_110q.htm"
  },
  {
    "date": "2009-03-31",
    "symbol": "JBHT",
    "reportedCurrency": "USD",
    "cik": "0000728535",
    "fillingDate": "2009-04-29",
    "acceptedDate": "2009-04-29 17:16:50",
    "calendarYear": "2009",
    "period": "Q1",
    "revenue": 722835000,
    "costOfRevenue": 382428000,
    "grossProfit": 340407000,
    "grossProfitRatio": 0.4709332005,
    "researchAndDevelopmentExpenses": 0,
    "generalAndAdministrativeExpenses": 205459000,
    "sellingAndMarketingExpenses": 0,
    "sellingGeneralAndAdministrativeExpenses": 205459000,
    "otherExpenses": 77958000,
    "operatingExpenses": 283417000,
    "costAndExpenses": 665845000,
    "interestIncome": 154000,
    "interestExpense": 6910000,
    "depreciationAndAmortization": 47363000,
    "ebitda": 128053000,
    "ebitdaratio": 0.1771538456,
    "operatingIncome": 56990000,
    "operatingIncomeRatio": 0.0788423361,
    "totalOtherIncomeExpensesNet": -7381000,
    "incomeBeforeTax": 49609000,
    "incomeBeforeTaxRatio": 0.0686311537,
    "incomeTaxExpense": 18851000,
    "netIncome": 30758000,
    "netIncomeRatio": 0.0425518964,
    "eps": 0.24,
    "epsdiluted": 0.24,
    "weightedAverageShsOut": 126078000,
    "weightedAverageShsOutDil": 128558000,
    "link": "https://www.sec.gov/Archives/edgar/data/728535/000110465909027136/0001104659-09-027136-index.htm",
    "finalLink": "https://www.sec.gov/Archives/edgar/data/728535/000110465909027136/a09-11203_110q.htm"
  },
  {
    "date": "2008-12-31",
    "symbol": "JBHT",
    "reportedCurrency": "USD",
    "cik": "0000728535",
    "fillingDate": "2009-02-27",
    "acceptedDate": "2009-02-27 15:41:42",
    "calendarYear": "2008",
    "period": "Q4",
    "revenue": 879787000,
    "costOfRevenue": 480133000,
    "grossProfit": 399654000,
    "grossProfitRatio": 0.4542622248,
    "researchAndDevelopmentExpenses": 0,
    "generalAndAdministrativeExpenses": 240102000,
    "sellingAndMarketingExpenses": 0,
    "sellingGeneralAndAdministrativeExpenses": 240102000,
    "otherExpenses": 73501000,
    "operatingExpenses": 313603000,
    "costAndExpenses": 793736000,
    "interestIncome": 177000,
    "interestExpense": 3571000,
    "depreciationAndAmortization": 50354000,
    "ebitda": 136972000,
    "ebitdaratio": 0.1556876835,
    "operatingIncome": 86051000,
    "operatingIncomeRatio": 0.0978089015,
    "totalOtherIncomeExpensesNet": -3004000,
    "incomeBeforeTax": 83047000,
    "incomeBeforeTaxRatio": 0.0943944387,
    "incomeTaxExpense": 29771000,
    "netIncome": 53276000,
    "netIncomeRatio": 0.0605555663,
    "eps": 0.42,
    "epsdiluted": 0.42,
    "weightedAverageShsOut": 126046000,
    "weightedAverageShsOutDil": 126078000,
    "link": "https://www.sec.gov/Archives/edgar/data/728535/000110465909013065/0001104659-09-013065-index.htm",
    "finalLink": "https://www.sec.gov/Archives/edgar/data/728535/000110465909013065/a09-1357_110k.htm"
  },
  {
    "date": "2008-09-30",
    "symbol": "JBHT",
    "reportedCurrency": "USD",
    "cik": "0000728535",
    "fillingDate": "2008-10-31",
    "acceptedDate": "2008-10-31 15:13:32",
    "calendarYear": "2008",
    "period": "Q3",
    "revenue": 996434000,
    "costOfRevenue": 571733000,
    "grossProfit": 424701000,
    "grossProfitRatio": 0.4262209037,
    "researchAndDevelopmentExpenses": 0,
    "generalAndAdministrativeExpenses": 232064000,
    "sellingAndMarketingExpenses": 0,
    "sellingGeneralAndAdministrativeExpenses": 232064000,
    "otherExpenses": 86371000,
    "operatingExpenses": 318435000,
    "costAndExpenses": 890168000,
    "interestIncome": 214000,
    "interestExpense": 9694000,
    "depreciationAndAmortization": 50667000,
    "ebitda": 156900000,
    "ebitdaratio": 0.1574615077,
    "operatingIncome": 106266000,
    "operatingIncomeRatio": 0.1066463007,
    "totalOtherIncomeExpensesNet": -9727000,
    "incomeBeforeTax": 96539000,
    "incomeBeforeTaxRatio": 0.0968844901,
    "incomeTaxExpense": 36239000,
    "netIncome": 60300000,
    "netIncomeRatio": 0.0605157993,
    "eps": 0.48,
    "epsdiluted": 0.47,
    "weightedAverageShsOut": 124852000,
    "weightedAverageShsOutDil": 129042000,
    "link": "https://www.sec.gov/Archives/edgar/data/728535/000110465908067303/0001104659-08-067303-index.htm",
    "finalLink": "https://www.sec.gov/Archives/edgar/data/728535/000110465908067303/a08-25513_110q.htm"
  },
  {
    "date": "2008-06-30",
    "symbol": "JBHT",
    "reportedCurrency": "USD",
    "cik": "0000728535",
    "fillingDate": "2008-07-31",
    "acceptedDate": "2008-07-31 14:28:15",
    "calendarYear": "2008",
    "period": "Q2",
    "revenue": 977339000,
    "costOfRevenue": 561773000,
    "grossProfit": 415566000,
    "grossProfitRatio": 0.425201491,
    "researchAndDevelopmentExpenses": 0,
    "generalAndAdministrativeExpenses": 234149000,
    "sellingAndMarketingExpenses": 0,
    "sellingGeneralAndAdministrativeExpenses": 234149000,
    "otherExpenses": 87372000,
    "operatingExpenses": 321521000,
    "costAndExpenses": 883294000,
    "interestIncome": 257000,
    "interestExpense": 10322000,
    "depreciationAndAmortization": 50728000,
    "ebitda": 144007000,
    "ebitdaratio": 0.1473460079,
    "operatingIncome": 94045000,
    "operatingIncomeRatio": 0.0962255676,
    "totalOtherIncomeExpensesNet": -11088000,
    "incomeBeforeTax": 82957000,
    "incomeBeforeTaxRatio": 0.0848804765,
    "incomeTaxExpense": 32353000,
    "netIncome": 50604000,
    "netIncomeRatio": 0.051777326,
    "eps": 0.4,
    "epsdiluted": 0.39,
    "weightedAverageShsOut": 125047000,
    "weightedAverageShsOutDil": 128476000,
    "link": "https://www.sec.gov/Archives/edgar/data/728535/000110465908048887/0001104659-08-048887-index.htm",
    "finalLink": "https://www.sec.gov/Archives/edgar/data/728535/000110465908048887/a08-18827_110q.htm"
  },
  {
    "date": "2008-03-31",
    "symbol": "JBHT",
    "reportedCurrency": "USD",
    "cik": "0000728535",
    "fillingDate": "2008-04-30",
    "acceptedDate": "2008-04-30 12:26:48",
    "calendarYear": "2008",
    "period": "Q1",
    "revenue": 878383000,
    "costOfRevenue": 483672000,
    "grossProfit": 394711000,
    "grossProfitRatio": 0.449360928,
    "researchAndDevelopmentExpenses": 0,
    "generalAndAdministrativeExpenses": 228460000,
    "sellingAndMarketingExpenses": 0,
    "sellingGeneralAndAdministrativeExpenses": 228460000,
    "otherExpenses": 94196000,
    "operatingExpenses": 322656000,
    "costAndExpenses": 806328000,
    "interestIncome": 244000,
    "interestExpense": 11750000,
    "depreciationAndAmortization": 50539000,
    "ebitda": 121983000,
    "ebitdaratio": 0.1388722232,
    "operatingIncome": 72055000,
    "operatingIncomeRatio": 0.0820314145,
    "totalOtherIncomeExpensesNet": -12361000,
    "incomeBeforeTax": 59694000,
    "incomeBeforeTaxRatio": 0.0679589655,
    "incomeTaxExpense": 23281000,
    "netIncome": 36413000,
    "netIncomeRatio": 0.0414545819,
    "eps": 0.29,
    "epsdiluted": 0.28,
    "weightedAverageShsOut": 124657000,
    "weightedAverageShsOutDil": 127914000,
    "link": "https://www.sec.gov/Archives/edgar/data/728535/000110465908028298/0001104659-08-028298-index.htm",
    "finalLink": "https://www.sec.gov/Archives/edgar/data/728535/000110465908028298/a08-11460_110q.htm"
  },
  {
    "date": "2007-12-31",
    "symbol": "JBHT",
    "reportedCurrency": "USD",
    "cik": "0000728535",
    "fillingDate": "2008-02-29",
    "acceptedDate": "2008-02-29 11:26:31",
    "calendarYear": "2007",
    "period": "Q4",
    "revenue": 944950000,
    "costOfRevenue": 547307000,
    "grossProfit": 397643000,
    "grossProfitRatio": 0.4208085084,
    "researchAndDevelopmentExpenses": 0,
    "generalAndAdministrativeExpenses": 36726000,
    "sellingAndMarketingExpenses": 0,
    "sellingGeneralAndAdministrativeExpenses": 36726000,
    "otherExpenses": 264653000,
    "operatingExpenses": 301379000,
    "costAndExpenses": 848686000,
    "interestIncome": 0,
    "interestExpense": 0,
    "depreciationAndAmortization": 52787000,
    "ebitda": -416166000,
    "ebitdaratio": -0.4404106037,
    "operatingIncome": 96264000,
    "operatingIncomeRatio": 0.1018720567,
    "totalOtherIncomeExpensesNet": -12044000,
    "incomeBeforeTax": 84220000,
    "incomeBeforeTaxRatio": 0.0891264088,
    "incomeTaxExpense": 29897000,
    "netIncome": 54323000,
    "netIncomeRatio": 0.0574876978,
    "eps": 0.44,
    "epsdiluted": 0.44,
    "weightedAverageShsOut": 124657000,
    "weightedAverageShsOutDil": 124657000,
    "link": "https://www.sec.gov/Archives/edgar/data/728535/000110465908014088/0001104659-08-014088-index.htm",
    "finalLink": "https://www.sec.gov/Archives/edgar/data/728535/000110465908014088/a08-2564_110k.htm"
  },
  {
    "date": "2007-09-30",
    "symbol": "JBHT",
    "reportedCurrency": "USD",
    "cik": "0000728535",
    "fillingDate": "2007-10-31",
    "acceptedDate": "2007-10-31 14:10:07",
    "calendarYear": "2007",
    "period": "Q3",
    "revenue": 891638000,
    "costOfRevenue": 459135000,
    "grossProfit": 432503000,
    "grossProfitRatio": 0.4850656881,
    "researchAndDevelopmentExpenses": 0,
    "generalAndAdministrativeExpenses": 235223000,
    "sellingAndMarketingExpenses": 0,
    "sellingGeneralAndAdministrativeExpenses": 235223000,
    "otherExpenses": 101381000,
    "operatingExpenses": 336604000,
    "costAndExpenses": 795739000,
    "interestIncome": 277000,
    "interestExpense": 12764000,
    "depreciationAndAmortization": 52299000,
    "ebitda": 148450000,
    "ebitdaratio": 0.1664913339,
    "operatingIncome": 95899000,
    "operatingIncomeRatio": 0.1075537382,
    "totalOtherIncomeExpensesNet": -12512000,
    "incomeBeforeTax": 83387000,
    "incomeBeforeTaxRatio": 0.0935211375,
    "incomeTaxExpense": 32604000,
    "netIncome": 50783000,
    "netIncomeRatio": 0.0569547283,
    "eps": 0.39,
    "epsdiluted": 0.38,
    "weightedAverageShsOut": 130537000,
    "weightedAverageShsOutDil": 133659000,
    "link": "https://www.sec.gov/Archives/edgar/data/728535/000110465907078401/0001104659-07-078401-index.htm",
    "finalLink": "https://www.sec.gov/Archives/edgar/data/728535/000110465907078401/a07-25736_110q.htm"
  },
  {
    "date": "2007-06-30",
    "symbol": "JBHT",
    "reportedCurrency": "USD",
    "cik": "0000728535",
    "fillingDate": "2007-07-31",
    "acceptedDate": "2007-07-31 16:03:57",
    "calendarYear": "2007",
    "period": "Q2",
    "revenue": 855860000,
    "costOfRevenue": 429045000,
    "grossProfit": 426815000,
    "grossProfitRatio": 0.4986972168,
    "researchAndDevelopmentExpenses": 0,
    "generalAndAdministrativeExpenses": 232867000,
    "sellingAndMarketingExpenses": 0,
    "sellingGeneralAndAdministrativeExpenses": 232867000,
    "otherExpenses": 97721000,
    "operatingExpenses": 330588000,
    "costAndExpenses": 759633000,
    "interestIncome": 240000,
    "interestExpense": 11011000,
    "depreciationAndAmortization": 50527000,
    "ebitda": 146449000,
    "ebitdaratio": 0.1711132662,
    "operatingIncome": 96227000,
    "operatingIncomeRatio": 0.1124331082,
    "totalOtherIncomeExpensesNet": -11316000,
    "incomeBeforeTax": 84911000,
    "incomeBeforeTaxRatio": 0.0992113196,
    "incomeTaxExpense": 21054000,
    "netIncome": 63857000,
    "netIncomeRatio": 0.0746115019,
    "eps": 0.46,
    "epsdiluted": 0.45,
    "weightedAverageShsOut": 138560000,
    "weightedAverageShsOutDil": 142030000,
    "link": "https://www.sec.gov/Archives/edgar/data/728535/000110465907057528/0001104659-07-057528-index.htm",
    "finalLink": "https://www.sec.gov/Archives/edgar/data/728535/000110465907057528/a07-19058_110q.htm"
  },
  {
    "date": "2007-03-31",
    "symbol": "JBHT",
    "reportedCurrency": "USD",
    "cik": "0000728535",
    "fillingDate": "2007-04-30",
    "acceptedDate": "2007-04-30 14:42:31",
    "calendarYear": "2007",
    "period": "Q1",
    "revenue": 797451000,
    "costOfRevenue": 430852000,
    "grossProfit": 366599000,
    "grossProfitRatio": 0.4597135122,
    "researchAndDevelopmentExpenses": 0,
    "generalAndAdministrativeExpenses": 26379000,
    "sellingAndMarketingExpenses": 0,
    "sellingGeneralAndAdministrativeExpenses": 26379000,
    "otherExpenses": 259821000,
    "operatingExpenses": 286200000,
    "costAndExpenses": 717052000,
    "interestIncome": 0,
    "interestExpense": 0,
    "depreciationAndAmortization": 49520000,
    "ebitda": 129919000,
    "ebitdaratio": 0.162917847,
    "operatingIncome": 80399000,
    "operatingIncomeRatio": 0.1008199877,
    "totalOtherIncomeExpensesNet": -7870000,
    "incomeBeforeTax": 72529000,
    "incomeBeforeTaxRatio": 0.0909510428,
    "incomeTaxExpense": 28359000,
    "netIncome": 44170000,
    "netIncomeRatio": 0.0553889831,
    "eps": 0.31,
    "epsdiluted": 0.3,
    "weightedAverageShsOut": 142969000,
    "weightedAverageShsOutDil": 146474000,
    "link": "https://www.sec.gov/Archives/edgar/data/728535/000110465907033214/0001104659-07-033214-index.htm",
    "finalLink": "https://www.sec.gov/Archives/edgar/data/728535/000110465907033214/a07-11054_110q.htm"
  },
  {
    "date": "2006-12-31",
    "symbol": "JBHT",
    "reportedCurrency": "USD",
    "cik": "0000728535",
    "fillingDate": "2007-02-28",
    "acceptedDate": "2007-02-28 16:11:07",
    "calendarYear": "2006",
    "period": "Q4",
    "revenue": 851568000,
    "costOfRevenue": 467286000,
    "grossProfit": 384282000,
    "grossProfitRatio": 0.4512640212,
    "researchAndDevelopmentExpenses": 0,
    "generalAndAdministrativeExpenses": 36333000,
    "sellingAndMarketingExpenses": 0,
    "sellingGeneralAndAdministrativeExpenses": 36333000,
    "otherExpenses": 252582000,
    "operatingExpenses": 288915000,
    "costAndExpenses": 756201000,
    "interestIncome": 0,
    "interestExpense": 0,
    "depreciationAndAmortization": 49742000,
    "ebitda": -351634000,
    "ebitdaratio": -0.412925333,
    "operatingIncome": 95367000,
    "operatingIncomeRatio": 0.1119898822,
    "totalOtherIncomeExpensesNet": -6870000,
    "incomeBeforeTax": 88497000,
    "incomeBeforeTaxRatio": 0.1039224114,
    "incomeTaxExpense": 30693000,
    "netIncome": 57804000,
    "netIncomeRatio": 0.0678794882,
    "eps": 0.4,
    "epsdiluted": 0.4,
    "weightedAverageShsOut": 142969000,
    "weightedAverageShsOutDil": 142969000,
    "link": "https://www.sec.gov/Archives/edgar/data/728535/000110465907014908/0001104659-07-014908-index.htm",
    "finalLink": "https://www.sec.gov/Archives/edgar/data/728535/000110465907014908/a07-5539_110k.htm"
  },
  {
    "date": "2006-09-30",
    "symbol": "JBHT",
    "reportedCurrency": "USD",
    "cik": "0000728535",
    "fillingDate": "2006-10-31",
    "acceptedDate": "2006-10-31 11:53:43",
    "calendarYear": "2006",
    "period": "Q3",
    "revenue": 858265000,
    "costOfRevenue": 464985000,
    "grossProfit": 393280000,
    "grossProfitRatio": 0.4582267715,
    "researchAndDevelopmentExpenses": 0,
    "generalAndAdministrativeExpenses": 22807000,
    "sellingAndMarketingExpenses": 0,
    "sellingGeneralAndAdministrativeExpenses": 22807000,
    "otherExpenses": 269984000,
    "operatingExpenses": 292791000,
    "costAndExpenses": 757776000,
    "interestIncome": 0,
    "interestExpense": 0,
    "depreciationAndAmortization": 45812000,
    "ebitda": 146301000,
    "ebitdaratio": 0.1704613377,
    "operatingIncome": 100489000,
    "operatingIncomeRatio": 0.1170838843,
    "totalOtherIncomeExpensesNet": -5679000,
    "incomeBeforeTax": 94810000,
    "incomeBeforeTaxRatio": 0.1104670469,
    "incomeTaxExpense": 36976000,
    "netIncome": 57834000,
    "netIncomeRatio": 0.0673847821,
    "eps": 0.4,
    "epsdiluted": 0.39,
    "weightedAverageShsOut": 145262000,
    "weightedAverageShsOutDil": 148680000,
    "link": "https://www.sec.gov/Archives/edgar/data/728535/000110465906069821/0001104659-06-069821-index.htm",
    "finalLink": "https://www.sec.gov/Archives/edgar/data/728535/000110465906069821/a06-21941_110q.htm"
  },
  {
    "date": "2006-06-30",
    "symbol": "JBHT",
    "reportedCurrency": "USD",
    "cik": "0000728535",
    "fillingDate": "2006-07-31",
    "acceptedDate": "2006-07-31 11:08:01",
    "calendarYear": "2006",
    "period": "Q2",
    "revenue": 838254000,
    "costOfRevenue": 456296000,
    "grossProfit": 381958000,
    "grossProfitRatio": 0.4556590246,
    "researchAndDevelopmentExpenses": 0,
    "generalAndAdministrativeExpenses": 24591000,
    "sellingAndMarketingExpenses": 0,
    "sellingGeneralAndAdministrativeExpenses": 24591000,
    "otherExpenses": 261958000,
    "operatingExpenses": 286549000,
    "costAndExpenses": 742845000,
    "interestIncome": 0,
    "interestExpense": 0,
    "depreciationAndAmortization": 44520000,
    "ebitda": 139929000,
    "ebitdaratio": 0.166929117,
    "operatingIncome": 95409000,
    "operatingIncomeRatio": 0.1138187232,
    "totalOtherIncomeExpensesNet": -4698000,
    "incomeBeforeTax": 90711000,
    "incomeBeforeTaxRatio": 0.1082142167,
    "incomeTaxExpense": 35377000,
    "netIncome": 55334000,
    "netIncomeRatio": 0.0660110181,
    "eps": 0.37,
    "epsdiluted": 0.36,
    "weightedAverageShsOut": 150678000,
    "weightedAverageShsOutDil": 154619000,
    "link": "https://www.sec.gov/Archives/edgar/data/728535/000110465906049808/0001104659-06-049808-index.htm",
    "finalLink": "https://www.sec.gov/Archives/edgar/data/728535/000110465906049808/a06-15637_110q.htm"
  },
  {
    "date": "2006-03-31",
    "symbol": "JBHT",
    "reportedCurrency": "USD",
    "cik": "0000728535",
    "fillingDate": "2006-04-28",
    "acceptedDate": "2006-04-28 12:57:02",
    "calendarYear": "2006",
    "period": "Q1",
    "revenue": 779900000,
    "costOfRevenue": 423417000,
    "grossProfit": 356483000,
    "grossProfitRatio": 0.4570880882,
    "researchAndDevelopmentExpenses": 0,
    "generalAndAdministrativeExpenses": 21084000,
    "sellingAndMarketingExpenses": 0,
    "sellingGeneralAndAdministrativeExpenses": 21084000,
    "otherExpenses": 254011000,
    "operatingExpenses": 275095000,
    "costAndExpenses": 698512000,
    "interestIncome": 0,
    "interestExpense": 0,
    "depreciationAndAmortization": 43530000,
    "ebitda": 124918000,
    "ebitdaratio": 0.1601718169,
    "operatingIncome": 81388000,
    "operatingIncomeRatio": 0.1043569688,
    "totalOtherIncomeExpensesNet": -1093000,
    "incomeBeforeTax": 80295000,
    "incomeBeforeTaxRatio": 0.1029555071,
    "incomeTaxExpense": 31315000,
    "netIncome": 48980000,
    "netIncomeRatio": 0.0628029235,
    "eps": 0.32,
    "epsdiluted": 0.31,
    "weightedAverageShsOut": 154050000,
    "weightedAverageShsOutDil": 158245000,
    "link": "https://www.sec.gov/Archives/edgar/data/728535/000110465906028825/0001104659-06-028825-index.htm",
    "finalLink": "https://www.sec.gov/Archives/edgar/data/728535/000110465906028825/a06-9811_110q.htm"
  },
  {
    "date": "2005-12-31",
    "symbol": "JBHT",
    "reportedCurrency": "USD",
    "cik": "0000728535",
    "fillingDate": "2006-03-10",
    "acceptedDate": "2006-03-10 15:41:27",
    "calendarYear": "2005",
    "period": "Q4",
    "revenue": 858375000,
    "costOfRevenue": 469014000,
    "grossProfit": 389361000,
    "grossProfitRatio": 0.4536024465,
    "researchAndDevelopmentExpenses": 0,
    "generalAndAdministrativeExpenses": 25788000,
    "sellingAndMarketingExpenses": 0,
    "sellingGeneralAndAdministrativeExpenses": 25788000,
    "otherExpenses": 256948000,
    "operatingExpenses": 282736000,
    "costAndExpenses": 751750000,
    "interestIncome": 0,
    "interestExpense": 0,
    "depreciationAndAmortization": 42586000,
    "ebitda": -336122000,
    "ebitdaratio": -0.3915794379,
    "operatingIncome": 106625000,
    "operatingIncomeRatio": 0.124217271,
    "totalOtherIncomeExpensesNet": -3283000,
    "incomeBeforeTax": 103342000,
    "incomeBeforeTaxRatio": 0.1203926023,
    "incomeTaxExpense": 38004000,
    "netIncome": 65338000,
    "netIncomeRatio": 0.0761182467,
    "eps": 0.42,
    "epsdiluted": 0.42,
    "weightedAverageShsOut": 154050000,
    "weightedAverageShsOutDil": 154050000,
    "link": "https://www.sec.gov/Archives/edgar/data/728535/000110465906015770/0001104659-06-015770-index.htm",
    "finalLink": "https://www.sec.gov/Archives/edgar/data/728535/000110465906015770/a06-1990_110k.htm"
  },
  {
    "date": "2005-09-30",
    "symbol": "JBHT",
    "reportedCurrency": "USD",
    "cik": "0000728535",
    "fillingDate": "2005-10-31",
    "acceptedDate": "2005-10-31 14:24:29",
    "calendarYear": "2005",
    "period": "Q3",
    "revenue": 801140000,
    "costOfRevenue": 425521000,
    "grossProfit": 375619000,
    "grossProfitRatio": 0.4688556307,
    "researchAndDevelopmentExpenses": 0,
    "generalAndAdministrativeExpenses": 30060000,
    "sellingAndMarketingExpenses": 0,
    "sellingGeneralAndAdministrativeExpenses": 30060000,
    "otherExpenses": 280457000,
    "operatingExpenses": 310517000,
    "costAndExpenses": 736038000,
    "interestIncome": 0,
    "interestExpense": 0,
    "depreciationAndAmortization": 41107000,
    "ebitda": -307627000,
    "ebitdaratio": -0.3839865691,
    "operatingIncome": 65102000,
    "operatingIncomeRatio": 0.0812617021,
    "totalOtherIncomeExpensesNet": -2244000,
    "incomeBeforeTax": 62858000,
    "incomeBeforeTaxRatio": 0.0784606935,
    "incomeTaxExpense": 23015000,
    "netIncome": 39843000,
    "netIncomeRatio": 0.0497328806,
    "eps": 0.25,
    "epsdiluted": 0.25,
    "weightedAverageShsOut": 156710000,
    "weightedAverageShsOutDil": 161174000,
    "link": "https://www.sec.gov/Archives/edgar/data/728535/000110465905051185/0001104659-05-051185-index.htm",
    "finalLink": "https://www.sec.gov/Archives/edgar/data/728535/000110465905051185/a05-19255_110q.htm"
  },
  {
    "date": "2005-06-30",
    "symbol": "JBHT",
    "reportedCurrency": "USD",
    "cik": "0000728535",
    "fillingDate": "2005-07-22",
    "acceptedDate": "2005-07-22 11:35:59",
    "calendarYear": "2005",
    "period": "Q2",
    "revenue": 759206000,
    "costOfRevenue": 392369000,
    "grossProfit": 366837000,
    "grossProfitRatio": 0.4831850644,
    "researchAndDevelopmentExpenses": 0,
    "generalAndAdministrativeExpenses": 23813000,
    "sellingAndMarketingExpenses": 0,
    "sellingGeneralAndAdministrativeExpenses": 23813000,
    "otherExpenses": 250019000,
    "operatingExpenses": 273832000,
    "costAndExpenses": 666201000,
    "interestIncome": 0,
    "interestExpense": 0,
    "depreciationAndAmortization": 40109000,
    "ebitda": -272330000,
    "ebitdaratio": -0.3587036983,
    "operatingIncome": 93005000,
    "operatingIncomeRatio": 0.1225029834,
    "totalOtherIncomeExpensesNet": -2813000,
    "incomeBeforeTax": 90192000,
    "incomeBeforeTaxRatio": 0.1187977966,
    "incomeTaxExpense": 35561000,
    "netIncome": 54631000,
    "netIncomeRatio": 0.071958072,
    "eps": 0.34,
    "epsdiluted": 0.33,
    "weightedAverageShsOut": 158387000,
    "weightedAverageShsOutDil": 163483000,
    "link": "https://www.sec.gov/Archives/edgar/data/728535/000110465905033593/0001104659-05-033593-index.htm",
    "finalLink": "https://www.sec.gov/Archives/edgar/data/728535/000110465905033593/a05-12542_110q.htm"
  },
  {
    "date": "2005-03-31",
    "symbol": "JBHT",
    "reportedCurrency": "USD",
    "cik": "0000728535",
    "fillingDate": "2005-04-29",
    "acceptedDate": "2005-04-29 15:56:32",
    "calendarYear": "2005",
    "period": "Q1",
    "revenue": 709178000,
    "costOfRevenue": 371222000,
    "grossProfit": 337956000,
    "grossProfitRatio": 0.4765460857,
    "researchAndDevelopmentExpenses": 0,
    "generalAndAdministrativeExpenses": 21544000,
    "sellingAndMarketingExpenses": 0,
    "sellingGeneralAndAdministrativeExpenses": 21544000,
    "otherExpenses": 237245000,
    "operatingExpenses": 258789000,
    "costAndExpenses": 630011000,
    "interestIncome": 0,
    "interestExpense": 0,
    "depreciationAndAmortization": 39232000,
    "ebitda": -264578000,
    "ebitdaratio": -0.373076999,
    "operatingIncome": 79167000,
    "operatingIncomeRatio": 0.1116320585,
    "totalOtherIncomeExpensesNet": -1933000,
    "incomeBeforeTax": 77234000,
    "incomeBeforeTaxRatio": 0.1089063677,
    "incomeTaxExpense": 29735000,
    "netIncome": 47499000,
    "netIncomeRatio": 0.066977543,
    "eps": 0.3,
    "epsdiluted": 0.29,
    "weightedAverageShsOut": 160704000,
    "weightedAverageShsOutDil": 166409000,
    "link": "https://www.sec.gov/Archives/edgar/data/728535/000110465905019297/0001104659-05-019297-index.htm",
    "finalLink": "https://www.sec.gov/Archives/edgar/data/728535/000110465905019297/a05-7638_110q.htm"
  },
  {
    "date": "2004-12-31",
    "symbol": "JBHT",
    "reportedCurrency": "USD",
    "cik": "0000728535",
    "fillingDate": "2005-03-11",
    "acceptedDate": "2005-03-11 15:54:42",
    "calendarYear": "2004",
    "period": "Q4",
    "revenue": 770805000,
    "costOfRevenue": 379305000,
    "grossProfit": 391500000,
    "grossProfitRatio": 0.507910561,
    "researchAndDevelopmentExpenses": 0,
    "generalAndAdministrativeExpenses": 24919000,
    "sellingAndMarketingExpenses": 0,
    "sellingGeneralAndAdministrativeExpenses": 24919000,
    "otherExpenses": 276418000,
    "operatingExpenses": 301337000,
    "costAndExpenses": 680642000,
    "interestIncome": 0,
    "interestExpense": 0,
    "depreciationAndAmortization": 38543000,
    "ebitda": -262008000,
    "ebitdaratio": -0.3399147644,
    "operatingIncome": 90163000,
    "operatingIncomeRatio": 0.1169725157,
    "totalOtherIncomeExpensesNet": -446000,
    "incomeBeforeTax": 89717000,
    "incomeBeforeTaxRatio": 0.1163938999,
    "incomeTaxExpense": 69935000,
    "netIncome": 19782000,
    "netIncomeRatio": 0.0256640785,
    "eps": 0.12,
    "epsdiluted": 0.12,
    "weightedAverageShsOut": 158290242,
    "weightedAverageShsOutDil": 160704000,
    "link": "https://www.sec.gov/Archives/edgar/data/728535/000110465905010620/0001104659-05-010620-index.htm",
    "finalLink": "https://www.sec.gov/Archives/edgar/data/728535/000110465905010620/a05-1778_110k.htm"
  },
  {
    "date": "2004-09-30",
    "symbol": "JBHT",
    "reportedCurrency": "USD",
    "cik": "0000728535",
    "fillingDate": "2004-10-29",
    "acceptedDate": "2004-10-29 17:18:08",
    "calendarYear": "2004",
    "period": "Q3",
    "revenue": 718614000,
    "costOfRevenue": 364738000,
    "grossProfit": 353876000,
    "grossProfitRatio": 0.4924423961,
    "researchAndDevelopmentExpenses": 0,
    "generalAndAdministrativeExpenses": 24858000,
    "sellingAndMarketingExpenses": 0,
    "sellingGeneralAndAdministrativeExpenses": 24858000,
    "otherExpenses": 246350000,
    "operatingExpenses": 271208000,
    "costAndExpenses": 635946000,
    "interestIncome": 0,
    "interestExpense": 0,
    "depreciationAndAmortization": 37458000,
    "ebitda": -259568000,
    "ebitdaratio": -0.3612064335,
    "operatingIncome": 82668000,
    "operatingIncomeRatio": 0.115038115,
    "totalOtherIncomeExpensesNet": -2205000,
    "incomeBeforeTax": 80463000,
    "incomeBeforeTaxRatio": 0.1119697084,
    "incomeTaxExpense": 32588000,
    "netIncome": 47875000,
    "netIncomeRatio": 0.0666213016,
    "eps": 0.3,
    "epsdiluted": 0.29,
    "weightedAverageShsOut": 162131000,
    "weightedAverageShsOutDil": 167356000,
    "link": "https://www.sec.gov/Archives/edgar/data/728535/000110465904032703/0001104659-04-032703-index.htm",
    "finalLink": "https://www.sec.gov/Archives/edgar/data/728535/000110465904032703/a04-12315_110q.htm"
  },
  {
    "date": "2004-06-30",
    "symbol": "JBHT",
    "reportedCurrency": "USD",
    "cik": "0000728535",
    "fillingDate": "2004-07-29",
    "acceptedDate": "2004-07-29 16:31:05",
    "calendarYear": "2004",
    "period": "Q2",
    "revenue": 679036000,
    "costOfRevenue": 340405000,
    "grossProfit": 338631000,
    "grossProfitRatio": 0.4986937364,
    "researchAndDevelopmentExpenses": 0,
    "generalAndAdministrativeExpenses": 21846000,
    "sellingAndMarketingExpenses": 0,
    "sellingGeneralAndAdministrativeExpenses": 21846000,
    "otherExpenses": 237611000,
    "operatingExpenses": 259457000,
    "costAndExpenses": 599862000,
    "interestIncome": 0,
    "interestExpense": 0,
    "depreciationAndAmortization": 36730000,
    "ebitda": -239870000,
    "ebitdaratio": -0.3532507849,
    "operatingIncome": 79174000,
    "operatingIncomeRatio": 0.1165976473,
    "totalOtherIncomeExpensesNet": -2494000,
    "incomeBeforeTax": 76680000,
    "incomeBeforeTaxRatio": 0.1129247934,
    "incomeTaxExpense": 31055000,
    "netIncome": 45625000,
    "netIncomeRatio": 0.0671908411,
    "eps": 0.28,
    "epsdiluted": 0.27,
    "weightedAverageShsOut": 160995000,
    "weightedAverageShsOutDil": 166411000,
    "link": "https://www.sec.gov/Archives/edgar/data/728535/000110465904021532/0001104659-04-021532-index.htm",
    "finalLink": "https://www.sec.gov/Archives/edgar/data/728535/000110465904021532/a04-8396_110q.htm"
  },
  {
    "date": "2004-03-31",
    "symbol": "JBHT",
    "reportedCurrency": "USD",
    "cik": "0000728535",
    "fillingDate": "2004-05-07",
    "acceptedDate": "2004-05-07 13:13:22",
    "calendarYear": "2004",
    "period": "Q1",
    "revenue": 617698000,
    "costOfRevenue": 315177000,
    "grossProfit": 302521000,
    "grossProfitRatio": 0.4897555116,
    "researchAndDevelopmentExpenses": 0,
    "generalAndAdministrativeExpenses": 21594000,
    "sellingAndMarketingExpenses": 0,
    "sellingGeneralAndAdministrativeExpenses": 21594000,
    "otherExpenses": 222710000,
    "operatingExpenses": 244304000,
    "costAndExpenses": 559481000,
    "interestIncome": 0,
    "interestExpense": 0,
    "depreciationAndAmortization": 37045000,
    "ebitda": -232939000,
    "ebitdaratio": -0.3771082309,
    "operatingIncome": 58217000,
    "operatingIncomeRatio": 0.094248322,
    "totalOtherIncomeExpensesNet": -2798000,
    "incomeBeforeTax": 55419000,
    "incomeBeforeTaxRatio": 0.0897186004,
    "incomeTaxExpense": 22445000,
    "netIncome": 32974000,
    "netIncomeRatio": 0.0533820734,
    "eps": 0.21,
    "epsdiluted": 0.2,
    "weightedAverageShsOut": 160330000,
    "weightedAverageShsOutDil": 165930000,
    "link": "https://www.sec.gov/Archives/edgar/data/728535/000110465904013163/0001104659-04-013163-index.htm",
    "finalLink": "https://www.sec.gov/Archives/edgar/data/728535/000110465904013163/a04-5146_110q.htm"
  },
  {
    "date": "2003-12-31",
    "symbol": "JBHT",
    "reportedCurrency": "USD",
    "cik": "0000728535",
    "fillingDate": "2004-03-04",
    "acceptedDate": "2004-03-04 17:05:11",
    "calendarYear": "2003",
    "period": "Q4",
    "revenue": 640746000,
    "costOfRevenue": 297635000,
    "grossProfit": 343111000,
    "grossProfitRatio": 0.5354867607,
    "researchAndDevelopmentExpenses": 0,
    "generalAndAdministrativeExpenses": 22901000,
    "sellingAndMarketingExpenses": 0,
    "sellingGeneralAndAdministrativeExpenses": 22901000,
    "otherExpenses": 262450000,
    "operatingExpenses": 285351000,
    "costAndExpenses": 582986000,
    "interestIncome": 0,
    "interestExpense": 0,
    "depreciationAndAmortization": 37215000,
    "ebitda": -217023000,
    "ebitdaratio": -0.3387036361,
    "operatingIncome": 57760000,
    "operatingIncomeRatio": 0.0901449248,
    "totalOtherIncomeExpensesNet": -2174000,
    "incomeBeforeTax": 55586000,
    "incomeBeforeTaxRatio": 0.0867520047,
    "incomeTaxExpense": 29095000,
    "netIncome": 26491000,
    "netIncomeRatio": 0.0413439959,
    "eps": 0.17,
    "epsdiluted": 0.17,
    "weightedAverageShsOut": 160330000,
    "weightedAverageShsOutDil": 160330000,
    "link": "https://www.sec.gov/Archives/edgar/data/728535/000110465904006498/0001104659-04-006498-index.htm",
    "finalLink": "https://www.sec.gov/Archives/edgar/data/728535/000110465904006498/a04-3086_110k.htm"
  },
  {
    "date": "2003-09-30",
    "symbol": "JBHT",
    "reportedCurrency": "USD",
    "cik": "0000728535",
    "fillingDate": "2003-10-31",
    "acceptedDate": "2003-10-31 16:21:31",
    "calendarYear": "2003",
    "period": "Q3",
    "revenue": 621644000,
    "costOfRevenue": 312039000,
    "grossProfit": 309605000,
    "grossProfitRatio": 0.4980422879,
    "researchAndDevelopmentExpenses": 0,
    "generalAndAdministrativeExpenses": 21942000,
    "sellingAndMarketingExpenses": -13946000,
    "sellingGeneralAndAdministrativeExpenses": 7996000,
    "otherExpenses": 244034000,
    "operatingExpenses": 252030000,
    "costAndExpenses": 564069000,
    "interestIncome": 0,
    "interestExpense": 0,
    "depreciationAndAmortization": 38196000,
    "ebitda": 95772000,
    "ebitdaratio": 0.1540624538,
    "operatingIncome": 57575000,
    "operatingIncomeRatio": 0.092617318,
    "totalOtherIncomeExpensesNet": -4468000,
    "incomeBeforeTax": 53107000,
    "incomeBeforeTaxRatio": 0.0854299245,
    "incomeTaxExpense": 20446000,
    "netIncome": 32661000,
    "netIncomeRatio": 0.0525397173,
    "eps": 0.21,
    "epsdiluted": 0.2,
    "weightedAverageShsOut": 159604000,
    "weightedAverageShsOutDil": 165116000,
    "link": "https://www.sec.gov/Archives/edgar/data/728535/000110465903024362/0001104659-03-024362-index.htm",
    "finalLink": "https://www.sec.gov/Archives/edgar/data/728535/000110465903024362/a03-4644_110q.htm"
  },
  {
    "date": "2003-06-30",
    "symbol": "JBHT",
    "reportedCurrency": "USD",
    "cik": "0000728535",
    "fillingDate": "2003-07-30",
    "acceptedDate": "2003-07-30 17:05:11",
    "calendarYear": "2003",
    "period": "Q2",
    "revenue": 599866000,
    "costOfRevenue": 302072000,
    "grossProfit": 297794000,
    "grossProfitRatio": 0.4964342036,
    "researchAndDevelopmentExpenses": 0,
    "generalAndAdministrativeExpenses": 28134000,
    "sellingAndMarketingExpenses": -17746000,
    "sellingGeneralAndAdministrativeExpenses": 10388000,
    "otherExpenses": 240966000,
    "operatingExpenses": 251354000,
    "costAndExpenses": 553426000,
    "interestIncome": 0,
    "interestExpense": 0,
    "depreciationAndAmortization": 37273000,
    "ebitda": 83713000,
    "ebitdaratio": 0.1395528335,
    "operatingIncome": 46440000,
    "operatingIncomeRatio": 0.0774172899,
    "totalOtherIncomeExpensesNet": -5433000,
    "incomeBeforeTax": 41007000,
    "incomeBeforeTaxRatio": 0.0683602671,
    "incomeTaxExpense": 15878000,
    "netIncome": 25129000,
    "netIncomeRatio": 0.0418910223,
    "eps": 0.16,
    "epsdiluted": 0.16,
    "weightedAverageShsOut": 158052000,
    "weightedAverageShsOutDil": 162628000,
    "link": "https://www.sec.gov/Archives/edgar/data/728535/000110465903016162/0001104659-03-016162-index.htm",
    "finalLink": "https://www.sec.gov/Archives/edgar/data/728535/000110465903016162/a03-1651_110q.htm"
  },
  {
    "date": "2003-03-31",
    "symbol": "JBHT",
    "reportedCurrency": "USD",
    "cik": "0000728535",
    "fillingDate": "2003-05-07",
    "acceptedDate": "2003-05-07 13:48:07",
    "calendarYear": "2003",
    "period": "Q1",
    "revenue": 571213000,
    "costOfRevenue": 302646000,
    "grossProfit": 268567000,
    "grossProfitRatio": 0.4701696215,
    "researchAndDevelopmentExpenses": 0,
    "generalAndAdministrativeExpenses": 25269000,
    "sellingAndMarketingExpenses": -17445000,
    "sellingGeneralAndAdministrativeExpenses": 7824000,
    "otherExpenses": 236883000,
    "operatingExpenses": 244707000,
    "costAndExpenses": 547353000,
    "interestIncome": 0,
    "interestExpense": 0,
    "depreciationAndAmortization": 37537000,
    "ebitda": 61397000,
    "ebitdaratio": 0.1074852988,
    "operatingIncome": 23860000,
    "operatingIncomeRatio": 0.041770758,
    "totalOtherIncomeExpensesNet": -5831000,
    "incomeBeforeTax": 18029000,
    "incomeBeforeTaxRatio": 0.031562657,
    "incomeTaxExpense": 6851000,
    "netIncome": 11178000,
    "netIncomeRatio": 0.0195688824,
    "eps": 0.07,
    "epsdiluted": 0.07,
    "weightedAverageShsOut": 157362000,
    "weightedAverageShsOutDil": 161154000,
    "link": "https://www.sec.gov/Archives/edgar/data/728535/000110465903008376/0001104659-03-008376-index.htm",
    "finalLink": "https://www.sec.gov/Archives/edgar/data/728535/000110465903008376/j0435_10q.htm"
  },
  {
    "date": "2002-12-31",
    "symbol": "JBHT",
    "reportedCurrency": "USD",
    "cik": "0000728535",
    "fillingDate": "2003-03-11",
    "acceptedDate": "2003-03-10 20:52:19",
    "calendarYear": "2002",
    "period": "Q4",
    "revenue": 597665000,
    "costOfRevenue": 281961000,
    "grossProfit": 315704000,
    "grossProfitRatio": 0.5282290246,
    "researchAndDevelopmentExpenses": 0,
    "generalAndAdministrativeExpenses": 27680000,
    "sellingAndMarketingExpenses": 0,
    "sellingGeneralAndAdministrativeExpenses": 27680000,
    "otherExpenses": 257227000,
    "operatingExpenses": 284907000,
    "costAndExpenses": 566868000,
    "interestIncome": 0,
    "interestExpense": 0,
    "depreciationAndAmortization": 37495000,
    "ebitda": -231722000,
    "ebitdaratio": -0.3877121799,
    "operatingIncome": 30797000,
    "operatingIncomeRatio": 0.0515288665,
    "totalOtherIncomeExpensesNet": -5402000,
    "incomeBeforeTax": 25395000,
    "incomeBeforeTaxRatio": 0.0424903583,
    "incomeTaxExpense": 10668000,
    "netIncome": 14727000,
    "netIncomeRatio": 0.0246408941,
    "eps": 0.0936,
    "epsdiluted": 0.0936,
    "weightedAverageShsOut": 157364000,
    "weightedAverageShsOutDil": 157364000,
    "link": "https://www.sec.gov/Archives/edgar/data/728535/000110465903003945/0001104659-03-003945-index.htm",
    "finalLink": "https://www.sec.gov/Archives/edgar/data/728535/000110465903003945/j8280_10k.htm"
  },
  {
    "date": "2002-09-30",
    "symbol": "JBHT",
    "reportedCurrency": "USD",
    "cik": "0000728535",
    "fillingDate": "2002-11-08",
    "acceptedDate": "2002-11-08 16:42:12",
    "calendarYear": "2002",
    "period": "Q3",
    "revenue": 582671000,
    "costOfRevenue": 288425000,
    "grossProfit": 294246000,
    "grossProfitRatio": 0.5049951002,
    "researchAndDevelopmentExpenses": 0,
    "generalAndAdministrativeExpenses": 20851000,
    "sellingAndMarketingExpenses": 0,
    "sellingGeneralAndAdministrativeExpenses": 20851000,
    "otherExpenses": 245369000,
    "operatingExpenses": 266220000,
    "costAndExpenses": 554645000,
    "interestIncome": 0,
    "interestExpense": 0,
    "depreciationAndAmortization": 36449000,
    "ebitda": -237365000,
    "ebitdaratio": -0.4073739726,
    "operatingIncome": 28026000,
    "operatingIncomeRatio": 0.0480991846,
    "totalOtherIncomeExpensesNet": -5685000,
    "incomeBeforeTax": 22341000,
    "incomeBeforeTaxRatio": 0.0383423922,
    "incomeTaxExpense": 5585000,
    "netIncome": 16756000,
    "netIncomeRatio": 0.0287572232,
    "eps": 0.11,
    "epsdiluted": 0.11,
    "weightedAverageShsOut": 156908000,
    "weightedAverageShsOutDil": 160980000,
    "link": "https://www.sec.gov/Archives/edgar/data/728535/000110465902005424/0001104659-02-005424-index.htm",
    "finalLink": "https://www.sec.gov/Archives/edgar/data/728535/000110465902005424/j5588_10q.htm"
  },
  {
    "date": "2002-06-30",
    "symbol": "JBHT",
    "reportedCurrency": "USD",
    "cik": "0000728535",
    "fillingDate": "2002-07-29",
    "acceptedDate": "2002-07-29 17:09:12",
    "calendarYear": "2002",
    "period": "Q2",
    "revenue": 557328000,
    "costOfRevenue": 273574000,
    "grossProfit": 283754000,
    "grossProfitRatio": 0.5091328625,
    "researchAndDevelopmentExpenses": 0,
    "generalAndAdministrativeExpenses": 21857000,
    "sellingAndMarketingExpenses": 0,
    "sellingGeneralAndAdministrativeExpenses": 21857000,
    "otherExpenses": 233388000,
    "operatingExpenses": 255245000,
    "costAndExpenses": 528819000,
    "interestIncome": 0,
    "interestExpense": 0,
    "depreciationAndAmortization": 35920000,
    "ebitda": -222849000,
    "ebitdaratio": -0.3998525106,
    "operatingIncome": 28509000,
    "operatingIncomeRatio": 0.0511530015,
    "totalOtherIncomeExpensesNet": -7743000,
    "incomeBeforeTax": 20766000,
    "incomeBeforeTaxRatio": 0.0372599259,
    "incomeTaxExpense": 5287000,
    "netIncome": 15479000,
    "netIncomeRatio": 0.0277735911,
    "eps": 0.11,
    "epsdiluted": 0.1,
    "weightedAverageShsOut": 148428000,
    "weightedAverageShsOutDil": 153208000,
    "link": "https://www.sec.gov/Archives/edgar/data/728535/000110465902003148/0001104659-02-003148-index.htm",
    "finalLink": "https://www.sec.gov/Archives/edgar/data/728535/000110465902003148/j4495_10q.htm"
  },
  {
    "date": "2002-03-31",
    "symbol": "JBHT",
    "reportedCurrency": "USD",
    "cik": "0000728535",
    "fillingDate": "2002-05-10",
    "acceptedDate": "2002-05-09 20:48:15",
    "calendarYear": "2002",
    "period": "Q1",
    "revenue": 510221000,
    "costOfRevenue": 252111000,
    "grossProfit": 258110000,
    "grossProfitRatio": 0.5058788251,
    "researchAndDevelopmentExpenses": 0,
    "generalAndAdministrativeExpenses": 15771000,
    "sellingAndMarketingExpenses": 0,
    "sellingGeneralAndAdministrativeExpenses": 15771000,
    "otherExpenses": 228708000,
    "operatingExpenses": 244479000,
    "costAndExpenses": 496590000,
    "interestIncome": 0,
    "interestExpense": 0,
    "depreciationAndAmortization": 35984000,
    "ebitda": -213455000,
    "ebitdaratio": -0.4183579273,
    "operatingIncome": 13631000,
    "operatingIncomeRatio": 0.0267158741,
    "totalOtherIncomeExpensesNet": -7286000,
    "incomeBeforeTax": 6345000,
    "incomeBeforeTaxRatio": 0.0124357876,
    "incomeTaxExpense": 1491000,
    "netIncome": 4854000,
    "netIncomeRatio": 0.0095135245,
    "eps": 0.0325,
    "epsdiluted": 0.0325,
    "weightedAverageShsOut": 145056000,
    "weightedAverageShsOutDil": 149076000,
    "link": "https://www.sec.gov/Archives/edgar/data/728535/000110465902001850/0001104659-02-001850-index.htm",
    "finalLink": "https://www.sec.gov/Archives/edgar/data/728535/000110465902001850/j3759_10q.htm"
  },
  {
    "date": "2001-12-31",
    "symbol": "JBHT",
    "reportedCurrency": "USD",
    "cik": "0000728535",
    "fillingDate": "2002-05-29",
    "acceptedDate": "2002-05-28 19:39:53",
    "calendarYear": "2001",
    "period": "Q4",
    "revenue": 546240000,
    "costOfRevenue": 240238000,
    "grossProfit": 306002000,
    "grossProfitRatio": 0.560196983,
    "researchAndDevelopmentExpenses": 0,
    "generalAndAdministrativeExpenses": 10986000,
    "sellingAndMarketingExpenses": 0,
    "sellingGeneralAndAdministrativeExpenses": 10986000,
    "otherExpenses": 258942000,
    "operatingExpenses": 269928000,
    "costAndExpenses": 510166000,
    "interestIncome": 0,
    "interestExpense": 0,
    "depreciationAndAmortization": 36188000,
    "ebitda": -173012000,
    "ebitdaratio": -0.3167325718,
    "operatingIncome": 36074000,
    "operatingIncomeRatio": 0.0660405682,
    "totalOtherIncomeExpensesNet": -10360000,
    "incomeBeforeTax": 25714000,
    "incomeBeforeTaxRatio": 0.047074546,
    "incomeTaxExpense": 7532000,
    "netIncome": 18182000,
    "netIncomeRatio": 0.0332857352,
    "eps": 0.13,
    "epsdiluted": 0.13,
    "weightedAverageShsOut": 145056000,
    "weightedAverageShsOutDil": 145056000,
    "link": "https://www.sec.gov/Archives/edgar/data/728535/000110465902002706/0001104659-02-002706-index.htm",
    "finalLink": "https://www.sec.gov/Archives/edgar/data/728535/000110465902002706/j4021_10ka.htm"
  },
  {
    "date": "2001-09-30",
    "symbol": "JBHT",
    "reportedCurrency": "USD",
    "cik": "0000728535",
    "fillingDate": "2001-11-09",
    "acceptedDate": "2001-11-09 00:00:00",
    "calendarYear": "2001",
    "period": "Q3",
    "revenue": 537156000,
    "costOfRevenue": 273089000,
    "grossProfit": 264067000,
    "grossProfitRatio": 0.4916020672,
    "researchAndDevelopmentExpenses": 0,
    "generalAndAdministrativeExpenses": 19971000,
    "sellingAndMarketingExpenses": 0,
    "sellingGeneralAndAdministrativeExpenses": 19971000,
    "otherExpenses": 232146000,
    "operatingExpenses": 252117000,
    "costAndExpenses": 525206000,
    "interestIncome": 0,
    "interestExpense": 0,
    "depreciationAndAmortization": 35717000,
    "ebitda": -238300000,
    "ebitdaratio": -0.4436327622,
    "operatingIncome": 11950000,
    "operatingIncomeRatio": 0.0222467961,
    "totalOtherIncomeExpensesNet": -6598000,
    "incomeBeforeTax": 5352000,
    "incomeBeforeTaxRatio": 0.009963586,
    "incomeTaxExpense": 803000,
    "netIncome": 4549000,
    "netIncomeRatio": 0.0084686758,
    "eps": 0.0325,
    "epsdiluted": 0.03,
    "weightedAverageShsOut": 143356000,
    "weightedAverageShsOutDil": 147384000,
    "link": "https://www.sec.gov/Archives/edgar/data/728535/000110465901502639/0001104659-01-502639-index.htm",
    "finalLink": "https://www.sec.gov/Archives/edgar/data/728535/000110465901502639/j1965_10q.htm"
  },
  {
    "date": "2001-06-30",
    "symbol": "JBHT",
    "reportedCurrency": "USD",
    "cik": "0000728535",
    "fillingDate": "2001-08-09",
    "acceptedDate": "2001-08-09 00:00:00",
    "calendarYear": "2001",
    "period": "Q2",
    "revenue": 521489000,
    "costOfRevenue": 258394000,
    "grossProfit": 263095000,
    "grossProfitRatio": 0.5045072859,
    "researchAndDevelopmentExpenses": 0,
    "generalAndAdministrativeExpenses": 18860000,
    "sellingAndMarketingExpenses": 0,
    "sellingGeneralAndAdministrativeExpenses": 18860000,
    "otherExpenses": 228417000,
    "operatingExpenses": 247277000,
    "costAndExpenses": 505671000,
    "interestIncome": 0,
    "interestExpense": 0,
    "depreciationAndAmortization": 35337000,
    "ebitda": -219488000,
    "ebitdaratio": -0.4208871136,
    "operatingIncome": 15818000,
    "operatingIncomeRatio": 0.0303323752,
    "totalOtherIncomeExpensesNet": -6072000,
    "incomeBeforeTax": 9746000,
    "incomeBeforeTaxRatio": 0.0186887931,
    "incomeTaxExpense": 1178000,
    "netIncome": 8568000,
    "netIncomeRatio": 0.0164298768,
    "eps": 0.06,
    "epsdiluted": 0.06,
    "weightedAverageShsOut": 141248000,
    "weightedAverageShsOutDil": 143244000,
    "link": "https://www.sec.gov/Archives/edgar/data/728535/000110465901501270/0001104659-01-501270-index.htm",
    "finalLink": "https://www.sec.gov/Archives/edgar/data/728535/000110465901501270/j1498_10q.htm"
  },
  {
    "date": "2001-03-31",
    "symbol": "JBHT",
    "reportedCurrency": "USD",
    "cik": "0000728535",
    "fillingDate": "2001-05-15",
    "acceptedDate": "2001-05-15 00:00:00",
    "calendarYear": "2001",
    "period": "Q1",
    "revenue": 495419000,
    "costOfRevenue": 247154000,
    "grossProfit": 248265000,
    "grossProfitRatio": 0.5011212731,
    "researchAndDevelopmentExpenses": 0,
    "generalAndAdministrativeExpenses": 12590000,
    "sellingAndMarketingExpenses": 0,
    "sellingGeneralAndAdministrativeExpenses": 12590000,
    "otherExpenses": 227308000,
    "operatingExpenses": 239898000,
    "costAndExpenses": 487052000,
    "interestIncome": 0,
    "interestExpense": 0,
    "depreciationAndAmortization": 35513000,
    "ebitda": -215492000,
    "ebitdaratio": -0.4349691877,
    "operatingIncome": 8367000,
    "operatingIncomeRatio": 0.0168887346,
    "totalOtherIncomeExpensesNet": -6098000,
    "incomeBeforeTax": 2269000,
    "incomeBeforeTaxRatio": 0.0045799616,
    "incomeTaxExpense": 624000,
    "netIncome": 1645000,
    "netIncomeRatio": 0.0033204217,
    "eps": 0.0125,
    "epsdiluted": 0.0125,
    "weightedAverageShsOut": 141092000,
    "weightedAverageShsOutDil": 143168000,
    "link": "https://www.sec.gov/Archives/edgar/data/728535/000091205701515520/0000912057-01-515520-index.htm",
    "finalLink": "https://www.sec.gov/Archives/edgar/data/728535/000091205701515520/a2049216z10-q.txt"
  },
  {
    "date": "2000-12-31",
    "symbol": "JBHT",
    "reportedCurrency": "USD",
    "cik": "0000728535",
    "fillingDate": "2001-03-12",
    "acceptedDate": "2001-03-12 00:00:00",
    "calendarYear": "2000",
    "period": "Q4",
    "revenue": 533969000,
    "costOfRevenue": 260618000,
    "grossProfit": 273351000,
    "grossProfitRatio": 0.5119229768,
    "researchAndDevelopmentExpenses": 0,
    "generalAndAdministrativeExpenses": 17624000,
    "sellingAndMarketingExpenses": 0,
    "sellingGeneralAndAdministrativeExpenses": 17624000,
    "otherExpenses": 238033000,
    "operatingExpenses": 255657000,
    "costAndExpenses": 516275000,
    "interestIncome": 0,
    "interestExpense": 0,
    "depreciationAndAmortization": 35480000,
    "ebitda": -217750000,
    "ebitdaratio": -0.4077952091,
    "operatingIncome": 17694000,
    "operatingIncomeRatio": 0.0331367551,
    "totalOtherIncomeExpensesNet": -4888000,
    "incomeBeforeTax": 12806000,
    "incomeBeforeTaxRatio": 0.0239826657,
    "incomeTaxExpense": 1921000,
    "netIncome": 10885000,
    "netIncomeRatio": 0.0203850785,
    "eps": 0.0771,
    "epsdiluted": 0.0771,
    "weightedAverageShsOut": 141092000,
    "weightedAverageShsOutDil": 141092000,
    "link": "https://www.sec.gov/Archives/edgar/data/728535/000091205701007504/0000912057-01-007504-index.htm",
    "finalLink": "https://www.sec.gov/Archives/edgar/data/728535/000091205701007504/a2041002z10-k.txt"
  },
  {
    "date": "2000-09-30",
    "symbol": "JBHT",
    "reportedCurrency": "USD",
    "cik": "0000728535",
    "fillingDate": "2000-11-14",
    "acceptedDate": "2000-11-14 00:00:00",
    "calendarYear": "2000",
    "period": "Q3",
    "revenue": 509422000,
    "costOfRevenue": 247243000,
    "grossProfit": 262179000,
    "grossProfitRatio": 0.5146597516,
    "researchAndDevelopmentExpenses": 0,
    "generalAndAdministrativeExpenses": 15637000,
    "sellingAndMarketingExpenses": 0,
    "sellingGeneralAndAdministrativeExpenses": 15637000,
    "otherExpenses": 230725000,
    "operatingExpenses": 246362000,
    "costAndExpenses": 493605000,
    "interestIncome": 0,
    "interestExpense": 0,
    "depreciationAndAmortization": 34243000,
    "ebitda": -206641000,
    "ebitdaratio": -0.4056381546,
    "operatingIncome": 15817000,
    "operatingIncomeRatio": 0.0310489143,
    "totalOtherIncomeExpensesNet": -6265000,
    "incomeBeforeTax": 9552000,
    "incomeBeforeTaxRatio": 0.0187506625,
    "incomeTaxExpense": 429000,
    "netIncome": 9123000,
    "netIncomeRatio": 0.0179085316,
    "eps": 0.065,
    "epsdiluted": 0.065,
    "weightedAverageShsOut": 140644000,
    "weightedAverageShsOutDil": 141120000,
    "link": "https://www.sec.gov/Archives/edgar/data/728535/000091205700049803/0000912057-00-049803-index.htm",
    "finalLink": "https://www.sec.gov/Archives/edgar/data/728535/000091205700049803/a2031037z10-q.txt"
  },
  {
    "date": "2000-06-30",
    "symbol": "JBHT",
    "reportedCurrency": "USD",
    "cik": "0000728535",
    "fillingDate": "2000-08-11",
    "acceptedDate": "2000-08-11 00:00:00",
    "calendarYear": "2000",
    "period": "Q2",
    "revenue": 583500000,
    "costOfRevenue": 314838000,
    "grossProfit": 268662000,
    "grossProfitRatio": 0.4604318766,
    "researchAndDevelopmentExpenses": 0,
    "generalAndAdministrativeExpenses": 15790000,
    "sellingAndMarketingExpenses": 0,
    "sellingGeneralAndAdministrativeExpenses": 15790000,
    "otherExpenses": 232164000,
    "operatingExpenses": 247954000,
    "costAndExpenses": 562792000,
    "interestIncome": 0,
    "interestExpense": 0,
    "depreciationAndAmortization": 96680000,
    "ebitda": -207132000,
    "ebitdaratio": -0.3549820051,
    "operatingIncome": 20708000,
    "operatingIncomeRatio": 0.0354892888,
    "totalOtherIncomeExpensesNet": -6890000,
    "incomeBeforeTax": 13818000,
    "incomeBeforeTaxRatio": 0.0236812339,
    "incomeTaxExpense": 2764000,
    "netIncome": 11054000,
    "netIncomeRatio": 0.0189443016,
    "eps": 0.0775,
    "epsdiluted": 0.0775,
    "weightedAverageShsOut": 141260000,
    "weightedAverageShsOutDil": 142020000,
    "link": "https://www.sec.gov/Archives/edgar/data/728535/000091205700036469/0000912057-00-036469-index.htm",
    "finalLink": "https://www.sec.gov/Archives/edgar/data/728535/000091205700036469/a10-q.txt"
  },
  {
    "date": "2000-03-31",
    "symbol": "JBHT",
    "reportedCurrency": "USD",
    "cik": "0000728535",
    "fillingDate": "2000-05-12",
    "acceptedDate": "2000-05-12 00:00:00",
    "calendarYear": "2000",
    "period": "Q1",
    "revenue": 533556000,
    "costOfRevenue": 280507000,
    "grossProfit": 253049000,
    "grossProfitRatio": 0.4742688677,
    "researchAndDevelopmentExpenses": 0,
    "generalAndAdministrativeExpenses": 27467000,
    "sellingAndMarketingExpenses": 0,
    "sellingGeneralAndAdministrativeExpenses": 27467000,
    "otherExpenses": 213353000,
    "operatingExpenses": 240820000,
    "costAndExpenses": 521327000,
    "interestIncome": 0,
    "interestExpense": 0,
    "depreciationAndAmortization": -32012000,
    "ebitda": 207712000,
    "ebitdaratio": 0.3892974683,
    "operatingIncome": 12229000,
    "operatingIncomeRatio": 0.022919806,
    "totalOtherIncomeExpensesNet": -5963000,
    "incomeBeforeTax": 6266000,
    "incomeBeforeTaxRatio": 0.0117438469,
    "incomeTaxExpense": 1253000,
    "netIncome": 5013000,
    "netIncomeRatio": 0.0093954524,
    "eps": 0.035,
    "epsdiluted": 0.035,
    "weightedAverageShsOut": 142416000,
    "weightedAverageShsOutDil": 142488000,
    "link": "https://www.sec.gov/Archives/edgar/data/728535/000091205700023675/0000912057-00-023675-index.html",
    "finalLink": "https://www.sec.gov/Archives/edgar/data/728535/000091205700023675/"
  },
  {
    "date": "1999-12-31",
    "symbol": "JBHT",
    "reportedCurrency": "USD",
    "cik": "0000728535",
    "fillingDate": "2000-03-02",
    "acceptedDate": "2000-03-02 00:00:00",
    "calendarYear": "1999",
    "period": "Q4",
    "revenue": 553374000,
    "costOfRevenue": 296884000,
    "grossProfit": 256490000,
    "grossProfitRatio": 0.46350208,
    "researchAndDevelopmentExpenses": 0,
    "generalAndAdministrativeExpenses": 6867000,
    "sellingAndMarketingExpenses": 0,
    "sellingGeneralAndAdministrativeExpenses": 6867000,
    "otherExpenses": 249623000,
    "operatingExpenses": 256490000,
    "costAndExpenses": 553374000,
    "interestIncome": 0,
    "interestExpense": 0,
    "depreciationAndAmortization": 264380000,
    "ebitda": -1235422000,
    "ebitdaratio": -2.2325262842,
    "operatingIncome": -1499802000,
    "operatingIncomeRatio": -2.7102863524,
    "totalOtherIncomeExpensesNet": 1507424000,
    "incomeBeforeTax": 7622000,
    "incomeBeforeTaxRatio": 0.0137736865,
    "incomeTaxExpense": 2041000,
    "netIncome": 5581000,
    "netIncomeRatio": 0.0100854034,
    "eps": 0.0392,
    "epsdiluted": 0.0392,
    "weightedAverageShsOut": 139611111,
    "weightedAverageShsOutDil": 142416000,
    "link": "https://www.sec.gov/Archives/edgar/data/728535/000091205700009394/0000912057-00-009394-index.html",
    "finalLink": "https://www.sec.gov/Archives/edgar/data/728535/000091205700009394/"
  },
  {
    "date": "1999-09-30",
    "symbol": "JBHT",
    "reportedCurrency": "USD",
    "cik": "0000728535",
    "fillingDate": "1999-11-12",
    "acceptedDate": "1999-11-12 00:00:00",
    "calendarYear": "1999",
    "period": "Q3",
    "revenue": 523901000,
    "costOfRevenue": 259100000,
    "grossProfit": 264800000,
    "grossProfitRatio": 0.5054390047,
    "researchAndDevelopmentExpenses": 0,
    "generalAndAdministrativeExpenses": 23713000,
    "sellingAndMarketingExpenses": 181387000,
    "sellingGeneralAndAdministrativeExpenses": 205100000,
    "otherExpenses": 59700000,
    "operatingExpenses": 264800000,
    "costAndExpenses": 523900000,
    "interestIncome": 0,
    "interestExpense": 0,
    "depreciationAndAmortization": -38666000,
    "ebitda": 66400000,
    "ebitdaratio": 0.1267415027,
    "operatingIncome": 28200000,
    "operatingIncomeRatio": 0.0538269635,
    "totalOtherIncomeExpensesNet": -20300000,
    "incomeBeforeTax": 7808000,
    "incomeBeforeTaxRatio": 0.0149035791,
    "incomeTaxExpense": 2900000,
    "netIncome": 5000000,
    "netIncomeRatio": 0.0095437879,
    "eps": 0.035,
    "epsdiluted": 0.035,
    "weightedAverageShsOut": 142540000,
    "weightedAverageShsOutDil": 142768000,
    "link": "https://www.sec.gov/Archives/edgar/data/728535/000091205799004945/0000912057-99-004945-index.html",
    "finalLink": "https://www.sec.gov/Archives/edgar/data/728535/000091205799004945/"
  },
  {
    "date": "1999-06-30",
    "symbol": "JBHT",
    "reportedCurrency": "USD",
    "cik": "0000728535",
    "fillingDate": "1999-08-09",
    "acceptedDate": "1999-08-09 00:00:00",
    "calendarYear": "1999",
    "period": "Q2",
    "revenue": 497554000,
    "costOfRevenue": 239401000,
    "grossProfit": 258153000,
    "grossProfitRatio": 0.5188441858,
    "researchAndDevelopmentExpenses": 0,
    "generalAndAdministrativeExpenses": 20365000,
    "sellingAndMarketingExpenses": 0,
    "sellingGeneralAndAdministrativeExpenses": 20365000,
    "otherExpenses": 237788000,
    "operatingExpenses": 258153000,
    "costAndExpenses": 497554000,
    "interestIncome": 0,
    "interestExpense": 0,
    "depreciationAndAmortization": -38234000,
    "ebitda": 214159000,
    "ebitdaratio": 0.4304236324,
    "operatingIncome": 175635000,
    "operatingIncomeRatio": 0.3529968606,
    "totalOtherIncomeExpensesNet": -158651000,
    "incomeBeforeTax": 16984000,
    "incomeBeforeTaxRatio": 0.0341349884,
    "incomeTaxExpense": 6199000,
    "netIncome": 10785000,
    "netIncomeRatio": 0.0216760392,
    "eps": 0.075,
    "epsdiluted": 0.075,
    "weightedAverageShsOut": 142500000,
    "weightedAverageShsOutDil": 143388000,
    "link": "https://www.sec.gov/Archives/edgar/data/728535/000104746999030312/0001047469-99-030312-index.html",
    "finalLink": "https://www.sec.gov/Archives/edgar/data/728535/000104746999030312/"
  },
  {
    "date": "1999-03-31",
    "symbol": "JBHT",
    "reportedCurrency": "USD",
    "cik": "0000728535",
    "fillingDate": "1999-05-05",
    "acceptedDate": "1999-05-05 00:00:00",
    "calendarYear": "1999",
    "period": "Q1",
    "revenue": 470244000,
    "costOfRevenue": 208400000,
    "grossProfit": 261844000,
    "grossProfitRatio": 0.5568258181,
    "researchAndDevelopmentExpenses": 0,
    "generalAndAdministrativeExpenses": 20360000,
    "sellingAndMarketingExpenses": 172740000,
    "sellingGeneralAndAdministrativeExpenses": 193100000,
    "otherExpenses": 68744000,
    "operatingExpenses": 261844000,
    "costAndExpenses": 470244000,
    "interestIncome": 0,
    "interestExpense": 0,
    "depreciationAndAmortization": -38200000,
    "ebitda": 75244000,
    "ebitdaratio": 0.1600105477,
    "operatingIncome": 37044000,
    "operatingIncomeRatio": 0.0787761247,
    "totalOtherIncomeExpensesNet": -20344000,
    "incomeBeforeTax": 16670000,
    "incomeBeforeTaxRatio": 0.0354496814,
    "incomeTaxExpense": 6100000,
    "netIncome": 10600000,
    "netIncomeRatio": 0.0225414891,
    "eps": 0.075,
    "epsdiluted": 0.0725,
    "weightedAverageShsOut": 141333333,
    "weightedAverageShsOutDil": 146206897,
    "link": "https://www.sec.gov/Archives/edgar/data/728535/000104746999018226/0001047469-99-018226-index.html",
    "finalLink": "https://www.sec.gov/Archives/edgar/data/728535/"
  },
  {
    "date": "1998-12-31",
    "symbol": "JBHT",
    "reportedCurrency": "USD",
    "cik": "0000728535",
    "fillingDate": "1999-03-03",
    "acceptedDate": "1999-03-03 00:00:00",
    "calendarYear": "1998",
    "period": "Q4",
    "revenue": 493789000,
    "costOfRevenue": 238534000,
    "grossProfit": 255255000,
    "grossProfitRatio": 0.5169313209,
    "researchAndDevelopmentExpenses": 0,
    "generalAndAdministrativeExpenses": 6251000,
    "sellingAndMarketingExpenses": 0,
    "sellingGeneralAndAdministrativeExpenses": 6251000,
    "otherExpenses": 249004000,
    "operatingExpenses": 255255000,
    "costAndExpenses": 493789000,
    "interestIncome": 0,
    "interestExpense": 0,
    "depreciationAndAmortization": 237437000,
    "ebitda": -1070426000,
    "ebitdaratio": -2.1677801652,
    "operatingIncome": -1307863000,
    "operatingIncomeRatio": -2.6486272477,
    "totalOtherIncomeExpensesNet": 1325524000,
    "incomeBeforeTax": 17661000,
    "incomeBeforeTaxRatio": 0.0357662888,
    "incomeTaxExpense": 6779000,
    "netIncome": 10882000,
    "netIncomeRatio": 0.022037753,
    "eps": 0.0764,
    "epsdiluted": 0.0764,
    "weightedAverageShsOut": 142296000,
    "weightedAverageShsOutDil": 142460000,
    "link": "https://www.sec.gov/Archives/edgar/data/728535/000104746999008309/0001047469-99-008309-index.html",
    "finalLink": "https://www.sec.gov/Archives/edgar/data/728535/"
  },
  {
    "date": "1998-09-30",
    "symbol": "JBHT",
    "reportedCurrency": "USD",
    "cik": "0000728535",
    "fillingDate": "1998-11-12",
    "acceptedDate": "1998-11-12 00:00:00",
    "calendarYear": "1998",
    "period": "Q3",
    "revenue": 473388000,
    "costOfRevenue": 229202000,
    "grossProfit": 244186000,
    "grossProfitRatio": 0.5158263412,
    "researchAndDevelopmentExpenses": 0,
    "generalAndAdministrativeExpenses": 21296000,
    "sellingAndMarketingExpenses": 0,
    "sellingGeneralAndAdministrativeExpenses": 21296000,
    "otherExpenses": 222890000,
    "operatingExpenses": 244186000,
    "costAndExpenses": 473388000,
    "interestIncome": 0,
    "interestExpense": 0,
    "depreciationAndAmortization": -35655000,
    "ebitda": 204273000,
    "ebitdaratio": 0.4315128394,
    "operatingIncome": 168618000,
    "operatingIncomeRatio": 0.3561940734,
    "totalOtherIncomeExpensesNet": -151400000,
    "incomeBeforeTax": 17218000,
    "incomeBeforeTaxRatio": 0.0363718556,
    "incomeTaxExpense": 6371000,
    "netIncome": 10847000,
    "netIncomeRatio": 0.0229135508,
    "eps": 0.075,
    "epsdiluted": 0.075,
    "weightedAverageShsOut": 142388000,
    "weightedAverageShsOutDil": 146808000,
    "link": "https://www.sec.gov/Archives/edgar/data/728535/000104746998040206/0001047469-98-040206-index.html",
    "finalLink": "https://www.sec.gov/Archives/edgar/data/728535/"
  },
  {
    "date": "1998-06-30",
    "symbol": "JBHT",
    "reportedCurrency": "USD",
    "cik": "0000728535",
    "fillingDate": "1998-08-07",
    "acceptedDate": "1998-08-07 00:00:00",
    "calendarYear": "1998",
    "period": "Q2",
    "revenue": 460985000,
    "costOfRevenue": 219653000,
    "grossProfit": 241332000,
    "grossProfitRatio": 0.5235137803,
    "researchAndDevelopmentExpenses": 0,
    "generalAndAdministrativeExpenses": 17818000,
    "sellingAndMarketingExpenses": 0,
    "sellingGeneralAndAdministrativeExpenses": 17818000,
    "otherExpenses": 223514000,
    "operatingExpenses": 241332000,
    "costAndExpenses": 460985000,
    "interestIncome": 0,
    "interestExpense": 0,
    "depreciationAndAmortization": -33048000,
    "ebitda": 206154000,
    "ebitdaratio": 0.4472032713,
    "operatingIncome": 173106000,
    "operatingIncomeRatio": 0.375513303,
    "totalOtherIncomeExpensesNet": -148693000,
    "incomeBeforeTax": 24413000,
    "incomeBeforeTaxRatio": 0.0529583392,
    "incomeTaxExpense": 8789000,
    "netIncome": 15624000,
    "netIncomeRatio": 0.0338926429,
    "eps": 0.11,
    "epsdiluted": 0.11,
    "weightedAverageShsOut": 142044000,
    "weightedAverageShsOutDil": 147880000,
    "link": "https://www.sec.gov/Archives/edgar/data/728535/000104746998029781/0001047469-98-029781-index.html",
    "finalLink": "https://www.sec.gov/Archives/edgar/data/728535/"
  },
  {
    "date": "1998-03-31",
    "symbol": "JBHT",
    "reportedCurrency": "USD",
    "cik": "0000728535",
    "fillingDate": "1998-05-13",
    "acceptedDate": "1998-05-13 00:00:00",
    "calendarYear": "1998",
    "period": "Q1",
    "revenue": 413466000,
    "costOfRevenue": 200042000,
    "grossProfit": 213424000,
    "grossProfitRatio": 0.5161827091,
    "researchAndDevelopmentExpenses": 0,
    "generalAndAdministrativeExpenses": 15944000,
    "sellingAndMarketingExpenses": 0,
    "sellingGeneralAndAdministrativeExpenses": 15944000,
    "otherExpenses": 197480000,
    "operatingExpenses": 213424000,
    "costAndExpenses": 413466000,
    "interestIncome": 0,
    "interestExpense": 0,
    "depreciationAndAmortization": -32430000,
    "ebitda": 181509000,
    "ebitdaratio": 0.4389937746,
    "operatingIncome": 149079000,
    "operatingIncomeRatio": 0.3605592721,
    "totalOtherIncomeExpensesNet": -134027000,
    "incomeBeforeTax": 15052000,
    "incomeBeforeTaxRatio": 0.0364044444,
    "incomeTaxExpense": 5569000,
    "netIncome": 9483000,
    "netIncomeRatio": 0.0229353804,
    "eps": 0.0675,
    "epsdiluted": 0.065,
    "weightedAverageShsOut": 142452000,
    "weightedAverageShsOutDil": 146592000,
    "link": "https://www.sec.gov/Archives/edgar/data/728535/000104746998019532/0001047469-98-019532-index.html",
    "finalLink": "https://www.sec.gov/Archives/edgar/data/728535/"
  },
  {
    "date": "1997-12-31",
    "symbol": "JBHT",
    "reportedCurrency": "USD",
    "cik": "0000728535",
    "fillingDate": "1998-03-10",
    "acceptedDate": "1998-03-10 00:00:00",
    "calendarYear": "1997",
    "period": "Q4",
    "revenue": 415233000,
    "costOfRevenue": 206826000,
    "grossProfit": 208407000,
    "grossProfitRatio": 0.5019037504,
    "researchAndDevelopmentExpenses": 0,
    "generalAndAdministrativeExpenses": -653000,
    "sellingAndMarketingExpenses": 0,
    "sellingGeneralAndAdministrativeExpenses": -653000,
    "otherExpenses": 209060000,
    "operatingExpenses": 208407000,
    "costAndExpenses": 415233000,
    "interestIncome": 0,
    "interestExpense": 0,
    "depreciationAndAmortization": 228848000,
    "ebitda": -905563000,
    "ebitdaratio": -2.1808550862,
    "operatingIncome": -1134411000,
    "operatingIncomeRatio": -2.7319866196,
    "totalOtherIncomeExpensesNet": 1145719000,
    "incomeBeforeTax": 11308000,
    "incomeBeforeTaxRatio": 0.027232903,
    "incomeTaxExpense": 4297000,
    "netIncome": 7011000,
    "netIncomeRatio": 0.0168844962,
    "eps": 0.0492,
    "epsdiluted": 0.0492,
    "weightedAverageShsOut": 142452000,
    "weightedAverageShsOutDil": 142452000,
    "link": "https://www.sec.gov/Archives/edgar/data/728535/000104746998009249/0001047469-98-009249-index.html",
    "finalLink": "https://www.sec.gov/Archives/edgar/data/728535/"
  },
  {
    "date": "1997-09-30",
    "symbol": "JBHT",
    "reportedCurrency": "USD",
    "cik": "0000728535",
    "fillingDate": "1997-11-06",
    "acceptedDate": "1997-11-06 00:00:00",
    "calendarYear": "1997",
    "period": "Q3",
    "revenue": 388460000,
    "costOfRevenue": 197685000,
    "grossProfit": 190775000,
    "grossProfitRatio": 0.4911059054,
    "researchAndDevelopmentExpenses": 0,
    "generalAndAdministrativeExpenses": 18277000,
    "sellingAndMarketingExpenses": 0,
    "sellingGeneralAndAdministrativeExpenses": 18277000,
    "otherExpenses": 172498000,
    "operatingExpenses": 190775000,
    "costAndExpenses": 388460000,
    "interestIncome": 0,
    "interestExpense": 0,
    "depreciationAndAmortization": -31709000,
    "ebitda": 155398000,
    "ebitdaratio": 0.4000360397,
    "operatingIncome": 123689000,
    "operatingIncomeRatio": 0.3184085878,
    "totalOtherIncomeExpensesNet": -120589000,
    "incomeBeforeTax": 3100000,
    "incomeBeforeTaxRatio": 0.0079802296,
    "incomeTaxExpense": 1178000,
    "netIncome": 1922000,
    "netIncomeRatio": 0.0049477424,
    "eps": 0.0125,
    "epsdiluted": 0.0125,
    "weightedAverageShsOut": 145548000,
    "weightedAverageShsOutDil": 145548000,
    "link": "https://www.sec.gov/Archives/edgar/data/728535/000104746997002896/0001047469-97-002896-index.html",
    "finalLink": "https://www.sec.gov/Archives/edgar/data/728535/"
  },
  {
    "date": "1997-06-30",
    "symbol": "JBHT",
    "reportedCurrency": "USD",
    "cik": "0000728535",
    "fillingDate": "1997-08-11",
    "acceptedDate": "1997-08-11 00:00:00",
    "calendarYear": "1997",
    "period": "Q2",
    "revenue": 385198000,
    "costOfRevenue": 193742000,
    "grossProfit": 191456000,
    "grossProfitRatio": 0.4970326949,
    "researchAndDevelopmentExpenses": 0,
    "generalAndAdministrativeExpenses": 19179000,
    "sellingAndMarketingExpenses": 0,
    "sellingGeneralAndAdministrativeExpenses": 19179000,
    "otherExpenses": 172277000,
    "operatingExpenses": 191456000,
    "costAndExpenses": 385198000,
    "interestIncome": 0,
    "interestExpense": 0,
    "depreciationAndAmortization": -33228000,
    "ebitda": 154947000,
    "ebitdaratio": 0.4022528674,
    "operatingIncome": 121719000,
    "operatingIncomeRatio": 0.3159907372,
    "totalOtherIncomeExpensesNet": -118711000,
    "incomeBeforeTax": 3008000,
    "incomeBeforeTaxRatio": 0.007808971,
    "incomeTaxExpense": 1143000,
    "netIncome": 1865000,
    "netIncomeRatio": 0.0048416658,
    "eps": 0.0125,
    "epsdiluted": 0.0125,
    "weightedAverageShsOut": 145824000,
    "weightedAverageShsOutDil": 145824000,
    "link": "https://www.sec.gov/Archives/edgar/data/728535/000091205797026965/0000912057-97-026965-index.html",
    "finalLink": "https://www.sec.gov/Archives/edgar/data/728535/"
  },
  {
    "date": "1997-03-31",
    "symbol": "JBHT",
    "reportedCurrency": "USD",
    "cik": "0000728535",
    "fillingDate": "1997-05-13",
    "acceptedDate": "1997-05-13 00:00:00",
    "calendarYear": "1997",
    "period": "Q1",
    "revenue": 365401000,
    "costOfRevenue": 187096000,
    "grossProfit": 178305000,
    "grossProfitRatio": 0.4879707499,
    "researchAndDevelopmentExpenses": 0,
    "generalAndAdministrativeExpenses": 20326000,
    "sellingAndMarketingExpenses": 0,
    "sellingGeneralAndAdministrativeExpenses": 20326000,
    "otherExpenses": 157979000,
    "operatingExpenses": 178305000,
    "costAndExpenses": 365401000,
    "interestIncome": 0,
    "interestExpense": 0,
    "depreciationAndAmortization": -33250000,
    "ebitda": 141911000,
    "ebitdaratio": 0.3883705846,
    "operatingIncome": 108661000,
    "operatingIncomeRatio": 0.2973746651,
    "totalOtherIncomeExpensesNet": -107745000,
    "incomeBeforeTax": 916000,
    "incomeBeforeTaxRatio": 0.002506835,
    "incomeTaxExpense": 348000,
    "netIncome": 568000,
    "netIncomeRatio": 0.0015544566,
    "eps": 0.005,
    "epsdiluted": 0.005,
    "weightedAverageShsOut": 147000000,
    "weightedAverageShsOutDil": 147000000,
    "link": "https://www.sec.gov/Archives/edgar/data/728535/000091205797017143/0000912057-97-017143-index.html",
    "finalLink": "https://www.sec.gov/Archives/edgar/data/728535/"
  },
  {
    "date": "1996-12-31",
    "symbol": "JBHT",
    "reportedCurrency": "USD",
    "cik": "0000728535",
    "fillingDate": "1997-02-26",
    "acceptedDate": "1997-02-26 00:00:00",
    "calendarYear": "1996",
    "period": "Q4",
    "revenue": 381422000,
    "costOfRevenue": 195344000,
    "grossProfit": 186078000,
    "grossProfitRatio": 0.4878533488,
    "researchAndDevelopmentExpenses": 0,
    "generalAndAdministrativeExpenses": 5415000,
    "sellingAndMarketingExpenses": 0,
    "sellingGeneralAndAdministrativeExpenses": 5415000,
    "otherExpenses": 180663000,
    "operatingExpenses": 186078000,
    "costAndExpenses": 381422000,
    "interestIncome": 0,
    "interestExpense": 0,
    "depreciationAndAmortization": 217089000,
    "ebitda": -859534000,
    "ebitdaratio": -2.2534987494,
    "operatingIncome": -1076623000,
    "operatingIncomeRatio": -2.8226557461,
    "totalOtherIncomeExpensesNet": 1085274000,
    "incomeBeforeTax": 8651000,
    "incomeBeforeTaxRatio": 0.0226809151,
    "incomeTaxExpense": 3287000,
    "netIncome": 5364000,
    "netIncomeRatio": 0.0140631636,
    "eps": 0.0365,
    "epsdiluted": 0.0365,
    "weightedAverageShsOut": 147000000,
    "weightedAverageShsOutDil": 147000000,
    "link": "https://www.sec.gov/Archives/edgar/data/728535/000091205797006927/0000912057-97-006927-index.html",
    "finalLink": "https://www.sec.gov/Archives/edgar/data/728535/"
  },
  {
    "date": "1996-09-30",
    "symbol": "JBHT",
    "reportedCurrency": "USD",
    "cik": "0000728535",
    "fillingDate": "1996-11-12",
    "acceptedDate": "1996-11-12 00:00:00",
    "calendarYear": "1996",
    "period": "Q3",
    "revenue": 378739000,
    "costOfRevenue": 190279000,
    "grossProfit": 188460000,
    "grossProfitRatio": 0.4975986101,
    "researchAndDevelopmentExpenses": 0,
    "generalAndAdministrativeExpenses": 25249000,
    "sellingAndMarketingExpenses": 0,
    "sellingGeneralAndAdministrativeExpenses": 25249000,
    "otherExpenses": 163211000,
    "operatingExpenses": 188460000,
    "costAndExpenses": 378739000,
    "interestIncome": 0,
    "interestExpense": 0,
    "depreciationAndAmortization": -28147000,
    "ebitda": 146992000,
    "ebitdaratio": 0.3881089616,
    "operatingIncome": 118845000,
    "operatingIncomeRatio": 0.3137912916,
    "totalOtherIncomeExpensesNet": -107422000,
    "incomeBeforeTax": 11423000,
    "incomeBeforeTaxRatio": 0.0301606119,
    "incomeTaxExpense": 4341000,
    "netIncome": 7082000,
    "netIncomeRatio": 0.0186988929,
    "eps": 0.0475,
    "epsdiluted": 0.0475,
    "weightedAverageShsOut": 152380000,
    "weightedAverageShsOutDil": 152380000,
    "link": "https://www.sec.gov/Archives/edgar/data/728535/000091205796025603/0000912057-96-025603-index.html",
    "finalLink": "https://www.sec.gov/Archives/edgar/data/728535/"
  },
  {
    "date": "1996-06-30",
    "symbol": "JBHT",
    "reportedCurrency": "USD",
    "cik": "0000728535",
    "fillingDate": "1996-08-07",
    "acceptedDate": "1996-08-07 00:00:00",
    "calendarYear": "1996",
    "period": "Q2",
    "revenue": 372573000,
    "costOfRevenue": 182882000,
    "grossProfit": 189691000,
    "grossProfitRatio": 0.5091378066,
    "researchAndDevelopmentExpenses": 0,
    "generalAndAdministrativeExpenses": 31087000,
    "sellingAndMarketingExpenses": 0,
    "sellingGeneralAndAdministrativeExpenses": 31087000,
    "otherExpenses": 158604000,
    "operatingExpenses": 189691000,
    "costAndExpenses": 372573000,
    "interestIncome": 0,
    "interestExpense": 0,
    "depreciationAndAmortization": -29867000,
    "ebitda": 141819000,
    "ebitdaratio": 0.3806475509,
    "operatingIncome": 111952000,
    "operatingIncomeRatio": 0.3004833952,
    "totalOtherIncomeExpensesNet": -100878000,
    "incomeBeforeTax": 11074000,
    "incomeBeforeTaxRatio": 0.0297230341,
    "incomeTaxExpense": 4208000,
    "netIncome": 6866000,
    "netIncomeRatio": 0.0184286033,
    "eps": 0.045,
    "epsdiluted": 0.045,
    "weightedAverageShsOut": 152244000,
    "weightedAverageShsOutDil": 152244000,
    "link": "https://www.sec.gov/Archives/edgar/data/728535/000091205796016436/0000912057-96-016436-index.html",
    "finalLink": "https://www.sec.gov/Archives/edgar/data/728535/"
  },
  {
    "date": "1996-03-31",
    "symbol": "JBHT",
    "reportedCurrency": "USD",
    "cik": "0000728535",
    "fillingDate": "1996-05-14",
    "acceptedDate": "1996-05-14 00:00:00",
    "calendarYear": "1996",
    "period": "Q1",
    "revenue": 354014000,
    "costOfRevenue": 173868000,
    "grossProfit": 180146000,
    "grossProfitRatio": 0.508866881,
    "researchAndDevelopmentExpenses": 0,
    "generalAndAdministrativeExpenses": 25137000,
    "sellingAndMarketingExpenses": 0,
    "sellingGeneralAndAdministrativeExpenses": 25137000,
    "otherExpenses": 155009000,
    "operatingExpenses": 180146000,
    "costAndExpenses": 354014000,
    "interestIncome": 0,
    "interestExpense": 0,
    "depreciationAndAmortization": -34144000,
    "ebitda": 139573000,
    "ebitdaratio": 0.3942584192,
    "operatingIncome": 105429000,
    "operatingIncomeRatio": 0.2978102561,
    "totalOtherIncomeExpensesNet": -100908000,
    "incomeBeforeTax": 4521000,
    "incomeBeforeTaxRatio": 0.0127706814,
    "incomeTaxExpense": 1718000,
    "netIncome": 2803000,
    "netIncomeRatio": 0.007917766,
    "eps": 0.0175,
    "epsdiluted": 0.0175,
    "weightedAverageShsOut": 152296000,
    "weightedAverageShsOutDil": 152296000,
    "link": "https://www.sec.gov/Archives/edgar/data/728535/000091205796009455/0000912057-96-009455-index.html",
    "finalLink": "https://www.sec.gov/Archives/edgar/data/728535/"
  },
  {
    "date": "1995-12-31",
    "symbol": "JBHT",
    "reportedCurrency": "USD",
    "cik": "0000728535",
    "fillingDate": "1996-04-01",
    "acceptedDate": "1996-04-01 00:00:00",
    "calendarYear": "1995",
    "period": "Q4",
    "revenue": 358468000,
    "costOfRevenue": 174525000,
    "grossProfit": 183943000,
    "grossProfitRatio": 0.5131364585,
    "researchAndDevelopmentExpenses": 0,
    "generalAndAdministrativeExpenses": 12839000,
    "sellingAndMarketingExpenses": 0,
    "sellingGeneralAndAdministrativeExpenses": 12839000,
    "otherExpenses": 171104000,
    "operatingExpenses": 183943000,
    "costAndExpenses": 358468000,
    "interestIncome": 0,
    "interestExpense": 0,
    "depreciationAndAmortization": 227016000,
    "ebitda": -732930000,
    "ebitdaratio": -2.0446176507,
    "operatingIncome": -959946000,
    "operatingIncomeRatio": -2.6779126728,
    "totalOtherIncomeExpensesNet": 949213000,
    "incomeBeforeTax": -10733000,
    "incomeBeforeTaxRatio": -0.0299413058,
    "incomeTaxExpense": -3972000,
    "netIncome": -6761000,
    "netIncomeRatio": -0.0188608188,
    "eps": -0.0444,
    "epsdiluted": -0.0444,
    "weightedAverageShsOut": 152296000,
    "weightedAverageShsOutDil": 152296000,
    "link": "https://www.sec.gov/Archives/edgar/data/728535/000091205796005725/0000912057-96-005725-index.html",
    "finalLink": "https://www.sec.gov/Archives/edgar/data/728535/"
  },
  {
    "date": "1995-09-30",
    "symbol": "JBHT",
    "reportedCurrency": "USD",
    "cik": "0000728535",
    "fillingDate": "1995-11-01",
    "acceptedDate": "1995-11-01 00:00:00",
    "calendarYear": "1995",
    "period": "Q3",
    "revenue": 355114000,
    "costOfRevenue": 176218000,
    "grossProfit": 178896000,
    "grossProfitRatio": 0.5037706201,
    "researchAndDevelopmentExpenses": 0,
    "generalAndAdministrativeExpenses": 26663000,
    "sellingAndMarketingExpenses": 0,
    "sellingGeneralAndAdministrativeExpenses": 26663000,
    "otherExpenses": 152233000,
    "operatingExpenses": 178896000,
    "costAndExpenses": 355114000,
    "interestIncome": 0,
    "interestExpense": 0,
    "depreciationAndAmortization": -30973000,
    "ebitda": 133893000,
    "ebitdaratio": 0.3770423019,
    "operatingIncome": 102919000,
    "operatingIncomeRatio": 0.2898196072,
    "totalOtherIncomeExpensesNet": -99998000,
    "incomeBeforeTax": 2921000,
    "incomeBeforeTaxRatio": 0.0082255276,
    "incomeTaxExpense": 1081000,
    "netIncome": 1840000,
    "netIncomeRatio": 0.0051814347,
    "eps": 0.0125,
    "epsdiluted": 0.0125,
    "weightedAverageShsOut": 154676000,
    "weightedAverageShsOutDil": 154676000,
    "link": "https://www.sec.gov/Archives/edgar/data/728535/000091205795009236/0000912057-95-009236-index.html",
    "finalLink": "https://www.sec.gov/Archives/edgar/data/728535/"
  }
]