[
  {
    "date": "2025-06-30",
    "symbol": "JCI",
    "reportedCurrency": "USD",
    "cik": "0000833444",
    "fillingDate": "2025-08-06",
    "acceptedDate": "2025-08-06 10:34:51",
    "calendarYear": "2025",
    "period": "Q3",
    "revenue": 6052000000,
    "costOfRevenue": 3806000000,
    "grossProfit": 2246000000,
    "grossProfitRatio": 0.3711169861,
    "researchAndDevelopmentExpenses": 0,
    "generalAndAdministrativeExpenses": 0,
    "sellingAndMarketingExpenses": 0,
    "sellingGeneralAndAdministrativeExpenses": 1417000000,
    "otherExpenses": 0,
    "operatingExpenses": 1417000000,
    "costAndExpenses": 5223000000,
    "interestIncome": 0,
    "interestExpense": 77000000,
    "depreciationAndAmortization": 190000000,
    "ebitda": 972000000,
    "ebitdaratio": 0.1606080635,
    "operatingIncome": 829000000,
    "operatingIncomeRatio": 0.1369795109,
    "totalOtherIncomeExpensesNet": -124000000,
    "incomeBeforeTax": 705000000,
    "incomeBeforeTaxRatio": 0.1164904164,
    "incomeTaxExpense": 87000000,
    "netIncome": 701000000,
    "netIncomeRatio": 0.1158294779,
    "eps": 1.07,
    "epsdiluted": 1.07,
    "weightedAverageShsOut": 655400000,
    "weightedAverageShsOutDil": 657400000,
    "link": "https://www.sec.gov/Archives/edgar/data/833444/000083344425000063/0000833444-25-000063-index.htm",
    "finalLink": "https://www.sec.gov/Archives/edgar/data/833444/000083344425000063/jci-20250630.htm"
  },
  {
    "date": "2025-03-31",
    "symbol": "JCI",
    "reportedCurrency": "USD",
    "cik": "0000833444",
    "fillingDate": "2025-05-07",
    "acceptedDate": "2025-05-07 11:28:09",
    "calendarYear": "2025",
    "period": "Q2",
    "revenue": 5676000000,
    "costOfRevenue": 3607000000,
    "grossProfit": 2069000000,
    "grossProfitRatio": 0.3645172657,
    "researchAndDevelopmentExpenses": 0,
    "generalAndAdministrativeExpenses": 0,
    "sellingAndMarketingExpenses": 0,
    "sellingGeneralAndAdministrativeExpenses": 1428000000,
    "otherExpenses": 0,
    "operatingExpenses": 1428000000,
    "costAndExpenses": 5035000000,
    "interestIncome": 2000000,
    "interestExpense": 0,
    "depreciationAndAmortization": 202000000,
    "ebitda": 703000000,
    "ebitdaratio": 0.1238548273,
    "operatingIncome": 641000000,
    "operatingIncomeRatio": 0.112931642,
    "totalOtherIncomeExpensesNet": -140000000,
    "incomeBeforeTax": 501000000,
    "incomeBeforeTaxRatio": 0.0882663848,
    "incomeTaxExpense": 26000000,
    "netIncome": 478000000,
    "netIncomeRatio": 0.0842142354,
    "eps": 0.73,
    "epsdiluted": 0.72,
    "weightedAverageShsOut": 659100000,
    "weightedAverageShsOutDil": 661000000,
    "link": "https://www.sec.gov/Archives/edgar/data/833444/000083344425000032/0000833444-25-000032-index.htm",
    "finalLink": "https://www.sec.gov/Archives/edgar/data/833444/000083344425000032/jci-20250331.htm"
  },
  {
    "date": "2024-12-31",
    "symbol": "JCI",
    "reportedCurrency": "USD",
    "cik": "0000833444",
    "fillingDate": "2025-02-05",
    "acceptedDate": "2025-02-05 16:45:53",
    "calendarYear": "2025",
    "period": "Q1",
    "revenue": 5426000000,
    "costOfRevenue": 3494000000,
    "grossProfit": 1932000000,
    "grossProfitRatio": 0.3560633985,
    "researchAndDevelopmentExpenses": 0,
    "generalAndAdministrativeExpenses": 0,
    "sellingAndMarketingExpenses": 0,
    "sellingGeneralAndAdministrativeExpenses": 1401000000,
    "otherExpenses": 0,
    "operatingExpenses": 1401000000,
    "costAndExpenses": 4895000000,
    "interestIncome": 3000000,
    "interestExpense": 0,
    "depreciationAndAmortization": 193000000,
    "ebitda": 601000000,
    "ebitdaratio": 0.110762993,
    "operatingIncome": 531000000,
    "operatingIncomeRatio": 0.0978621452,
    "totalOtherIncomeExpensesNet": -123000000,
    "incomeBeforeTax": 408000000,
    "incomeBeforeTaxRatio": 0.0751935127,
    "incomeTaxExpense": 47000000,
    "netIncome": 419000000,
    "netIncomeRatio": 0.0772207888,
    "eps": 0.63,
    "epsdiluted": 0.63,
    "weightedAverageShsOut": 673800000,
    "weightedAverageShsOutDil": 676000000,
    "link": "https://www.sec.gov/Archives/edgar/data/833444/000083344425000011/0000833444-25-000011-index.htm",
    "finalLink": "https://www.sec.gov/Archives/edgar/data/833444/000083344425000011/jci-20241231.htm"
  },
  {
    "date": "2024-09-30",
    "symbol": "JCI",
    "reportedCurrency": "USD",
    "cik": "0000833444",
    "fillingDate": "2024-11-19",
    "acceptedDate": "2024-11-19 10:50:07",
    "calendarYear": "2024",
    "period": "Q4",
    "revenue": 6248000000,
    "costOfRevenue": 3986000000,
    "grossProfit": 2262000000,
    "grossProfitRatio": 0.3620358515,
    "researchAndDevelopmentExpenses": 0,
    "generalAndAdministrativeExpenses": 0,
    "sellingAndMarketingExpenses": 0,
    "sellingGeneralAndAdministrativeExpenses": 1368000000,
    "otherExpenses": 0,
    "operatingExpenses": 1368000000,
    "costAndExpenses": 5354000000,
    "interestIncome": 2000000,
    "interestExpense": 113000000,
    "depreciationAndAmortization": 192000000,
    "ebitda": 953000000,
    "ebitdaratio": 0.1525288092,
    "operatingIncome": 894000000,
    "operatingIncomeRatio": 0.1430857875,
    "totalOtherIncomeExpensesNet": -246000000,
    "incomeBeforeTax": 648000000,
    "incomeBeforeTaxRatio": 0.1037131882,
    "incomeTaxExpense": 110000000,
    "netIncome": 633000000,
    "netIncomeRatio": 0.10131242,
    "eps": 0.95,
    "epsdiluted": 0.95,
    "weightedAverageShsOut": 665300000,
    "weightedAverageShsOutDil": 668100000,
    "link": "https://www.sec.gov/Archives/edgar/data/833444/000083344424000064/0000833444-24-000064-index.htm",
    "finalLink": "https://www.sec.gov/Archives/edgar/data/833444/000083344424000064/jci-20240930.htm"
  },
  {
    "date": "2024-06-30",
    "symbol": "JCI",
    "reportedCurrency": "USD",
    "cik": "0000833444",
    "fillingDate": "2024-07-31",
    "acceptedDate": "2024-07-31 10:20:21",
    "calendarYear": "2024",
    "period": "Q3",
    "revenue": 7231000000,
    "costOfRevenue": 4743000000,
    "grossProfit": 2488000000,
    "grossProfitRatio": 0.3440741253,
    "researchAndDevelopmentExpenses": 0,
    "generalAndAdministrativeExpenses": 0,
    "sellingAndMarketingExpenses": 0,
    "sellingGeneralAndAdministrativeExpenses": 1088000000,
    "otherExpenses": 0,
    "operatingExpenses": 1088000000,
    "costAndExpenses": 5831000000,
    "interestIncome": 5000000,
    "interestExpense": 131000000,
    "depreciationAndAmortization": 220000000,
    "ebitda": 1630000000,
    "ebitdaratio": 0.2254183377,
    "operatingIncome": 1400000000,
    "operatingIncomeRatio": 0.1936108422,
    "totalOtherIncomeExpensesNet": -121000000,
    "incomeBeforeTax": 1279000000,
    "incomeBeforeTaxRatio": 0.1768773337,
    "incomeTaxExpense": 227000000,
    "netIncome": 975000000,
    "netIncomeRatio": 0.1348361223,
    "eps": 1.45,
    "epsdiluted": 1.45,
    "weightedAverageShsOut": 679000000,
    "weightedAverageShsOutDil": 679000000,
    "link": "https://www.sec.gov/Archives/edgar/data/833444/000083344424000052/0000833444-24-000052-index.htm",
    "finalLink": "https://www.sec.gov/Archives/edgar/data/833444/000083344424000052/jci-20240630.htm"
  },
  {
    "date": "2024-03-31",
    "symbol": "JCI",
    "reportedCurrency": "USD",
    "cik": "0000833444",
    "fillingDate": "2024-05-01",
    "acceptedDate": "2024-05-01 10:34:57",
    "calendarYear": "2024",
    "period": "Q2",
    "revenue": 5597000000,
    "costOfRevenue": 3674000000,
    "grossProfit": 1923000000,
    "grossProfitRatio": 0.3435769162,
    "researchAndDevelopmentExpenses": 0,
    "generalAndAdministrativeExpenses": 0,
    "sellingAndMarketingExpenses": 0,
    "sellingGeneralAndAdministrativeExpenses": 2065000000,
    "otherExpenses": 0,
    "operatingExpenses": 2065000000,
    "costAndExpenses": 5739000000,
    "interestIncome": 5000000,
    "interestExpense": 159000000,
    "depreciationAndAmortization": 215000000,
    "ebitda": -97000000,
    "ebitdaratio": -0.0173307129,
    "operatingIncome": -142000000,
    "operatingIncomeRatio": -0.0253707343,
    "totalOtherIncomeExpensesNet": -329000000,
    "incomeBeforeTax": -471000000,
    "incomeBeforeTaxRatio": -0.0841522244,
    "incomeTaxExpense": -153000000,
    "netIncome": -277000000,
    "netIncomeRatio": -0.0494907986,
    "eps": -0.41,
    "epsdiluted": -0.41,
    "weightedAverageShsOut": 679000000,
    "weightedAverageShsOutDil": 679000000,
    "link": "https://www.sec.gov/Archives/edgar/data/833444/000083344424000029/0000833444-24-000029-index.htm",
    "finalLink": "https://www.sec.gov/Archives/edgar/data/833444/000083344424000029/jci-20240331.htm"
  },
  {
    "date": "2023-12-31",
    "symbol": "JCI",
    "reportedCurrency": "USD",
    "cik": "0000833444",
    "fillingDate": "2024-01-30",
    "acceptedDate": "2024-01-30 13:38:58",
    "calendarYear": "2024",
    "period": "Q1",
    "revenue": 5209000000,
    "costOfRevenue": 3422000000,
    "grossProfit": 1787000000,
    "grossProfitRatio": 0.3430600883,
    "researchAndDevelopmentExpenses": 0,
    "generalAndAdministrativeExpenses": 0,
    "sellingAndMarketingExpenses": 0,
    "sellingGeneralAndAdministrativeExpenses": 1334000000,
    "otherExpenses": 0,
    "operatingExpenses": 1334000000,
    "costAndExpenses": 4756000000,
    "interestIncome": 5000000,
    "interestExpense": 64000000,
    "depreciationAndAmortization": 208000000,
    "ebitda": 592000000,
    "ebitdaratio": 0.1136494529,
    "operatingIncome": 453000000,
    "operatingIncomeRatio": 0.0869648685,
    "totalOtherIncomeExpensesNet": -133000000,
    "incomeBeforeTax": 320000000,
    "incomeBeforeTaxRatio": 0.0614321367,
    "incomeTaxExpense": -20000000,
    "netIncome": 374000000,
    "netIncomeRatio": 0.0717988098,
    "eps": 0.55,
    "epsdiluted": 0.55,
    "weightedAverageShsOut": 679000000,
    "weightedAverageShsOutDil": 679000000,
    "link": "https://www.sec.gov/Archives/edgar/data/833444/000083344424000011/0000833444-24-000011-index.htm",
    "finalLink": "https://www.sec.gov/Archives/edgar/data/833444/000083344424000011/jci-20231231.htm"
  },
  {
    "date": "2023-09-30",
    "symbol": "JCI",
    "reportedCurrency": "USD",
    "cik": "0000833444",
    "fillingDate": "2023-12-14",
    "acceptedDate": "2023-12-14 08:27:27",
    "calendarYear": "2023",
    "period": "Q4",
    "revenue": 5853000000,
    "costOfRevenue": 3873000000,
    "grossProfit": 1980000000,
    "grossProfitRatio": 0.3382880574,
    "researchAndDevelopmentExpenses": 0,
    "generalAndAdministrativeExpenses": 0,
    "sellingAndMarketingExpenses": 0,
    "sellingGeneralAndAdministrativeExpenses": 1309000000,
    "otherExpenses": 0,
    "operatingExpenses": 1309000000,
    "costAndExpenses": 5182000000,
    "interestIncome": 0,
    "interestExpense": 101000000,
    "depreciationAndAmortization": 202000000,
    "ebitda": 699000000,
    "ebitdaratio": 0.1194259354,
    "operatingIncome": 671000000,
    "operatingIncomeRatio": 0.1146420639,
    "totalOtherIncomeExpensesNet": -275000000,
    "incomeBeforeTax": 396000000,
    "incomeBeforeTaxRatio": 0.0676576115,
    "incomeTaxExpense": -92000000,
    "netIncome": 549000000,
    "netIncomeRatio": 0.0937980523,
    "eps": 0.81,
    "epsdiluted": 0.8,
    "weightedAverageShsOut": 679000000,
    "weightedAverageShsOutDil": 679000000,
    "link": "https://www.sec.gov/Archives/edgar/data/833444/000083344423000048/0000833444-23-000048-index.htm",
    "finalLink": "https://www.sec.gov/Archives/edgar/data/833444/000083344423000048/jci-20230930.htm"
  },
  {
    "date": "2023-06-30",
    "symbol": "JCI",
    "reportedCurrency": "USD",
    "cik": "0000833444",
    "fillingDate": "2023-08-02",
    "acceptedDate": "2023-08-02 11:10:20",
    "calendarYear": "2023",
    "period": "Q3",
    "revenue": 7133000000,
    "costOfRevenue": 4688000000,
    "grossProfit": 2445000000,
    "grossProfitRatio": 0.3427730268,
    "researchAndDevelopmentExpenses": 0,
    "generalAndAdministrativeExpenses": 0,
    "sellingAndMarketingExpenses": 0,
    "sellingGeneralAndAdministrativeExpenses": 1555000000,
    "otherExpenses": 0,
    "operatingExpenses": 1555000000,
    "costAndExpenses": 6243000000,
    "interestIncome": 10000000,
    "interestExpense": 38000000,
    "depreciationAndAmortization": 212000000,
    "ebitda": 1043000000,
    "ebitdaratio": 0.1462217861,
    "operatingIncome": 890000000,
    "operatingIncomeRatio": 0.1247721856,
    "totalOtherIncomeExpensesNet": -97000000,
    "incomeBeforeTax": 793000000,
    "incomeBeforeTaxRatio": 0.1111734193,
    "incomeTaxExpense": -329000000,
    "netIncome": 1049000000,
    "netIncomeRatio": 0.1470629469,
    "eps": 1.54,
    "epsdiluted": 1.53,
    "weightedAverageShsOut": 679000000,
    "weightedAverageShsOutDil": 679000000,
    "link": "https://www.sec.gov/Archives/edgar/data/833444/000083344423000030/0000833444-23-000030-index.htm",
    "finalLink": "https://www.sec.gov/Archives/edgar/data/833444/000083344423000030/jci-20230630.htm"
  },
  {
    "date": "2023-03-31",
    "symbol": "JCI",
    "reportedCurrency": "USD",
    "cik": "0000833444",
    "fillingDate": "2023-05-05",
    "acceptedDate": "2023-05-05 09:59:54",
    "calendarYear": "2023",
    "period": "Q2",
    "revenue": 6686000000,
    "costOfRevenue": 4432000000,
    "grossProfit": 2254000000,
    "grossProfitRatio": 0.3371223452,
    "researchAndDevelopmentExpenses": 0,
    "generalAndAdministrativeExpenses": 0,
    "sellingAndMarketingExpenses": 0,
    "sellingGeneralAndAdministrativeExpenses": 1579000000,
    "otherExpenses": 0,
    "operatingExpenses": 1579000000,
    "costAndExpenses": 6011000000,
    "interestIncome": 3000000,
    "interestExpense": 97000000,
    "depreciationAndAmortization": 206000000,
    "ebitda": 526000000,
    "ebitdaratio": 0.0786718516,
    "operatingIncome": 675000000,
    "operatingIncomeRatio": 0.1009572241,
    "totalOtherIncomeExpensesNet": -452000000,
    "incomeBeforeTax": 223000000,
    "incomeBeforeTaxRatio": 0.0333532755,
    "incomeTaxExpense": 49000000,
    "netIncome": 133000000,
    "netIncomeRatio": 0.0198923123,
    "eps": 0.19,
    "epsdiluted": 0.19,
    "weightedAverageShsOut": 689700000,
    "weightedAverageShsOutDil": 689700000,
    "link": "https://www.sec.gov/Archives/edgar/data/833444/000083344423000014/0000833444-23-000014-index.htm",
    "finalLink": "https://www.sec.gov/Archives/edgar/data/833444/000083344423000014/jci-20230331.htm"
  },
  {
    "date": "2022-12-31",
    "symbol": "JCI",
    "reportedCurrency": "USD",
    "cik": "0000833444",
    "fillingDate": "2023-02-01",
    "acceptedDate": "2023-02-01 11:30:18",
    "calendarYear": "2023",
    "period": "Q1",
    "revenue": 6068000000,
    "costOfRevenue": 3982000000,
    "grossProfit": 2086000000,
    "grossProfitRatio": 0.3437705999,
    "researchAndDevelopmentExpenses": 0,
    "generalAndAdministrativeExpenses": 0,
    "sellingAndMarketingExpenses": 0,
    "sellingGeneralAndAdministrativeExpenses": 1571000000,
    "otherExpenses": 0,
    "operatingExpenses": 1571000000,
    "costAndExpenses": 5553000000,
    "interestIncome": 4000000,
    "interestExpense": 158000000,
    "depreciationAndAmortization": 203000000,
    "ebitda": 531000000,
    "ebitdaratio": 0.0875082399,
    "operatingIncome": 515000000,
    "operatingIncomeRatio": 0.0848714568,
    "totalOtherIncomeExpensesNet": -345000000,
    "incomeBeforeTax": 170000000,
    "incomeBeforeTaxRatio": 0.0280158207,
    "incomeTaxExpense": 14000000,
    "netIncome": 118000000,
    "netIncomeRatio": 0.0194462755,
    "eps": 0.17,
    "epsdiluted": 0.17,
    "weightedAverageShsOut": 679000000,
    "weightedAverageShsOutDil": 679000000,
    "link": "https://www.sec.gov/Archives/edgar/data/833444/000083344423000005/0000833444-23-000005-index.htm",
    "finalLink": "https://www.sec.gov/Archives/edgar/data/833444/000083344423000005/jci-20221231.htm"
  },
  {
    "date": "2022-09-30",
    "symbol": "JCI",
    "reportedCurrency": "USD",
    "cik": "0000833444",
    "fillingDate": "2022-11-15",
    "acceptedDate": "2022-11-15 12:56:50",
    "calendarYear": "2022",
    "period": "Q4",
    "revenue": 6725000000,
    "costOfRevenue": 4434000000,
    "grossProfit": 2291000000,
    "grossProfitRatio": 0.340669145,
    "researchAndDevelopmentExpenses": 0,
    "generalAndAdministrativeExpenses": 0,
    "sellingAndMarketingExpenses": 0,
    "sellingGeneralAndAdministrativeExpenses": 1533000000,
    "otherExpenses": 0,
    "operatingExpenses": 1533000000,
    "costAndExpenses": 5967000000,
    "interestIncome": 1000000,
    "interestExpense": 84000000,
    "depreciationAndAmortization": 197000000,
    "ebitda": 887000000,
    "ebitdaratio": 0.1318959108,
    "operatingIncome": 758000000,
    "operatingIncomeRatio": 0.1127137546,
    "totalOtherIncomeExpensesNet": -152000000,
    "incomeBeforeTax": 606000000,
    "incomeBeforeTaxRatio": 0.0901115242,
    "incomeTaxExpense": -203000000,
    "netIncome": 761000000,
    "netIncomeRatio": 0.1131598513,
    "eps": 1.1,
    "epsdiluted": 1.1,
    "weightedAverageShsOut": 679000000,
    "weightedAverageShsOutDil": 679000000,
    "link": "https://www.sec.gov/Archives/edgar/data/833444/000083344422000043/0000833444-22-000043-index.htm",
    "finalLink": "https://www.sec.gov/Archives/edgar/data/833444/000083344422000043/jci-20220930.htm"
  },
  {
    "date": "2022-06-30",
    "symbol": "JCI",
    "reportedCurrency": "USD",
    "cik": "0000833444",
    "fillingDate": "2022-08-04",
    "acceptedDate": "2022-08-04 10:50:07",
    "calendarYear": "2022",
    "period": "Q3",
    "revenue": 6614000000,
    "costOfRevenue": 4425000000,
    "grossProfit": 2189000000,
    "grossProfitRatio": 0.3309646205,
    "researchAndDevelopmentExpenses": 0,
    "generalAndAdministrativeExpenses": 0,
    "sellingAndMarketingExpenses": 0,
    "sellingGeneralAndAdministrativeExpenses": 1585000000,
    "otherExpenses": 0,
    "operatingExpenses": 1585000000,
    "costAndExpenses": 6010000000,
    "interestIncome": 2000000,
    "interestExpense": 44000000,
    "depreciationAndAmortization": 201000000,
    "ebitda": 749000000,
    "ebitdaratio": 0.1132446326,
    "operatingIncome": 604000000,
    "operatingIncomeRatio": 0.0913214394,
    "totalOtherIncomeExpensesNet": -100000000,
    "incomeBeforeTax": 504000000,
    "incomeBeforeTaxRatio": 0.0762019958,
    "incomeTaxExpense": 61000000,
    "netIncome": 379000000,
    "netIncomeRatio": 0.0573026913,
    "eps": 0.55,
    "epsdiluted": 0.55,
    "weightedAverageShsOut": 679000000,
    "weightedAverageShsOutDil": 679000000,
    "link": "https://www.sec.gov/Archives/edgar/data/833444/000083344422000036/0000833444-22-000036-index.htm",
    "finalLink": "https://www.sec.gov/Archives/edgar/data/833444/000083344422000036/jci-20220630.htm"
  },
  {
    "date": "2022-03-31",
    "symbol": "JCI",
    "reportedCurrency": "USD",
    "cik": "0000833444",
    "fillingDate": "2022-05-04",
    "acceptedDate": "2022-05-04 11:54:41",
    "calendarYear": "2022",
    "period": "Q2",
    "revenue": 6098000000,
    "costOfRevenue": 4143000000,
    "grossProfit": 1955000000,
    "grossProfitRatio": 0.320596917,
    "researchAndDevelopmentExpenses": 0,
    "generalAndAdministrativeExpenses": 0,
    "sellingAndMarketingExpenses": 0,
    "sellingGeneralAndAdministrativeExpenses": 1448000000,
    "otherExpenses": 0,
    "operatingExpenses": 1448000000,
    "costAndExpenses": 5591000000,
    "interestIncome": 1000000,
    "interestExpense": 62000000,
    "depreciationAndAmortization": 208000000,
    "ebitda": 380000000,
    "ebitdaratio": 0.0623155133,
    "operatingIncome": 507000000,
    "operatingIncomeRatio": 0.0831420138,
    "totalOtherIncomeExpensesNet": -397000000,
    "incomeBeforeTax": 110000000,
    "incomeBeforeTaxRatio": 0.0180387012,
    "incomeTaxExpense": 58000000,
    "netIncome": 11000000,
    "netIncomeRatio": 0.0018038701,
    "eps": 0.0157,
    "epsdiluted": 0.0157,
    "weightedAverageShsOut": 679000000,
    "weightedAverageShsOutDil": 679000000,
    "link": "https://www.sec.gov/Archives/edgar/data/833444/000083344422000017/0000833444-22-000017-index.htm",
    "finalLink": "https://www.sec.gov/Archives/edgar/data/833444/000083344422000017/jci-20220331.htm"
  },
  {
    "date": "2021-12-31",
    "symbol": "JCI",
    "reportedCurrency": "USD",
    "cik": "0000833444",
    "fillingDate": "2022-02-02",
    "acceptedDate": "2022-02-02 10:48:59",
    "calendarYear": "2022",
    "period": "Q1",
    "revenue": 5862000000,
    "costOfRevenue": 3982000000,
    "grossProfit": 1880000000,
    "grossProfitRatio": 0.3207096554,
    "researchAndDevelopmentExpenses": 0,
    "generalAndAdministrativeExpenses": 0,
    "sellingAndMarketingExpenses": 0,
    "sellingGeneralAndAdministrativeExpenses": 1374000000,
    "otherExpenses": 0,
    "operatingExpenses": 1374000000,
    "costAndExpenses": 5356000000,
    "interestIncome": 2000000,
    "interestExpense": 147000000,
    "depreciationAndAmortization": 224000000,
    "ebitda": 861000000,
    "ebitdaratio": 0.1468781986,
    "operatingIncome": 506000000,
    "operatingIncomeRatio": 0.0863186626,
    "totalOtherIncomeExpensesNet": -16000000,
    "incomeBeforeTax": 490000000,
    "incomeBeforeTaxRatio": 0.0835892187,
    "incomeTaxExpense": 71000000,
    "netIncome": 381000000,
    "netIncomeRatio": 0.0649948823,
    "eps": 0.54,
    "epsdiluted": 0.54,
    "weightedAverageShsOut": 679000000,
    "weightedAverageShsOutDil": 679000000,
    "link": "https://www.sec.gov/Archives/edgar/data/833444/000083344422000005/0000833444-22-000005-index.htm",
    "finalLink": "https://www.sec.gov/Archives/edgar/data/833444/000083344422000005/jci-20211231.htm"
  },
  {
    "date": "2021-09-30",
    "symbol": "JCI",
    "reportedCurrency": "USD",
    "cik": "0000833444",
    "fillingDate": "2021-11-15",
    "acceptedDate": "2021-11-15 10:23:32",
    "calendarYear": "2021",
    "period": "Q4",
    "revenue": 6392000000,
    "costOfRevenue": 4199000000,
    "grossProfit": 2193000000,
    "grossProfitRatio": 0.3430851064,
    "researchAndDevelopmentExpenses": 0,
    "generalAndAdministrativeExpenses": 0,
    "sellingAndMarketingExpenses": 0,
    "sellingGeneralAndAdministrativeExpenses": 1342000000,
    "otherExpenses": 0,
    "operatingExpenses": 1342000000,
    "costAndExpenses": 5541000000,
    "interestIncome": 2000000,
    "interestExpense": 104000000,
    "depreciationAndAmortization": 218000000,
    "ebitda": 1128000000,
    "ebitdaratio": 0.1764705882,
    "operatingIncome": 851000000,
    "operatingIncomeRatio": 0.133135169,
    "totalOtherIncomeExpensesNet": -45000000,
    "incomeBeforeTax": 806000000,
    "incomeBeforeTaxRatio": 0.1260951189,
    "incomeTaxExpense": 490000000,
    "netIncome": 269000000,
    "netIncomeRatio": 0.0420838548,
    "eps": 0.41,
    "epsdiluted": 0.38,
    "weightedAverageShsOut": 679000000,
    "weightedAverageShsOutDil": 679000000,
    "link": "https://www.sec.gov/Archives/edgar/data/833444/000083344421000046/0000833444-21-000046-index.htm",
    "finalLink": "https://www.sec.gov/Archives/edgar/data/833444/000083344421000046/jci-20210930.htm"
  },
  {
    "date": "2021-06-30",
    "symbol": "JCI",
    "reportedCurrency": "USD",
    "cik": "0000833444",
    "fillingDate": "2021-07-30",
    "acceptedDate": "2021-07-30 11:21:32",
    "calendarYear": "2021",
    "period": "Q3",
    "revenue": 6341000000,
    "costOfRevenue": 4158000000,
    "grossProfit": 2183000000,
    "grossProfitRatio": 0.3442674657,
    "researchAndDevelopmentExpenses": 0,
    "generalAndAdministrativeExpenses": 0,
    "sellingAndMarketingExpenses": 0,
    "sellingGeneralAndAdministrativeExpenses": 1371000000,
    "otherExpenses": 0,
    "operatingExpenses": 1371000000,
    "costAndExpenses": 5529000000,
    "interestIncome": 1000000,
    "interestExpense": 45000000,
    "depreciationAndAmortization": 208000000,
    "ebitda": 1022000000,
    "ebitdaratio": 0.1611733165,
    "operatingIncome": 812000000,
    "operatingIncomeRatio": 0.1280555117,
    "totalOtherIncomeExpensesNet": -43000000,
    "incomeBeforeTax": 769000000,
    "incomeBeforeTaxRatio": 0.121274247,
    "incomeTaxExpense": 108000000,
    "netIncome": 574000000,
    "netIncomeRatio": 0.0905219997,
    "eps": 0.83,
    "epsdiluted": 0.8,
    "weightedAverageShsOut": 679000000,
    "weightedAverageShsOutDil": 719700000,
    "link": "https://www.sec.gov/Archives/edgar/data/833444/000083344421000040/0000833444-21-000040-index.htm",
    "finalLink": "https://www.sec.gov/Archives/edgar/data/833444/000083344421000040/jci-20210630.htm"
  },
  {
    "date": "2021-03-31",
    "symbol": "JCI",
    "reportedCurrency": "USD",
    "cik": "0000833444",
    "fillingDate": "2021-04-30",
    "acceptedDate": "2021-04-30 11:45:45",
    "calendarYear": "2021",
    "period": "Q2",
    "revenue": 5594000000,
    "costOfRevenue": 3652000000,
    "grossProfit": 1942000000,
    "grossProfitRatio": 0.3471576689,
    "researchAndDevelopmentExpenses": 0,
    "generalAndAdministrativeExpenses": 0,
    "sellingAndMarketingExpenses": 0,
    "sellingGeneralAndAdministrativeExpenses": 1271000000,
    "otherExpenses": 0,
    "operatingExpenses": 1271000000,
    "costAndExpenses": 4923000000,
    "interestIncome": 3000000,
    "interestExpense": 157000000,
    "depreciationAndAmortization": 212000000,
    "ebitda": 975000000,
    "ebitdaratio": 0.1742938863,
    "operatingIncome": 671000000,
    "operatingIncomeRatio": 0.1199499464,
    "totalOtherIncomeExpensesNet": -65000000,
    "incomeBeforeTax": 606000000,
    "incomeBeforeTaxRatio": 0.108330354,
    "incomeTaxExpense": 209000000,
    "netIncome": 343000000,
    "netIncomeRatio": 0.0613156954,
    "eps": 0.51,
    "epsdiluted": 0.48,
    "weightedAverageShsOut": 679000000,
    "weightedAverageShsOutDil": 721300000,
    "link": "https://www.sec.gov/Archives/edgar/data/833444/000083344421000020/0000833444-21-000020-index.htm",
    "finalLink": "https://www.sec.gov/Archives/edgar/data/833444/000083344421000020/jci-20210331.htm"
  },
  {
    "date": "2020-12-31",
    "symbol": "JCI",
    "reportedCurrency": "USD",
    "cik": "0000833444",
    "fillingDate": "2021-01-29",
    "acceptedDate": "2021-01-29 10:37:10",
    "calendarYear": "2021",
    "period": "Q1",
    "revenue": 5341000000,
    "costOfRevenue": 3620000000,
    "grossProfit": 1721000000,
    "grossProfitRatio": 0.3222243026,
    "researchAndDevelopmentExpenses": 0,
    "generalAndAdministrativeExpenses": 0,
    "sellingAndMarketingExpenses": 0,
    "sellingGeneralAndAdministrativeExpenses": 1300000000,
    "otherExpenses": 0,
    "operatingExpenses": 1300000000,
    "costAndExpenses": 4920000000,
    "interestIncome": 3000000,
    "interestExpense": 26000000,
    "depreciationAndAmortization": 207000000,
    "ebitda": 666000000,
    "ebitdaratio": 0.1246957499,
    "operatingIncome": 421000000,
    "operatingIncomeRatio": 0.0788241902,
    "totalOtherIncomeExpensesNet": 12000000,
    "incomeBeforeTax": 433000000,
    "incomeBeforeTaxRatio": 0.0810709605,
    "incomeTaxExpense": 61000000,
    "netIncome": 451000000,
    "netIncomeRatio": 0.0844411159,
    "eps": 0.65,
    "epsdiluted": 0.62,
    "weightedAverageShsOut": 679000000,
    "weightedAverageShsOutDil": 726500000,
    "link": "https://www.sec.gov/Archives/edgar/data/833444/000083344421000011/0000833444-21-000011-index.htm",
    "finalLink": "https://www.sec.gov/Archives/edgar/data/833444/000083344421000011/jci-20201231.htm"
  },
  {
    "date": "2020-09-30",
    "symbol": "JCI",
    "reportedCurrency": "USD",
    "cik": "0000833444",
    "fillingDate": "2020-11-16",
    "acceptedDate": "2020-11-16 09:57:25",
    "calendarYear": "2020",
    "period": "Q4",
    "revenue": 5954000000,
    "costOfRevenue": 3973000000,
    "grossProfit": 1981000000,
    "grossProfitRatio": 0.3327175008,
    "researchAndDevelopmentExpenses": 0,
    "generalAndAdministrativeExpenses": 0,
    "sellingAndMarketingExpenses": 0,
    "sellingGeneralAndAdministrativeExpenses": 1463000000,
    "otherExpenses": 0,
    "operatingExpenses": 1463000000,
    "costAndExpenses": 5436000000,
    "interestIncome": 2000000,
    "interestExpense": 85000000,
    "depreciationAndAmortization": 206000000,
    "ebitda": 812000000,
    "ebitdaratio": 0.1363789049,
    "operatingIncome": 518000000,
    "operatingIncomeRatio": 0.0870003359,
    "totalOtherIncomeExpensesNet": 3000000,
    "incomeBeforeTax": 521000000,
    "incomeBeforeTaxRatio": 0.0875041989,
    "incomeTaxExpense": 31000000,
    "netIncome": 441000000,
    "netIncomeRatio": 0.0740678535,
    "eps": 0.6,
    "epsdiluted": 0.6,
    "weightedAverageShsOut": 735200000,
    "weightedAverageShsOutDil": 738100000,
    "link": "https://www.sec.gov/Archives/edgar/data/833444/000083344420000048/0000833444-20-000048-index.htm",
    "finalLink": "https://www.sec.gov/Archives/edgar/data/833444/000083344420000048/jci-20200930.htm"
  },
  {
    "date": "2020-06-30",
    "symbol": "JCI",
    "reportedCurrency": "USD",
    "cik": "0000833444",
    "fillingDate": "2020-07-31",
    "acceptedDate": "2020-07-31 14:20:33",
    "calendarYear": "2020",
    "period": "Q3",
    "revenue": 5343000000,
    "costOfRevenue": 3507000000,
    "grossProfit": 1836000000,
    "grossProfitRatio": 0.3436271757,
    "researchAndDevelopmentExpenses": 0,
    "generalAndAdministrativeExpenses": 0,
    "sellingAndMarketingExpenses": 0,
    "sellingGeneralAndAdministrativeExpenses": 1344000000,
    "otherExpenses": 0,
    "operatingExpenses": 1344000000,
    "costAndExpenses": 4851000000,
    "interestIncome": 3000000,
    "interestExpense": 85000000,
    "depreciationAndAmortization": 202000000,
    "ebitda": 164000000,
    "ebitdaratio": 0.0306943665,
    "operatingIncome": 492000000,
    "operatingIncomeRatio": 0.0920830994,
    "totalOtherIncomeExpensesNet": -615000000,
    "incomeBeforeTax": -123000000,
    "incomeBeforeTaxRatio": -0.0230207748,
    "incomeTaxExpense": -1000000,
    "netIncome": -182000000,
    "netIncomeRatio": -0.0340632603,
    "eps": -0.25,
    "epsdiluted": -0.25,
    "weightedAverageShsOut": 679000000,
    "weightedAverageShsOutDil": 744000000,
    "link": "https://www.sec.gov/Archives/edgar/data/833444/000083344420000036/0000833444-20-000036-index.htm",
    "finalLink": "https://www.sec.gov/Archives/edgar/data/833444/000083344420000036/jci-20200630.htm"
  },
  {
    "date": "2020-03-31",
    "symbol": "JCI",
    "reportedCurrency": "USD",
    "cik": "0000833444",
    "fillingDate": "2020-05-01",
    "acceptedDate": "2020-05-01 11:06:09",
    "calendarYear": "2020",
    "period": "Q2",
    "revenue": 5444000000,
    "costOfRevenue": 3649000000,
    "grossProfit": 1795000000,
    "grossProfitRatio": 0.3297207935,
    "researchAndDevelopmentExpenses": 0,
    "generalAndAdministrativeExpenses": 0,
    "sellingAndMarketingExpenses": 0,
    "sellingGeneralAndAdministrativeExpenses": 1431000000,
    "otherExpenses": 0,
    "operatingExpenses": 1431000000,
    "costAndExpenses": 5080000000,
    "interestIncome": 5000000,
    "interestExpense": 57000000,
    "depreciationAndAmortization": 207000000,
    "ebitda": 513000000,
    "ebitdaratio": 0.0942321822,
    "operatingIncome": 364000000,
    "operatingIncomeRatio": 0.066862601,
    "totalOtherIncomeExpensesNet": -115000000,
    "incomeBeforeTax": 249000000,
    "incomeBeforeTaxRatio": 0.0457384276,
    "incomeTaxExpense": 13000000,
    "netIncome": 213000000,
    "netIncomeRatio": 0.0391256429,
    "eps": 0.28,
    "epsdiluted": 0.28,
    "weightedAverageShsOut": 754800000,
    "weightedAverageShsOutDil": 757100000,
    "link": "https://www.sec.gov/Archives/edgar/data/833444/000083344420000015/0000833444-20-000015-index.htm",
    "finalLink": "https://www.sec.gov/Archives/edgar/data/833444/000083344420000015/q2fy2010-q.htm"
  },
  {
    "date": "2019-12-31",
    "symbol": "JCI",
    "reportedCurrency": "USD",
    "cik": "0000833444",
    "fillingDate": "2020-01-31",
    "acceptedDate": "2020-01-31 10:44:53",
    "calendarYear": "2020",
    "period": "Q1",
    "revenue": 5576000000,
    "costOfRevenue": 3771000000,
    "grossProfit": 1805000000,
    "grossProfitRatio": 0.3237087518,
    "researchAndDevelopmentExpenses": 0,
    "generalAndAdministrativeExpenses": 0,
    "sellingAndMarketingExpenses": 0,
    "sellingGeneralAndAdministrativeExpenses": 1423000000,
    "otherExpenses": 0,
    "operatingExpenses": 1423000000,
    "costAndExpenses": 5194000000,
    "interestIncome": 13000000,
    "interestExpense": 126000000,
    "depreciationAndAmortization": 207000000,
    "ebitda": 589000000,
    "ebitdaratio": 0.1056312769,
    "operatingIncome": 382000000,
    "operatingIncomeRatio": 0.068507891,
    "totalOtherIncomeExpensesNet": -126000000,
    "incomeBeforeTax": 256000000,
    "incomeBeforeTaxRatio": 0.0459110473,
    "incomeTaxExpense": 65000000,
    "netIncome": 159000000,
    "netIncomeRatio": 0.0285150646,
    "eps": 0.21,
    "epsdiluted": 0.21,
    "weightedAverageShsOut": 769900000,
    "weightedAverageShsOutDil": 774000000,
    "link": "https://www.sec.gov/Archives/edgar/data/833444/000083344420000006/0000833444-20-000006-index.htm",
    "finalLink": "https://www.sec.gov/Archives/edgar/data/833444/000083344420000006/q1fy2010-q.htm"
  },
  {
    "date": "2019-09-30",
    "symbol": "JCI",
    "reportedCurrency": "USD",
    "cik": "0000833444",
    "fillingDate": "2019-11-21",
    "acceptedDate": "2019-11-21 12:14:20",
    "calendarYear": "2019",
    "period": "Q4",
    "revenue": 6274000000,
    "costOfRevenue": 4294000000,
    "grossProfit": 1980000000,
    "grossProfitRatio": 0.3155881415,
    "researchAndDevelopmentExpenses": 0,
    "generalAndAdministrativeExpenses": 0,
    "sellingAndMarketingExpenses": 0,
    "sellingGeneralAndAdministrativeExpenses": 1964000000,
    "otherExpenses": 0,
    "operatingExpenses": 1964000000,
    "costAndExpenses": 6258000000,
    "interestIncome": 20000000,
    "interestExpense": 56000000,
    "depreciationAndAmortization": 200000000,
    "ebitda": 283000000,
    "ebitdaratio": 0.0451067899,
    "operatingIncome": 16000000,
    "operatingIncomeRatio": 0.0025502072,
    "totalOtherIncomeExpensesNet": 11000000,
    "incomeBeforeTax": 27000000,
    "incomeBeforeTaxRatio": 0.0043034747,
    "incomeTaxExpense": -627000000,
    "netIncome": 612000000,
    "netIncomeRatio": 0.0975454256,
    "eps": 0.79,
    "epsdiluted": 0.78,
    "weightedAverageShsOut": 784615384,
    "weightedAverageShsOutDil": 791700000,
    "link": "https://www.sec.gov/Archives/edgar/data/833444/000083344419000051/0000833444-19-000051-index.htm",
    "finalLink": "https://www.sec.gov/Archives/edgar/data/833444/000083344419000051/jciplc201910-k.htm"
  },
  {
    "date": "2019-06-30",
    "symbol": "JCI",
    "reportedCurrency": "USD",
    "cik": "0000833444",
    "fillingDate": "2019-08-01",
    "acceptedDate": "2019-08-01 10:49:58",
    "calendarYear": "2019",
    "period": "Q3",
    "revenue": 6451000000,
    "costOfRevenue": 4306000000,
    "grossProfit": 2145000000,
    "grossProfitRatio": 0.3325065881,
    "researchAndDevelopmentExpenses": 0,
    "generalAndAdministrativeExpenses": 0,
    "sellingAndMarketingExpenses": 0,
    "sellingGeneralAndAdministrativeExpenses": 1395000000,
    "otherExpenses": 0,
    "operatingExpenses": 1395000000,
    "costAndExpenses": 5701000000,
    "interestIncome": 28000000,
    "interestExpense": 70000000,
    "depreciationAndAmortization": 203000000,
    "ebitda": 737000000,
    "ebitdaratio": 0.1142458534,
    "operatingIncome": 750000000,
    "operatingIncomeRatio": 0.1162610448,
    "totalOtherIncomeExpensesNet": -286000000,
    "incomeBeforeTax": 464000000,
    "incomeBeforeTaxRatio": 0.071926833,
    "incomeTaxExpense": 239000000,
    "netIncome": -1008000000,
    "netIncomeRatio": -0.1562548442,
    "eps": -1.1574,
    "epsdiluted": -1.1574,
    "weightedAverageShsOut": 870900000,
    "weightedAverageShsOutDil": 870900000,
    "link": "https://www.sec.gov/Archives/edgar/data/833444/000083344419000041/0000833444-19-000041-index.htm",
    "finalLink": "https://www.sec.gov/Archives/edgar/data/833444/000083344419000041/q3fy1910-q.htm"
  },
  {
    "date": "2019-03-31",
    "symbol": "JCI",
    "reportedCurrency": "USD",
    "cik": "0000833444",
    "fillingDate": "2019-05-03",
    "acceptedDate": "2019-05-03 10:47:16",
    "calendarYear": "2019",
    "period": "Q2",
    "revenue": 5779000000,
    "costOfRevenue": 3934000000,
    "grossProfit": 1845000000,
    "grossProfitRatio": 0.3192593874,
    "researchAndDevelopmentExpenses": 0,
    "generalAndAdministrativeExpenses": 0,
    "sellingAndMarketingExpenses": 0,
    "sellingGeneralAndAdministrativeExpenses": 1470000000,
    "otherExpenses": 0,
    "operatingExpenses": 1470000000,
    "costAndExpenses": 5404000000,
    "interestIncome": 6000000,
    "interestExpense": 104000000,
    "depreciationAndAmortization": 211000000,
    "ebitda": 636000000,
    "ebitdaratio": 0.1100536425,
    "operatingIncome": 375000000,
    "operatingIncomeRatio": 0.0648901194,
    "totalOtherIncomeExpensesNet": -54000000,
    "incomeBeforeTax": 321000000,
    "incomeBeforeTaxRatio": 0.0555459422,
    "incomeTaxExpense": 47000000,
    "netIncome": 515000000,
    "netIncomeRatio": 0.089115764,
    "eps": 0.57,
    "epsdiluted": 0.57,
    "weightedAverageShsOut": 902500000,
    "weightedAverageShsOutDil": 905900000,
    "link": "https://www.sec.gov/Archives/edgar/data/833444/000083344419000022/0000833444-19-000022-index.htm",
    "finalLink": "https://www.sec.gov/Archives/edgar/data/833444/000083344419000022/q2fy1910-q.htm"
  },
  {
    "date": "2018-12-31",
    "symbol": "JCI",
    "reportedCurrency": "USD",
    "cik": "0000833444",
    "fillingDate": "2019-02-01",
    "acceptedDate": "2019-02-01 11:27:28",
    "calendarYear": "2019",
    "period": "Q1",
    "revenue": 5464000000,
    "costOfRevenue": 3745000000,
    "grossProfit": 1719000000,
    "grossProfitRatio": 0.3146046852,
    "researchAndDevelopmentExpenses": 0,
    "generalAndAdministrativeExpenses": 0,
    "sellingAndMarketingExpenses": 0,
    "sellingGeneralAndAdministrativeExpenses": 1429000000,
    "otherExpenses": 0,
    "operatingExpenses": 1429000000,
    "costAndExpenses": 5174000000,
    "interestIncome": 7000000,
    "interestExpense": 76000000,
    "depreciationAndAmortization": 211000000,
    "ebitda": 531000000,
    "ebitdaratio": 0.097181552,
    "operatingIncome": 290000000,
    "operatingIncomeRatio": 0.0530746706,
    "totalOtherIncomeExpensesNet": -46000000,
    "incomeBeforeTax": 244000000,
    "incomeBeforeTaxRatio": 0.0446559297,
    "incomeTaxExpense": 108000000,
    "netIncome": 355000000,
    "netIncomeRatio": 0.0649707174,
    "eps": 0.39,
    "epsdiluted": 0.39,
    "weightedAverageShsOut": 921600000,
    "weightedAverageShsOutDil": 925200000,
    "link": "https://www.sec.gov/Archives/edgar/data/833444/000083344419000005/0000833444-19-000005-index.htm",
    "finalLink": "https://www.sec.gov/Archives/edgar/data/833444/000083344419000005/q1fy1910-q.htm"
  },
  {
    "date": "2018-09-30",
    "symbol": "JCI",
    "reportedCurrency": "USD",
    "cik": "0000833444",
    "fillingDate": "2018-11-20",
    "acceptedDate": "2018-11-20 12:08:04",
    "calendarYear": "2018",
    "period": "Q4",
    "revenue": 6183000000,
    "costOfRevenue": 4120000000,
    "grossProfit": 2063000000,
    "grossProfitRatio": 0.3336568009,
    "researchAndDevelopmentExpenses": 0,
    "generalAndAdministrativeExpenses": 0,
    "sellingAndMarketingExpenses": 0,
    "sellingGeneralAndAdministrativeExpenses": 1396000000,
    "otherExpenses": 0,
    "operatingExpenses": 1396000000,
    "costAndExpenses": 5516000000,
    "interestIncome": 0,
    "interestExpense": 180000000,
    "depreciationAndAmortization": 175000000,
    "ebitda": 870000000,
    "ebitdaratio": 0.140708394,
    "operatingIncome": 667000000,
    "operatingIncomeRatio": 0.1078764354,
    "totalOtherIncomeExpensesNet": -152000000,
    "incomeBeforeTax": 515000000,
    "incomeBeforeTaxRatio": 0.0832928999,
    "incomeTaxExpense": -117000000,
    "netIncome": 771000000,
    "netIncomeRatio": 0.1246967492,
    "eps": 0.84,
    "epsdiluted": 0.83,
    "weightedAverageShsOut": 679000000,
    "weightedAverageShsOutDil": 679000000,
    "link": "https://www.sec.gov/Archives/edgar/data/833444/000083344418000053/0000833444-18-000053-index.htm",
    "finalLink": "https://www.sec.gov/Archives/edgar/data/833444/000083344418000053/jciplc201810-k.htm"
  },
  {
    "date": "2018-06-30",
    "symbol": "JCI",
    "reportedCurrency": "USD",
    "cik": "0000833444",
    "fillingDate": "2018-08-02",
    "acceptedDate": "2018-08-02 11:01:42",
    "calendarYear": "2018",
    "period": "Q3",
    "revenue": 6282000000,
    "costOfRevenue": 4192000000,
    "grossProfit": 2090000000,
    "grossProfitRatio": 0.3326965934,
    "researchAndDevelopmentExpenses": 0,
    "generalAndAdministrativeExpenses": 0,
    "sellingAndMarketingExpenses": 0,
    "sellingGeneralAndAdministrativeExpenses": 1438000000,
    "otherExpenses": 0,
    "operatingExpenses": 1438000000,
    "costAndExpenses": 5630000000,
    "interestIncome": 5000000,
    "interestExpense": 82000000,
    "depreciationAndAmortization": 227000000,
    "ebitda": 916000000,
    "ebitdaratio": 0.1458134352,
    "operatingIncome": 652000000,
    "operatingIncomeRatio": 0.1037886024,
    "totalOtherIncomeExpensesNet": -45000000,
    "incomeBeforeTax": 607000000,
    "incomeBeforeTaxRatio": 0.0966252786,
    "incomeTaxExpense": 61000000,
    "netIncome": 723000000,
    "netIncomeRatio": 0.1150907354,
    "eps": 0.79,
    "epsdiluted": 0.78,
    "weightedAverageShsOut": 679000000,
    "weightedAverageShsOutDil": 679000000,
    "link": "https://www.sec.gov/Archives/edgar/data/833444/000083344418000044/0000833444-18-000044-index.htm",
    "finalLink": "https://www.sec.gov/Archives/edgar/data/833444/000083344418000044/q3fy1810-q.htm"
  },
  {
    "date": "2018-03-31",
    "symbol": "JCI",
    "reportedCurrency": "USD",
    "cik": "0000833444",
    "fillingDate": "2018-05-03",
    "acceptedDate": "2018-05-03 12:06:23",
    "calendarYear": "2018",
    "period": "Q2",
    "revenue": 5630000000,
    "costOfRevenue": 3806000000,
    "grossProfit": 1824000000,
    "grossProfitRatio": 0.3239786856,
    "researchAndDevelopmentExpenses": 0,
    "generalAndAdministrativeExpenses": 0,
    "sellingAndMarketingExpenses": 0,
    "sellingGeneralAndAdministrativeExpenses": 1485000000,
    "otherExpenses": 0,
    "operatingExpenses": 1485000000,
    "costAndExpenses": 5291000000,
    "interestIncome": 1000000,
    "interestExpense": 107000000,
    "depreciationAndAmortization": 212000000,
    "ebitda": 573000000,
    "ebitdaratio": 0.1017761989,
    "operatingIncome": 339000000,
    "operatingIncomeRatio": 0.0602131439,
    "totalOtherIncomeExpensesNet": -85000000,
    "incomeBeforeTax": 254000000,
    "incomeBeforeTaxRatio": 0.0451154529,
    "incomeTaxExpense": 36000000,
    "netIncome": 438000000,
    "netIncomeRatio": 0.0777975133,
    "eps": 0.48,
    "epsdiluted": 0.2,
    "weightedAverageShsOut": 679000000,
    "weightedAverageShsOutDil": 679000000,
    "link": "https://www.sec.gov/Archives/edgar/data/833444/000083344418000021/0000833444-18-000021-index.htm",
    "finalLink": "https://www.sec.gov/Archives/edgar/data/833444/000083344418000021/q2fy1810-q.htm"
  },
  {
    "date": "2017-12-31",
    "symbol": "JCI",
    "reportedCurrency": "USD",
    "cik": "0000833444",
    "fillingDate": "2018-02-02",
    "acceptedDate": "2018-02-02 10:41:07",
    "calendarYear": "2018",
    "period": "Q1",
    "revenue": 5305000000,
    "costOfRevenue": 3601000000,
    "grossProfit": 1704000000,
    "grossProfitRatio": 0.321206409,
    "researchAndDevelopmentExpenses": 0,
    "generalAndAdministrativeExpenses": 0,
    "sellingAndMarketingExpenses": 0,
    "sellingGeneralAndAdministrativeExpenses": 1431000000,
    "otherExpenses": 0,
    "operatingExpenses": 1431000000,
    "costAndExpenses": 5032000000,
    "interestIncome": 7000000,
    "interestExpense": 112000000,
    "depreciationAndAmortization": 210000000,
    "ebitda": 492000000,
    "ebitdaratio": 0.0927426956,
    "operatingIncome": 273000000,
    "operatingIncomeRatio": 0.051460886,
    "totalOtherIncomeExpensesNet": -103000000,
    "incomeBeforeTax": 170000000,
    "incomeBeforeTaxRatio": 0.0320452403,
    "incomeTaxExpense": 217000000,
    "netIncome": 230000000,
    "netIncomeRatio": 0.0433553252,
    "eps": 0.26,
    "epsdiluted": 0.25,
    "weightedAverageShsOut": 679000000,
    "weightedAverageShsOutDil": 679000000,
    "link": "https://www.sec.gov/Archives/edgar/data/833444/000083344418000008/0000833444-18-000008-index.htm",
    "finalLink": "https://www.sec.gov/Archives/edgar/data/833444/000083344418000008/q1fy1810-q.htm"
  },
  {
    "date": "2017-09-30",
    "symbol": "JCI",
    "reportedCurrency": "USD",
    "cik": "0000833444",
    "fillingDate": "2017-11-21",
    "acceptedDate": "2017-11-21 14:05:21",
    "calendarYear": "2017",
    "period": "Q4",
    "revenue": 8136000000,
    "costOfRevenue": 5625000000,
    "grossProfit": 2511000000,
    "grossProfitRatio": 0.3086283186,
    "researchAndDevelopmentExpenses": 0,
    "generalAndAdministrativeExpenses": 0,
    "sellingAndMarketingExpenses": 0,
    "sellingGeneralAndAdministrativeExpenses": 1248000000,
    "otherExpenses": 0,
    "operatingExpenses": 1248000000,
    "costAndExpenses": 6873000000,
    "interestIncome": 3000000,
    "interestExpense": 75000000,
    "depreciationAndAmortization": 269000000,
    "ebitda": 1406000000,
    "ebitdaratio": 0.1728121927,
    "operatingIncome": 1263000000,
    "operatingIncomeRatio": 0.1552359882,
    "totalOtherIncomeExpensesNet": -201000000,
    "incomeBeforeTax": 1062000000,
    "incomeBeforeTaxRatio": 0.1305309735,
    "incomeTaxExpense": 135000000,
    "netIncome": 875000000,
    "netIncomeRatio": 0.107546706,
    "eps": 0.98,
    "epsdiluted": 0.97,
    "weightedAverageShsOut": 679000000,
    "weightedAverageShsOutDil": 679000000,
    "link": "https://www.sec.gov/Archives/edgar/data/833444/000083344417000060/0000833444-17-000060-index.htm",
    "finalLink": "https://www.sec.gov/Archives/edgar/data/833444/000083344417000060/jciplc201710-k.htm"
  },
  {
    "date": "2017-06-30",
    "symbol": "JCI",
    "reportedCurrency": "USD",
    "cik": "0000833444",
    "fillingDate": "2017-08-03",
    "acceptedDate": "2017-08-03 10:16:30",
    "calendarYear": "2017",
    "period": "Q3",
    "revenue": 7683000000,
    "costOfRevenue": 5259000000,
    "grossProfit": 2424000000,
    "grossProfitRatio": 0.3155017571,
    "researchAndDevelopmentExpenses": 0,
    "generalAndAdministrativeExpenses": 0,
    "sellingAndMarketingExpenses": 0,
    "sellingGeneralAndAdministrativeExpenses": 1611000000,
    "otherExpenses": 0,
    "operatingExpenses": 1611000000,
    "costAndExpenses": 6870000000,
    "interestIncome": 4000000,
    "interestExpense": 180000000,
    "depreciationAndAmortization": 281000000,
    "ebitda": 1179000000,
    "ebitdaratio": 0.1534556814,
    "operatingIncome": 813000000,
    "operatingIncomeRatio": 0.1058180398,
    "totalOtherIncomeExpensesNet": -95000000,
    "incomeBeforeTax": 718000000,
    "incomeBeforeTaxRatio": 0.0934530782,
    "incomeTaxExpense": 89000000,
    "netIncome": 555000000,
    "netIncomeRatio": 0.0722374073,
    "eps": 0.59,
    "epsdiluted": 0.59,
    "weightedAverageShsOut": 679000000,
    "weightedAverageShsOutDil": 679000000,
    "link": "https://www.sec.gov/Archives/edgar/data/833444/000083344417000044/0000833444-17-000044-index.htm",
    "finalLink": "https://www.sec.gov/Archives/edgar/data/833444/000083344417000044/q3fy1710-q.htm"
  },
  {
    "date": "2017-03-31",
    "symbol": "JCI",
    "reportedCurrency": "USD",
    "cik": "0000833444",
    "fillingDate": "2017-05-04",
    "acceptedDate": "2017-05-04 10:57:37",
    "calendarYear": "2017",
    "period": "Q2",
    "revenue": 7267000000,
    "costOfRevenue": 4999000000,
    "grossProfit": 2268000000,
    "grossProfitRatio": 0.3120957754,
    "researchAndDevelopmentExpenses": 0,
    "generalAndAdministrativeExpenses": 0,
    "sellingAndMarketingExpenses": 0,
    "sellingGeneralAndAdministrativeExpenses": 1726000000,
    "otherExpenses": 0,
    "operatingExpenses": 1726000000,
    "costAndExpenses": 6725000000,
    "interestIncome": 5000000,
    "interestExpense": 134000000,
    "depreciationAndAmortization": 292000000,
    "ebitda": 819000000,
    "ebitdaratio": 0.1127012522,
    "operatingIncome": 542000000,
    "operatingIncomeRatio": 0.0745837347,
    "totalOtherIncomeExpensesNet": -149000000,
    "incomeBeforeTax": 393000000,
    "incomeBeforeTaxRatio": 0.0540800881,
    "incomeTaxExpense": 508000000,
    "netIncome": -148000000,
    "netIncomeRatio": -0.0203660383,
    "eps": -0.16,
    "epsdiluted": -0.16,
    "weightedAverageShsOut": 679000000,
    "weightedAverageShsOutDil": 679000000,
    "link": "https://www.sec.gov/Archives/edgar/data/833444/000083344417000016/0000833444-17-000016-index.htm",
    "finalLink": "https://www.sec.gov/Archives/edgar/data/833444/000083344417000016/q2fy1710-q.htm"
  },
  {
    "date": "2016-12-31",
    "symbol": "JCI",
    "reportedCurrency": "USD",
    "cik": "0000833444",
    "fillingDate": "2017-02-08",
    "acceptedDate": "2017-02-08 11:45:02",
    "calendarYear": "2017",
    "period": "Q1",
    "revenue": 7086000000,
    "costOfRevenue": 4982000000,
    "grossProfit": 2104000000,
    "grossProfitRatio": 0.2969235111,
    "researchAndDevelopmentExpenses": 0,
    "generalAndAdministrativeExpenses": 0,
    "sellingAndMarketingExpenses": 0,
    "sellingGeneralAndAdministrativeExpenses": 1570000000,
    "otherExpenses": 0,
    "operatingExpenses": 1570000000,
    "costAndExpenses": 6552000000,
    "interestIncome": 7000000,
    "interestExpense": 145000000,
    "depreciationAndAmortization": 346000000,
    "ebitda": 876000000,
    "ebitdaratio": 0.1236240474,
    "operatingIncome": 534000000,
    "operatingIncomeRatio": 0.0753598645,
    "totalOtherIncomeExpensesNet": -149000000,
    "incomeBeforeTax": 385000000,
    "incomeBeforeTaxRatio": 0.0543324866,
    "incomeTaxExpense": -27000000,
    "netIncome": 329000000,
    "netIncomeRatio": 0.0464295795,
    "eps": 0.4,
    "epsdiluted": 0.39,
    "weightedAverageShsOut": 679000000,
    "weightedAverageShsOutDil": 679000000,
    "link": "https://www.sec.gov/Archives/edgar/data/833444/000083344417000007/0000833444-17-000007-index.htm",
    "finalLink": "https://www.sec.gov/Archives/edgar/data/833444/000083344417000007/q1fy1710-q.htm"
  },
  {
    "date": "2016-09-30",
    "symbol": "JCI",
    "reportedCurrency": "USD",
    "cik": "0000833444",
    "fillingDate": "2016-11-23",
    "acceptedDate": "2016-11-23 15:17:06",
    "calendarYear": "2016",
    "period": "Q4",
    "revenue": 10198000000,
    "costOfRevenue": 8133000000,
    "grossProfit": 2065000000,
    "grossProfitRatio": 0.2024906844,
    "researchAndDevelopmentExpenses": 0,
    "generalAndAdministrativeExpenses": 0,
    "sellingAndMarketingExpenses": 0,
    "sellingGeneralAndAdministrativeExpenses": 1914000000,
    "otherExpenses": 0,
    "operatingExpenses": 1914000000,
    "costAndExpenses": 10047000000,
    "interestIncome": 0,
    "interestExpense": 103000000,
    "depreciationAndAmortization": 273000000,
    "ebitda": 279000000,
    "ebitdaratio": 0.0273583056,
    "operatingIncome": 151000000,
    "operatingIncomeRatio": 0.0148068249,
    "totalOtherIncomeExpensesNet": -248000000,
    "incomeBeforeTax": -97000000,
    "incomeBeforeTaxRatio": -0.009511669,
    "incomeTaxExpense": 1035000000,
    "netIncome": -1171000000,
    "netIncomeRatio": -0.1148264366,
    "eps": -1.76,
    "epsdiluted": -1.61,
    "weightedAverageShsOut": 679000000,
    "weightedAverageShsOutDil": 679000000,
    "link": "https://www.sec.gov/Archives/edgar/data/833444/000083344416000216/0000833444-16-000216-index.htm",
    "finalLink": "https://www.sec.gov/Archives/edgar/data/833444/000083344416000216/jciplc201610-k.htm"
  },
  {
    "date": "2016-06-24",
    "symbol": "JCI",
    "reportedCurrency": "USD",
    "cik": "0000833444",
    "fillingDate": "2016-07-29",
    "acceptedDate": "2016-07-29 10:36:30",
    "calendarYear": "2016",
    "period": "Q3",
    "revenue": 9516000000,
    "costOfRevenue": 7629000000,
    "grossProfit": 1887000000,
    "grossProfitRatio": 0.198297604,
    "researchAndDevelopmentExpenses": 0,
    "generalAndAdministrativeExpenses": 0,
    "sellingAndMarketingExpenses": 0,
    "sellingGeneralAndAdministrativeExpenses": 660000000,
    "otherExpenses": 525000000,
    "operatingExpenses": 1185000000,
    "costAndExpenses": 8814000000,
    "interestIncome": 4000000,
    "interestExpense": 66000000,
    "depreciationAndAmortization": 235000000,
    "ebitda": 781000000,
    "ebitdaratio": 0.0820722993,
    "operatingIncome": 527000000,
    "operatingIncomeRatio": 0.0553804119,
    "totalOtherIncomeExpensesNet": 35000000,
    "incomeBeforeTax": 480000000,
    "incomeBeforeTaxRatio": 0.0504413619,
    "incomeTaxExpense": 78000000,
    "netIncome": 383000000,
    "netIncomeRatio": 0.0402480034,
    "eps": 0.57,
    "epsdiluted": 0.56,
    "weightedAverageShsOut": 679000000,
    "weightedAverageShsOutDil": 679000000,
    "link": "https://www.sec.gov/Archives/edgar/data/833444/000083344416000197/0000833444-16-000197-index.htm",
    "finalLink": "https://www.sec.gov/Archives/edgar/data/833444/000083344416000197/tyc-2016624x10q.htm"
  },
  {
    "date": "2016-03-25",
    "symbol": "JCI",
    "reportedCurrency": "USD",
    "cik": "0000833444",
    "fillingDate": "2016-04-29",
    "acceptedDate": "2016-04-29 11:04:35",
    "calendarYear": "2016",
    "period": "Q2",
    "revenue": 9031000000,
    "costOfRevenue": 3446000000,
    "grossProfit": 1729000000,
    "grossProfitRatio": 0.1914516665,
    "researchAndDevelopmentExpenses": 0,
    "generalAndAdministrativeExpenses": 0,
    "sellingAndMarketingExpenses": 0,
    "sellingGeneralAndAdministrativeExpenses": 899000000,
    "otherExpenses": 0,
    "operatingExpenses": 899000000,
    "costAndExpenses": 4345000000,
    "interestIncome": 2000000,
    "interestExpense": 65000000,
    "depreciationAndAmortization": 219000000,
    "ebitda": 581000000,
    "ebitdaratio": 0.0643339608,
    "operatingIncome": 388000000,
    "operatingIncomeRatio": 0.042963127,
    "totalOtherIncomeExpensesNet": -91000000,
    "incomeBeforeTax": 297000000,
    "incomeBeforeTaxRatio": 0.0328867235,
    "incomeTaxExpense": 41000000,
    "netIncome": -530000000,
    "netIncomeRatio": -0.0586867457,
    "eps": -0.82,
    "epsdiluted": -0.82,
    "weightedAverageShsOut": 679000000,
    "weightedAverageShsOutDil": 679000000,
    "link": "https://www.sec.gov/Archives/edgar/data/833444/000083344416000172/0000833444-16-000172-index.htm",
    "finalLink": "https://www.sec.gov/Archives/edgar/data/833444/000083344416000172/tyc-2016325x10q.htm"
  },
  {
    "date": "2015-12-25",
    "symbol": "JCI",
    "reportedCurrency": "USD",
    "cik": "0000833444",
    "fillingDate": "2016-01-29",
    "acceptedDate": "2016-01-29 13:29:34",
    "calendarYear": "2016",
    "period": "Q1",
    "revenue": 8929000000,
    "costOfRevenue": 3439000000,
    "grossProfit": 1633000000,
    "grossProfitRatio": 0.1828872214,
    "researchAndDevelopmentExpenses": 0,
    "generalAndAdministrativeExpenses": 0,
    "sellingAndMarketingExpenses": 0,
    "sellingGeneralAndAdministrativeExpenses": 566000000,
    "otherExpenses": 281000000,
    "operatingExpenses": 847000000,
    "costAndExpenses": 4286000000,
    "interestIncome": 2000000,
    "interestExpense": 72000000,
    "depreciationAndAmortization": 226000000,
    "ebitda": 684000000,
    "ebitdaratio": 0.076604323,
    "operatingIncome": 410000000,
    "operatingIncomeRatio": 0.0459177959,
    "totalOtherIncomeExpensesNet": -24000000,
    "incomeBeforeTax": 386000000,
    "incomeBeforeTaxRatio": 0.043229925,
    "incomeTaxExpense": 83000000,
    "netIncome": 450000000,
    "netIncomeRatio": 0.0503975809,
    "eps": 0.69,
    "epsdiluted": 0.69,
    "weightedAverageShsOut": 679000000,
    "weightedAverageShsOutDil": 679000000,
    "link": "https://www.sec.gov/Archives/edgar/data/833444/000083344416000120/0000833444-16-000120-index.htm",
    "finalLink": "https://www.sec.gov/Archives/edgar/data/833444/000083344416000120/tyc-20151225x10q.htm"
  },
  {
    "date": "2015-09-25",
    "symbol": "JCI",
    "reportedCurrency": "USD",
    "cik": "0000833444",
    "fillingDate": "2015-11-13",
    "acceptedDate": "2015-11-13 12:25:55",
    "calendarYear": "2015",
    "period": "Q4",
    "revenue": 8749000000,
    "costOfRevenue": 7190000000,
    "grossProfit": 1559000000,
    "grossProfitRatio": 0.1781917933,
    "researchAndDevelopmentExpenses": 733000000,
    "generalAndAdministrativeExpenses": 0,
    "sellingAndMarketingExpenses": 0,
    "sellingGeneralAndAdministrativeExpenses": 265000000,
    "otherExpenses": 33000000,
    "operatingExpenses": 1031000000,
    "costAndExpenses": 8221000000,
    "interestIncome": 2000000,
    "interestExpense": 73000000,
    "depreciationAndAmortization": 213000000,
    "ebitda": 444000000,
    "ebitdaratio": 0.050748657,
    "operatingIncome": 528000000,
    "operatingIncomeRatio": 0.0603497543,
    "totalOtherIncomeExpensesNet": -370000000,
    "incomeBeforeTax": 158000000,
    "incomeBeforeTaxRatio": 0.0180592068,
    "incomeTaxExpense": 135000000,
    "netIncome": 349000000,
    "netIncomeRatio": 0.0398902732,
    "eps": 0.54,
    "epsdiluted": 0.53,
    "weightedAverageShsOut": 679000000,
    "weightedAverageShsOutDil": 679000000,
    "link": "https://www.sec.gov/Archives/edgar/data/833444/000083344415000091/0000833444-15-000091-index.htm",
    "finalLink": "https://www.sec.gov/Archives/edgar/data/833444/000083344415000091/fy1510-k.htm"
  },
  {
    "date": "2015-06-26",
    "symbol": "JCI",
    "reportedCurrency": "USD",
    "cik": "0000833444",
    "fillingDate": "2015-07-31",
    "acceptedDate": "2015-07-31 12:03:19",
    "calendarYear": "2015",
    "period": "Q3",
    "revenue": 9608000000,
    "costOfRevenue": 7902000000,
    "grossProfit": 1706000000,
    "grossProfitRatio": 0.1775603664,
    "researchAndDevelopmentExpenses": 0,
    "generalAndAdministrativeExpenses": 0,
    "sellingAndMarketingExpenses": 0,
    "sellingGeneralAndAdministrativeExpenses": 975000000,
    "otherExpenses": 0,
    "operatingExpenses": 975000000,
    "costAndExpenses": 8877000000,
    "interestIncome": 3000000,
    "interestExpense": 72000000,
    "depreciationAndAmortization": 218000000,
    "ebitda": 1037000000,
    "ebitdaratio": 0.1079308909,
    "operatingIncome": 731000000,
    "operatingIncomeRatio": 0.0760824313,
    "totalOtherIncomeExpensesNet": 16000000,
    "incomeBeforeTax": 747000000,
    "incomeBeforeTaxRatio": 0.0777477102,
    "incomeTaxExpense": 215000000,
    "netIncome": 178000000,
    "netIncomeRatio": 0.0185262281,
    "eps": 0.27,
    "epsdiluted": 0.27,
    "weightedAverageShsOut": 679000000,
    "weightedAverageShsOutDil": 679000000,
    "link": "https://www.sec.gov/Archives/edgar/data/833444/000083344415000062/0000833444-15-000062-index.htm",
    "finalLink": "https://www.sec.gov/Archives/edgar/data/833444/000083344415000062/tyc-2015626x10q.htm"
  },
  {
    "date": "2015-03-27",
    "symbol": "JCI",
    "reportedCurrency": "USD",
    "cik": "0000833444",
    "fillingDate": "2015-04-24",
    "acceptedDate": "2015-04-24 12:04:42",
    "calendarYear": "2015",
    "period": "Q2",
    "revenue": 9198000000,
    "costOfRevenue": 7625000000,
    "grossProfit": 1573000000,
    "grossProfitRatio": 0.1710154381,
    "researchAndDevelopmentExpenses": 0,
    "generalAndAdministrativeExpenses": 0,
    "sellingAndMarketingExpenses": 0,
    "sellingGeneralAndAdministrativeExpenses": 328000000,
    "otherExpenses": 647000000,
    "operatingExpenses": 975000000,
    "costAndExpenses": 8600000000,
    "interestIncome": 1000000,
    "interestExpense": 72000000,
    "depreciationAndAmortization": 205000000,
    "ebitda": 795000000,
    "ebitdaratio": 0.086431833,
    "operatingIncome": 598000000,
    "operatingIncomeRatio": 0.0650141335,
    "totalOtherIncomeExpensesNet": 13000000,
    "incomeBeforeTax": 611000000,
    "incomeBeforeTaxRatio": 0.0664274842,
    "incomeTaxExpense": 132000000,
    "netIncome": 529000000,
    "netIncomeRatio": 0.0575125027,
    "eps": 0.8,
    "epsdiluted": 0.8,
    "weightedAverageShsOut": 679000000,
    "weightedAverageShsOutDil": 679000000,
    "link": "https://www.sec.gov/Archives/edgar/data/833444/000083344415000032/0000833444-15-000032-index.htm",
    "finalLink": "https://www.sec.gov/Archives/edgar/data/833444/000083344415000032/tyc-2015327x10q.htm"
  },
  {
    "date": "2014-12-26",
    "symbol": "JCI",
    "reportedCurrency": "USD",
    "cik": "0000833444",
    "fillingDate": "2015-01-30",
    "acceptedDate": "2015-01-30 10:38:36",
    "calendarYear": "2015",
    "period": "Q1",
    "revenue": 10666000000,
    "costOfRevenue": 8015000000,
    "grossProfit": 1680000000,
    "grossProfitRatio": 0.1575098444,
    "researchAndDevelopmentExpenses": 0,
    "generalAndAdministrativeExpenses": 0,
    "sellingAndMarketingExpenses": 0,
    "sellingGeneralAndAdministrativeExpenses": 1005000000,
    "otherExpenses": 0,
    "operatingExpenses": 1005000000,
    "costAndExpenses": 9020000000,
    "interestIncome": 3000000,
    "interestExpense": 71000000,
    "depreciationAndAmortization": 224000000,
    "ebitda": 828000000,
    "ebitdaratio": 0.0776298519,
    "operatingIncome": 604000000,
    "operatingIncomeRatio": 0.0566285393,
    "totalOtherIncomeExpensesNet": 31000000,
    "incomeBeforeTax": 635000000,
    "incomeBeforeTaxRatio": 0.0595349709,
    "incomeTaxExpense": 118000000,
    "netIncome": 507000000,
    "netIncomeRatio": 0.0475342209,
    "eps": 0.73,
    "epsdiluted": 0.76,
    "weightedAverageShsOut": 679000000,
    "weightedAverageShsOutDil": 679000000,
    "link": "https://www.sec.gov/Archives/edgar/data/833444/000083344415000013/0000833444-15-000013-index.htm",
    "finalLink": "https://www.sec.gov/Archives/edgar/data/833444/000083344415000013/tyc-20141226x10q.htm"
  },
  {
    "date": "2014-09-26",
    "symbol": "JCI",
    "reportedCurrency": "USD",
    "cik": "0000833444",
    "fillingDate": "2014-11-14",
    "acceptedDate": "2014-11-13 17:33:36",
    "calendarYear": "2014",
    "period": "Q4",
    "revenue": 10979000000,
    "costOfRevenue": 9137000000,
    "grossProfit": 1842000000,
    "grossProfitRatio": 0.1677748429,
    "researchAndDevelopmentExpenses": 1144000000,
    "generalAndAdministrativeExpenses": 0,
    "sellingAndMarketingExpenses": 0,
    "sellingGeneralAndAdministrativeExpenses": 469000000,
    "otherExpenses": -319000000,
    "operatingExpenses": 1294000000,
    "costAndExpenses": 10431000000,
    "interestIncome": 2000000,
    "interestExpense": 78000000,
    "depreciationAndAmortization": 224000000,
    "ebitda": 744000000,
    "ebitdaratio": 0.0677657346,
    "operatingIncome": 548000000,
    "operatingIncomeRatio": 0.0499134712,
    "totalOtherIncomeExpensesNet": -106000000,
    "incomeBeforeTax": 442000000,
    "incomeBeforeTaxRatio": 0.0402586757,
    "incomeTaxExpense": 94000000,
    "netIncome": 309000000,
    "netIncomeRatio": 0.0281446398,
    "eps": 0.46,
    "epsdiluted": 0.46,
    "weightedAverageShsOut": 679000000,
    "weightedAverageShsOutDil": 679000000,
    "link": "https://www.sec.gov/Archives/edgar/data/833444/000083344414000124/0000833444-14-000124-index.htm",
    "finalLink": "https://www.sec.gov/Archives/edgar/data/833444/000083344414000124/fy1410-k.htm"
  },
  {
    "date": "2014-06-27",
    "symbol": "JCI",
    "reportedCurrency": "USD",
    "cik": "0000833444",
    "fillingDate": "2014-07-25",
    "acceptedDate": "2014-07-25 13:47:57",
    "calendarYear": "2014",
    "period": "Q3",
    "revenue": 10812000000,
    "costOfRevenue": 8253000000,
    "grossProfit": 1663000000,
    "grossProfitRatio": 0.1538105808,
    "researchAndDevelopmentExpenses": 0,
    "generalAndAdministrativeExpenses": 0,
    "sellingAndMarketingExpenses": 0,
    "sellingGeneralAndAdministrativeExpenses": 671000000,
    "otherExpenses": 272000000,
    "operatingExpenses": 943000000,
    "costAndExpenses": 9196000000,
    "interestIncome": 3000000,
    "interestExpense": 63000000,
    "depreciationAndAmortization": 240000000,
    "ebitda": 704000000,
    "ebitdaratio": 0.0651128376,
    "operatingIncome": 512000000,
    "operatingIncomeRatio": 0.047354791,
    "totalOtherIncomeExpensesNet": -236000000,
    "incomeBeforeTax": 401000000,
    "incomeBeforeTaxRatio": 0.0370884203,
    "incomeTaxExpense": 154000000,
    "netIncome": 176000000,
    "netIncomeRatio": 0.0162782094,
    "eps": 0.26,
    "epsdiluted": 0.26,
    "weightedAverageShsOut": 679000000,
    "weightedAverageShsOutDil": 679000000,
    "link": "https://www.sec.gov/Archives/edgar/data/833444/000083344414000099/0000833444-14-000099-index.htm",
    "finalLink": "https://www.sec.gov/Archives/edgar/data/833444/000083344414000099/tyc-2014627x10q.htm"
  },
  {
    "date": "2014-03-28",
    "symbol": "JCI",
    "reportedCurrency": "USD",
    "cik": "0000833444",
    "fillingDate": "2014-04-25",
    "acceptedDate": "2014-04-25 14:22:36",
    "calendarYear": "2014",
    "period": "Q2",
    "revenue": 10463000000,
    "costOfRevenue": 7995000000,
    "grossProfit": 1546000000,
    "grossProfitRatio": 0.147758769,
    "researchAndDevelopmentExpenses": 0,
    "generalAndAdministrativeExpenses": 0,
    "sellingAndMarketingExpenses": 0,
    "sellingGeneralAndAdministrativeExpenses": 952000000,
    "otherExpenses": 0,
    "operatingExpenses": 952000000,
    "costAndExpenses": 8947000000,
    "interestIncome": 2000000,
    "interestExpense": 56000000,
    "depreciationAndAmortization": 247000000,
    "ebitda": 840000000,
    "ebitdaratio": 0.0802829017,
    "operatingIncome": 520000000,
    "operatingIncomeRatio": 0.0496989391,
    "totalOtherIncomeExpensesNet": 17000000,
    "incomeBeforeTax": 537000000,
    "incomeBeforeTaxRatio": 0.0513237121,
    "incomeTaxExpense": 101000000,
    "netIncome": 261000000,
    "netIncomeRatio": 0.0249450444,
    "eps": 0.39,
    "epsdiluted": 0.39,
    "weightedAverageShsOut": 679000000,
    "weightedAverageShsOutDil": 679000000,
    "link": "https://www.sec.gov/Archives/edgar/data/833444/000083344414000046/0000833444-14-000046-index.htm",
    "finalLink": "https://www.sec.gov/Archives/edgar/data/833444/000083344414000046/tyc-2014328x10q.htm"
  },
  {
    "date": "2013-12-27",
    "symbol": "JCI",
    "reportedCurrency": "USD",
    "cik": "0000833444",
    "fillingDate": "2014-01-31",
    "acceptedDate": "2014-01-31 16:54:35",
    "calendarYear": "2014",
    "period": "Q1",
    "revenue": 10908000000,
    "costOfRevenue": 9251000000,
    "grossProfit": 1657000000,
    "grossProfitRatio": 0.1519068574,
    "researchAndDevelopmentExpenses": 0,
    "generalAndAdministrativeExpenses": 0,
    "sellingAndMarketingExpenses": 0,
    "sellingGeneralAndAdministrativeExpenses": 599000000,
    "otherExpenses": 485000000,
    "operatingExpenses": 1084000000,
    "costAndExpenses": 10335000000,
    "interestIncome": 3000000,
    "interestExpense": 57000000,
    "depreciationAndAmortization": 244000000,
    "ebitda": 896000000,
    "ebitdaratio": 0.0821415475,
    "operatingIncome": 509000000,
    "operatingIncomeRatio": 0.0466629996,
    "totalOtherIncomeExpensesNet": 57000000,
    "incomeBeforeTax": 536000000,
    "incomeBeforeTaxRatio": 0.0491382472,
    "incomeTaxExpense": 103000000,
    "netIncome": 469000000,
    "netIncomeRatio": 0.0429959663,
    "eps": 0.7,
    "epsdiluted": 0.69,
    "weightedAverageShsOut": 679000000,
    "weightedAverageShsOutDil": 679000000,
    "link": "https://www.sec.gov/Archives/edgar/data/833444/000083344414000022/0000833444-14-000022-index.htm",
    "finalLink": "https://www.sec.gov/Archives/edgar/data/833444/000083344414000022/tyc-20131227x10q.htm"
  },
  {
    "date": "2013-09-27",
    "symbol": "JCI",
    "reportedCurrency": "USD",
    "cik": "0000833444",
    "fillingDate": "2013-11-14",
    "acceptedDate": "2013-11-14 16:22:44",
    "calendarYear": "2013",
    "period": "Q4",
    "revenue": 11047000000,
    "costOfRevenue": 8945000000,
    "grossProfit": 2102000000,
    "grossProfitRatio": 0.1902779035,
    "researchAndDevelopmentExpenses": 0,
    "generalAndAdministrativeExpenses": 0,
    "sellingAndMarketingExpenses": 0,
    "sellingGeneralAndAdministrativeExpenses": 77000000,
    "otherExpenses": 725000000,
    "operatingExpenses": 802000000,
    "costAndExpenses": 9747000000,
    "interestIncome": 7000000,
    "interestExpense": 60000000,
    "depreciationAndAmortization": 256000000,
    "ebitda": 1352000000,
    "ebitdaratio": 0.1223861682,
    "operatingIncome": 1271000000,
    "operatingIncomeRatio": 0.1150538608,
    "totalOtherIncomeExpensesNet": -235000000,
    "incomeBeforeTax": 1036000000,
    "incomeBeforeTaxRatio": 0.093781117,
    "incomeTaxExpense": 895000000,
    "netIncome": 105000000,
    "netIncomeRatio": 0.0095048429,
    "eps": 0.15,
    "epsdiluted": 0.15,
    "weightedAverageShsOut": 679000000,
    "weightedAverageShsOutDil": 679000000,
    "link": "https://www.sec.gov/Archives/edgar/data/833444/000083344413000045/0000833444-13-000045-index.htm",
    "finalLink": "https://www.sec.gov/Archives/edgar/data/833444/000083344413000045/tyc2013092710-k.htm"
  },
  {
    "date": "2013-06-28",
    "symbol": "JCI",
    "reportedCurrency": "USD",
    "cik": "0000833444",
    "fillingDate": "2013-07-26",
    "acceptedDate": "2013-07-26 14:48:23",
    "calendarYear": "2013",
    "period": "Q3",
    "revenue": 10831000000,
    "costOfRevenue": 8935000000,
    "grossProfit": 1680000000,
    "grossProfitRatio": 0.1551103315,
    "researchAndDevelopmentExpenses": 0,
    "generalAndAdministrativeExpenses": 0,
    "sellingAndMarketingExpenses": 0,
    "sellingGeneralAndAdministrativeExpenses": 977000000,
    "otherExpenses": 0,
    "operatingExpenses": 977000000,
    "costAndExpenses": 9912000000,
    "interestIncome": 5000000,
    "interestExpense": 67000000,
    "depreciationAndAmortization": 239000000,
    "ebitda": 786000000,
    "ebitdaratio": 0.0725694765,
    "operatingIncome": 587000000,
    "operatingIncomeRatio": 0.0541962884,
    "totalOtherIncomeExpensesNet": -107000000,
    "incomeBeforeTax": 480000000,
    "incomeBeforeTaxRatio": 0.0443172376,
    "incomeTaxExpense": -72000000,
    "netIncome": 550000000,
    "netIncomeRatio": 0.050780168,
    "eps": 0.83,
    "epsdiluted": 0.83,
    "weightedAverageShsOut": 679000000,
    "weightedAverageShsOutDil": 679000000,
    "link": "https://www.sec.gov/Archives/edgar/data/833444/000083344413000035/0000833444-13-000035-index.htm",
    "finalLink": "https://www.sec.gov/Archives/edgar/data/833444/000083344413000035/tyc-20130628x10q.htm"
  },
  {
    "date": "2013-03-29",
    "symbol": "JCI",
    "reportedCurrency": "USD",
    "cik": "0000833444",
    "fillingDate": "2013-04-26",
    "acceptedDate": "2013-04-26 16:55:58",
    "calendarYear": "2013",
    "period": "Q2",
    "revenue": 10430000000,
    "costOfRevenue": 8942000000,
    "grossProfit": 1488000000,
    "grossProfitRatio": 0.1426653883,
    "researchAndDevelopmentExpenses": 0,
    "generalAndAdministrativeExpenses": 0,
    "sellingAndMarketingExpenses": 0,
    "sellingGeneralAndAdministrativeExpenses": 790000000,
    "otherExpenses": 301000000,
    "operatingExpenses": 1091000000,
    "costAndExpenses": 10033000000,
    "interestIncome": 3000000,
    "interestExpense": 69000000,
    "depreciationAndAmortization": 234000000,
    "ebitda": 696000000,
    "ebitdaratio": 0.0667305849,
    "operatingIncome": 397000000,
    "operatingIncomeRatio": 0.038063279,
    "totalOtherIncomeExpensesNet": -3000000,
    "incomeBeforeTax": 395000000,
    "incomeBeforeTaxRatio": 0.0378715244,
    "incomeTaxExpense": 217000000,
    "netIncome": 164000000,
    "netIncomeRatio": 0.0157238734,
    "eps": 0.23,
    "epsdiluted": 0.22,
    "weightedAverageShsOut": 679000000,
    "weightedAverageShsOutDil": 679000000,
    "link": "https://www.sec.gov/Archives/edgar/data/833444/000104746913004987/0001047469-13-004987-index.htm",
    "finalLink": "https://www.sec.gov/Archives/edgar/data/833444/000104746913004987/a2214509z10-q.htm"
  },
  {
    "date": "2012-12-28",
    "symbol": "JCI",
    "reportedCurrency": "USD",
    "cik": "0000833444",
    "fillingDate": "2013-01-29",
    "acceptedDate": "2013-01-29 11:59:42",
    "calendarYear": "2013",
    "period": "Q1",
    "revenue": 10422000000,
    "costOfRevenue": 8914000000,
    "grossProfit": 1508000000,
    "grossProfitRatio": 0.1446939167,
    "researchAndDevelopmentExpenses": 0,
    "generalAndAdministrativeExpenses": 0,
    "sellingAndMarketingExpenses": 0,
    "sellingGeneralAndAdministrativeExpenses": 682000000,
    "otherExpenses": 370000000,
    "operatingExpenses": 1052000000,
    "costAndExpenses": 9966000000,
    "interestIncome": 4000000,
    "interestExpense": 60000000,
    "depreciationAndAmortization": 223000000,
    "ebitda": 771000000,
    "ebitdaratio": 0.0739781232,
    "operatingIncome": 433000000,
    "operatingIncomeRatio": 0.0415467281,
    "totalOtherIncomeExpensesNet": 24000000,
    "incomeBeforeTax": 457000000,
    "incomeBeforeTaxRatio": 0.043849549,
    "incomeTaxExpense": 85000000,
    "netIncome": 359000000,
    "netIncomeRatio": 0.0344463635,
    "eps": 0.52,
    "epsdiluted": 0.52,
    "weightedAverageShsOut": 679000000,
    "weightedAverageShsOutDil": 679000000,
    "link": "https://www.sec.gov/Archives/edgar/data/833444/000104746913000517/0001047469-13-000517-index.htm",
    "finalLink": "https://www.sec.gov/Archives/edgar/data/833444/000104746913000517/a2212532z10-q.htm"
  },
  {
    "date": "2012-09-28",
    "symbol": "JCI",
    "reportedCurrency": "USD",
    "cik": "0000833444",
    "fillingDate": "2012-11-16",
    "acceptedDate": "2012-11-16 16:50:32",
    "calendarYear": "2012",
    "period": "Q4",
    "revenue": 10392000000,
    "costOfRevenue": 8804000000,
    "grossProfit": 1588000000,
    "grossProfitRatio": 0.1528098537,
    "researchAndDevelopmentExpenses": 1541000000,
    "generalAndAdministrativeExpenses": 0,
    "sellingAndMarketingExpenses": 0,
    "sellingGeneralAndAdministrativeExpenses": 749000000,
    "otherExpenses": -6000000,
    "operatingExpenses": 1380000000,
    "costAndExpenses": 10184000000,
    "interestIncome": 0,
    "interestExpense": 62000000,
    "depreciationAndAmortization": 221000000,
    "ebitda": 324000000,
    "ebitdaratio": 0.0311778291,
    "operatingIncome": 153000000,
    "operatingIncomeRatio": 0.0147228637,
    "totalOtherIncomeExpensesNet": -236000000,
    "incomeBeforeTax": 41000000,
    "incomeBeforeTaxRatio": 0.0039453426,
    "incomeTaxExpense": -49000000,
    "netIncome": 35000000,
    "netIncomeRatio": 0.0033679754,
    "eps": -0.0117,
    "epsdiluted": -0.01,
    "weightedAverageShsOut": 679000000,
    "weightedAverageShsOutDil": 679000000,
    "link": "https://www.sec.gov/Archives/edgar/data/833444/000104746912010665/0001047469-12-010665-index.htm",
    "finalLink": "https://www.sec.gov/Archives/edgar/data/833444/000104746912010665/a2211375z10-k.htm"
  },
  {
    "date": "2012-06-29",
    "symbol": "JCI",
    "reportedCurrency": "USD",
    "cik": "0000833444",
    "fillingDate": "2012-07-31",
    "acceptedDate": "2012-07-31 13:33:10",
    "calendarYear": "2012",
    "period": "Q3",
    "revenue": 10581000000,
    "costOfRevenue": 9044000000,
    "grossProfit": 1537000000,
    "grossProfitRatio": 0.1452603724,
    "researchAndDevelopmentExpenses": 0,
    "generalAndAdministrativeExpenses": 0,
    "sellingAndMarketingExpenses": 0,
    "sellingGeneralAndAdministrativeExpenses": 973000000,
    "otherExpenses": 923000000,
    "operatingExpenses": 992000000,
    "costAndExpenses": 10036000000,
    "interestIncome": 2000000,
    "interestExpense": 60000000,
    "depreciationAndAmortization": 207000000,
    "ebitda": 794000000,
    "ebitdaratio": 0.0750401663,
    "operatingIncome": 568000000,
    "operatingIncomeRatio": 0.0536811265,
    "totalOtherIncomeExpensesNet": -62000000,
    "incomeBeforeTax": 504000000,
    "incomeBeforeTaxRatio": 0.0476325489,
    "incomeTaxExpense": 62000000,
    "netIncome": 431000000,
    "netIncomeRatio": 0.04073339,
    "eps": 0.63,
    "epsdiluted": 0.64,
    "weightedAverageShsOut": 679000000,
    "weightedAverageShsOutDil": 679000000,
    "link": "https://www.sec.gov/Archives/edgar/data/833444/000104746912007586/0001047469-12-007586-index.htm",
    "finalLink": "https://www.sec.gov/Archives/edgar/data/833444/000104746912007586/a2210308z10-q.htm"
  },
  {
    "date": "2012-03-30",
    "symbol": "JCI",
    "reportedCurrency": "USD",
    "cik": "0000833444",
    "fillingDate": "2012-04-26",
    "acceptedDate": "2012-04-26 15:22:12",
    "calendarYear": "2012",
    "period": "Q2",
    "revenue": 10565000000,
    "costOfRevenue": 9016000000,
    "grossProfit": 1549000000,
    "grossProfitRatio": 0.1466161855,
    "researchAndDevelopmentExpenses": 0,
    "generalAndAdministrativeExpenses": 0,
    "sellingAndMarketingExpenses": 0,
    "sellingGeneralAndAdministrativeExpenses": 1050000000,
    "otherExpenses": 923000000,
    "operatingExpenses": 1069000000,
    "costAndExpenses": 10085000000,
    "interestIncome": 0,
    "interestExpense": 63000000,
    "depreciationAndAmortization": 200000000,
    "ebitda": 782000000,
    "ebitdaratio": 0.0740179839,
    "operatingIncome": 503000000,
    "operatingIncomeRatio": 0.0476100331,
    "totalOtherIncomeExpensesNet": 0,
    "incomeBeforeTax": 496000000,
    "incomeBeforeTaxRatio": 0.0469474681,
    "incomeTaxExpense": 94000000,
    "netIncome": 379000000,
    "netIncomeRatio": 0.0358731661,
    "eps": 0.55,
    "epsdiluted": 0.55,
    "weightedAverageShsOut": 679000000,
    "weightedAverageShsOutDil": 679000000,
    "link": "https://www.sec.gov/Archives/edgar/data/833444/000104746912004825/0001047469-12-004825-index.htm",
    "finalLink": "https://www.sec.gov/Archives/edgar/data/833444/000104746912004825/a2208976z10-q.htm"
  },
  {
    "date": "2011-12-30",
    "symbol": "JCI",
    "reportedCurrency": "USD",
    "cik": "0000833444",
    "fillingDate": "2012-01-31",
    "acceptedDate": "2012-01-31 11:09:07",
    "calendarYear": "2012",
    "period": "Q1",
    "revenue": 10417000000,
    "costOfRevenue": 8885000000,
    "grossProfit": 1532000000,
    "grossProfitRatio": 0.1470672938,
    "researchAndDevelopmentExpenses": 0,
    "generalAndAdministrativeExpenses": 0,
    "sellingAndMarketingExpenses": 0,
    "sellingGeneralAndAdministrativeExpenses": 1035000000,
    "otherExpenses": 923000000,
    "operatingExpenses": 1054000000,
    "costAndExpenses": 9939000000,
    "interestIncome": 0,
    "interestExpense": 49000000,
    "depreciationAndAmortization": 196000000,
    "ebitda": 817000000,
    "ebitdaratio": 0.0784294903,
    "operatingIncome": 501000000,
    "operatingIncomeRatio": 0.048094461,
    "totalOtherIncomeExpensesNet": 71000000,
    "incomeBeforeTax": 549000000,
    "incomeBeforeTaxRatio": 0.0527023135,
    "incomeTaxExpense": 104000000,
    "netIncome": 424000000,
    "netIncomeRatio": 0.0407026975,
    "eps": 0.63,
    "epsdiluted": 0.63,
    "weightedAverageShsOut": 679000000,
    "weightedAverageShsOutDil": 679000000,
    "link": "https://www.sec.gov/Archives/edgar/data/833444/000104746912000495/0001047469-12-000495-index.htm",
    "finalLink": "https://www.sec.gov/Archives/edgar/data/833444/000104746912000495/a2206962z10-q.htm"
  },
  {
    "date": "2011-09-30",
    "symbol": "JCI",
    "reportedCurrency": "USD",
    "cik": "0000833444",
    "fillingDate": "2011-11-16",
    "acceptedDate": "2011-11-16 13:22:54",
    "calendarYear": "2011",
    "period": "Q4",
    "revenue": 10788000000,
    "costOfRevenue": 9056000000,
    "grossProfit": 1732000000,
    "grossProfitRatio": 0.1605487579,
    "researchAndDevelopmentExpenses": 0,
    "generalAndAdministrativeExpenses": 0,
    "sellingAndMarketingExpenses": 0,
    "sellingGeneralAndAdministrativeExpenses": -355000000,
    "otherExpenses": 1483000000,
    "operatingExpenses": 1128000000,
    "costAndExpenses": 10184000000,
    "interestIncome": 0,
    "interestExpense": 50000000,
    "depreciationAndAmortization": 184000000,
    "ebitda": 903000000,
    "ebitdaratio": 0.0837041157,
    "operatingIncome": 604000000,
    "operatingIncomeRatio": 0.055988135,
    "totalOtherIncomeExpensesNet": 65000000,
    "incomeBeforeTax": 669000000,
    "incomeBeforeTaxRatio": 0.0620133482,
    "incomeTaxExpense": 96000000,
    "netIncome": 538000000,
    "netIncomeRatio": 0.0498702262,
    "eps": 0.84,
    "epsdiluted": 0.83,
    "weightedAverageShsOut": 679000000,
    "weightedAverageShsOutDil": 679000000,
    "link": "https://www.sec.gov/Archives/edgar/data/833444/000104746911009619/0001047469-11-009619-index.htm",
    "finalLink": "https://www.sec.gov/Archives/edgar/data/833444/000104746911009619/a2205982z10-k.htm"
  },
  {
    "date": "2011-06-24",
    "symbol": "JCI",
    "reportedCurrency": "USD",
    "cik": "0000833444",
    "fillingDate": "2011-07-28",
    "acceptedDate": "2011-07-28 09:13:32",
    "calendarYear": "2011",
    "period": "Q3",
    "revenue": 10364000000,
    "costOfRevenue": 8814000000,
    "grossProfit": 1550000000,
    "grossProfitRatio": 0.1495561559,
    "researchAndDevelopmentExpenses": 0,
    "generalAndAdministrativeExpenses": 0,
    "sellingAndMarketingExpenses": 0,
    "sellingGeneralAndAdministrativeExpenses": -389000000,
    "otherExpenses": 1483000000,
    "operatingExpenses": 1094000000,
    "costAndExpenses": 9908000000,
    "interestIncome": 0,
    "interestExpense": 43000000,
    "depreciationAndAmortization": 193000000,
    "ebitda": 705000000,
    "ebitdaratio": 0.068023929,
    "operatingIncome": 456000000,
    "operatingIncomeRatio": 0.0439984562,
    "totalOtherIncomeExpensesNet": 13000000,
    "incomeBeforeTax": 469000000,
    "incomeBeforeTaxRatio": 0.0452527981,
    "incomeTaxExpense": 89000000,
    "netIncome": 357000000,
    "netIncomeRatio": 0.0344461598,
    "eps": 0.55,
    "epsdiluted": 0.54,
    "weightedAverageShsOut": 679000000,
    "weightedAverageShsOutDil": 679000000,
    "link": "https://www.sec.gov/Archives/edgar/data/833444/000104746911006677/0001047469-11-006677-index.htm",
    "finalLink": "https://www.sec.gov/Archives/edgar/data/833444/000104746911006677/a2204831z10-q.htm"
  },
  {
    "date": "2011-03-25",
    "symbol": "JCI",
    "reportedCurrency": "USD",
    "cik": "0000833444",
    "fillingDate": "2011-04-28",
    "acceptedDate": "2011-04-28 10:26:43",
    "calendarYear": "2011",
    "period": "Q2",
    "revenue": 10144000000,
    "costOfRevenue": 8670000000,
    "grossProfit": 1474000000,
    "grossProfitRatio": 0.145307571,
    "researchAndDevelopmentExpenses": 0,
    "generalAndAdministrativeExpenses": 0,
    "sellingAndMarketingExpenses": 0,
    "sellingGeneralAndAdministrativeExpenses": -469000000,
    "otherExpenses": 1483000000,
    "operatingExpenses": 1014000000,
    "costAndExpenses": 9684000000,
    "interestIncome": 0,
    "interestExpense": 46000000,
    "depreciationAndAmortization": 185000000,
    "ebitda": 706000000,
    "ebitdaratio": 0.0695977918,
    "operatingIncome": 460000000,
    "operatingIncomeRatio": 0.0453470032,
    "totalOtherIncomeExpensesNet": 15000000,
    "incomeBeforeTax": 475000000,
    "incomeBeforeTaxRatio": 0.0468257098,
    "incomeTaxExpense": 90000000,
    "netIncome": 354000000,
    "netIncomeRatio": 0.0348974763,
    "eps": 0.54,
    "epsdiluted": 0.53,
    "weightedAverageShsOut": 679000000,
    "weightedAverageShsOutDil": 679000000,
    "link": "https://www.sec.gov/Archives/edgar/data/833444/000104746911004182/0001047469-11-004182-index.htm",
    "finalLink": "https://www.sec.gov/Archives/edgar/data/833444/000104746911004182/a2203473z10-q.htm"
  },
  {
    "date": "2010-12-24",
    "symbol": "JCI",
    "reportedCurrency": "USD",
    "cik": "0000833444",
    "fillingDate": "2011-01-27",
    "acceptedDate": "2011-01-27 13:17:31",
    "calendarYear": "2011",
    "period": "Q1",
    "revenue": 9537000000,
    "costOfRevenue": 8123000000,
    "grossProfit": 1414000000,
    "grossProfitRatio": 0.1482646535,
    "researchAndDevelopmentExpenses": 0,
    "generalAndAdministrativeExpenses": 0,
    "sellingAndMarketingExpenses": 0,
    "sellingGeneralAndAdministrativeExpenses": -536000000,
    "otherExpenses": 1483000000,
    "operatingExpenses": 947000000,
    "costAndExpenses": 9070000000,
    "interestIncome": 0,
    "interestExpense": 35000000,
    "depreciationAndAmortization": 169000000,
    "ebitda": 702000000,
    "ebitdaratio": 0.0736080528,
    "operatingIncome": 467000000,
    "operatingIncomeRatio": 0.0489671805,
    "totalOtherIncomeExpensesNet": 31000000,
    "incomeBeforeTax": 498000000,
    "incomeBeforeTaxRatio": 0.0522176785,
    "incomeTaxExpense": 95000000,
    "netIncome": 375000000,
    "netIncomeRatio": 0.0393205411,
    "eps": 0.55,
    "epsdiluted": 0.55,
    "weightedAverageShsOut": 679000000,
    "weightedAverageShsOutDil": 679000000,
    "link": "https://www.sec.gov/Archives/edgar/data/833444/000104746911000328/0001047469-11-000328-index.htm",
    "finalLink": "https://www.sec.gov/Archives/edgar/data/833444/000104746911000328/a2201660z10-q.htm"
  },
  {
    "date": "2010-09-24",
    "symbol": "JCI",
    "reportedCurrency": "USD",
    "cik": "0000833444",
    "fillingDate": "2010-11-12",
    "acceptedDate": "2010-11-12 06:56:12",
    "calendarYear": "2010",
    "period": "Q4",
    "revenue": 9040000000,
    "costOfRevenue": 7549000000,
    "grossProfit": 1491000000,
    "grossProfitRatio": 0.1649336283,
    "researchAndDevelopmentExpenses": 0,
    "generalAndAdministrativeExpenses": 0,
    "sellingAndMarketingExpenses": 0,
    "sellingGeneralAndAdministrativeExpenses": 985000000,
    "otherExpenses": 0,
    "operatingExpenses": 985000000,
    "costAndExpenses": 8534000000,
    "interestIncome": 0,
    "interestExpense": 53000000,
    "depreciationAndAmortization": 167000000,
    "ebitda": 771000000,
    "ebitdaratio": 0.0852876106,
    "operatingIncome": 506000000,
    "operatingIncomeRatio": 0.0559734513,
    "totalOtherIncomeExpensesNet": 45000000,
    "incomeBeforeTax": 551000000,
    "incomeBeforeTaxRatio": 0.0609513274,
    "incomeTaxExpense": 74000000,
    "netIncome": 449000000,
    "netIncomeRatio": 0.0496681416,
    "eps": 0.67,
    "epsdiluted": 0.67,
    "weightedAverageShsOut": 679000000,
    "weightedAverageShsOutDil": 679000000,
    "link": "https://www.sec.gov/Archives/edgar/data/833444/000104746910009627/0001047469-10-009627-index.htm",
    "finalLink": "https://www.sec.gov/Archives/edgar/data/833444/000104746910009627/a2200722z10-k.htm"
  },
  {
    "date": "2010-06-25",
    "symbol": "JCI",
    "reportedCurrency": "USD",
    "cik": "0000833444",
    "fillingDate": "2010-07-29",
    "acceptedDate": "2010-07-29 16:30:55",
    "calendarYear": "2010",
    "period": "Q3",
    "revenue": 8540000000,
    "costOfRevenue": 7201000000,
    "grossProfit": 1339000000,
    "grossProfitRatio": 0.1567915691,
    "researchAndDevelopmentExpenses": 0,
    "generalAndAdministrativeExpenses": 0,
    "sellingAndMarketingExpenses": 0,
    "sellingGeneralAndAdministrativeExpenses": 895000000,
    "otherExpenses": 0,
    "operatingExpenses": 895000000,
    "costAndExpenses": 8096000000,
    "interestIncome": 0,
    "interestExpense": 39000000,
    "depreciationAndAmortization": 168000000,
    "ebitda": 664000000,
    "ebitdaratio": 0.0777517564,
    "operatingIncome": 444000000,
    "operatingIncomeRatio": 0.0519906323,
    "totalOtherIncomeExpensesNet": 13000000,
    "incomeBeforeTax": 457000000,
    "incomeBeforeTaxRatio": 0.0535128806,
    "incomeTaxExpense": 31000000,
    "netIncome": 418000000,
    "netIncomeRatio": 0.0489461358,
    "eps": 0.62,
    "epsdiluted": 0.61,
    "weightedAverageShsOut": 679000000,
    "weightedAverageShsOutDil": 679000000,
    "link": "https://www.sec.gov/Archives/edgar/data/833444/000104746910006744/0001047469-10-006744-index.htm",
    "finalLink": "https://www.sec.gov/Archives/edgar/data/833444/000104746910006744/a2199445z10-q.htm"
  },
  {
    "date": "2010-03-26",
    "symbol": "JCI",
    "reportedCurrency": "USD",
    "cik": "0000833444",
    "fillingDate": "2010-04-27",
    "acceptedDate": "2010-04-27 13:55:36",
    "calendarYear": "2010",
    "period": "Q2",
    "revenue": 8317000000,
    "costOfRevenue": 7094000000,
    "grossProfit": 1223000000,
    "grossProfitRatio": 0.1470482145,
    "researchAndDevelopmentExpenses": 0,
    "generalAndAdministrativeExpenses": 0,
    "sellingAndMarketingExpenses": 0,
    "sellingGeneralAndAdministrativeExpenses": 847000000,
    "otherExpenses": 0,
    "operatingExpenses": 847000000,
    "costAndExpenses": 7941000000,
    "interestIncome": 0,
    "interestExpense": 43000000,
    "depreciationAndAmortization": 176000000,
    "ebitda": 603000000,
    "ebitdaratio": 0.0725021041,
    "operatingIncome": 376000000,
    "operatingIncomeRatio": 0.0452086089,
    "totalOtherIncomeExpensesNet": 8000000,
    "incomeBeforeTax": 384000000,
    "incomeBeforeTaxRatio": 0.0461704942,
    "incomeTaxExpense": 87000000,
    "netIncome": 274000000,
    "netIncomeRatio": 0.0329445714,
    "eps": 0.4,
    "epsdiluted": 0.4,
    "weightedAverageShsOut": 679000000,
    "weightedAverageShsOutDil": 679000000,
    "link": "https://www.sec.gov/Archives/edgar/data/833444/000104746910004246/0001047469-10-004246-index.htm",
    "finalLink": "https://www.sec.gov/Archives/edgar/data/833444/000104746910004246/a2198086z10-q.htm"
  },
  {
    "date": "2009-12-25",
    "symbol": "JCI",
    "reportedCurrency": "USD",
    "cik": "0000833444",
    "fillingDate": "2010-01-28",
    "acceptedDate": "2010-01-28 16:25:44",
    "calendarYear": "2010",
    "period": "Q1",
    "revenue": 8408000000,
    "costOfRevenue": 7172000000,
    "grossProfit": 1236000000,
    "grossProfitRatio": 0.1470028544,
    "researchAndDevelopmentExpenses": 0,
    "generalAndAdministrativeExpenses": 0,
    "sellingAndMarketingExpenses": 0,
    "sellingGeneralAndAdministrativeExpenses": 883000000,
    "otherExpenses": 0,
    "operatingExpenses": 883000000,
    "costAndExpenses": 8055000000,
    "interestIncome": 0,
    "interestExpense": 35000000,
    "depreciationAndAmortization": 180000000,
    "ebitda": 586000000,
    "ebitdaratio": 0.0696955281,
    "operatingIncome": 353000000,
    "operatingIncomeRatio": 0.0419838249,
    "totalOtherIncomeExpensesNet": 18000000,
    "incomeBeforeTax": 371000000,
    "incomeBeforeTaxRatio": 0.0441246432,
    "incomeTaxExpense": 5000000,
    "netIncome": 350000000,
    "netIncomeRatio": 0.0416270219,
    "eps": 0.52,
    "epsdiluted": 0.51,
    "weightedAverageShsOut": 679000000,
    "weightedAverageShsOutDil": 679000000,
    "link": "https://www.sec.gov/Archives/edgar/data/833444/000104746910000401/0001047469-10-000401-index.htm",
    "finalLink": "https://www.sec.gov/Archives/edgar/data/833444/000104746910000401/a2196076z10-q.htm"
  },
  {
    "date": "2009-09-25",
    "symbol": "JCI",
    "reportedCurrency": "USD",
    "cik": "0000833444",
    "fillingDate": "2009-11-17",
    "acceptedDate": "2009-11-16 18:09:32",
    "calendarYear": "2009",
    "period": "Q4",
    "revenue": 7867000000,
    "costOfRevenue": 6724000000,
    "grossProfit": 1143000000,
    "grossProfitRatio": 0.1452904538,
    "researchAndDevelopmentExpenses": 0,
    "generalAndAdministrativeExpenses": 0,
    "sellingAndMarketingExpenses": 0,
    "sellingGeneralAndAdministrativeExpenses": 761000000,
    "otherExpenses": 0,
    "operatingExpenses": 761000000,
    "costAndExpenses": 7485000000,
    "interestIncome": 0,
    "interestExpense": 72000000,
    "depreciationAndAmortization": 184000000,
    "ebitda": 482000000,
    "ebitdaratio": 0.0612685903,
    "operatingIncome": 382000000,
    "operatingIncomeRatio": 0.0485572645,
    "totalOtherIncomeExpensesNet": -156000000,
    "incomeBeforeTax": 226000000,
    "incomeBeforeTaxRatio": 0.0287275963,
    "incomeTaxExpense": -77000000,
    "netIncome": 300000000,
    "netIncomeRatio": 0.0381339774,
    "eps": 0.44,
    "epsdiluted": 0.44,
    "weightedAverageShsOut": 679000000,
    "weightedAverageShsOutDil": 679000000,
    "link": "https://www.sec.gov/Archives/edgar/data/833444/000104746909010234/0001047469-09-010234-index.htm",
    "finalLink": "https://www.sec.gov/Archives/edgar/data/833444/000104746909010234/a2195016z10-k.htm"
  },
  {
    "date": "2009-06-26",
    "symbol": "JCI",
    "reportedCurrency": "USD",
    "cik": "0000833444",
    "fillingDate": "2009-07-30",
    "acceptedDate": "2009-07-30 17:16:03",
    "calendarYear": "2009",
    "period": "Q3",
    "revenue": 6979000000,
    "costOfRevenue": 5940000000,
    "grossProfit": 1039000000,
    "grossProfitRatio": 0.148875197,
    "researchAndDevelopmentExpenses": 0,
    "generalAndAdministrativeExpenses": 0,
    "sellingAndMarketingExpenses": 0,
    "sellingGeneralAndAdministrativeExpenses": 787000000,
    "otherExpenses": 0,
    "operatingExpenses": 787000000,
    "costAndExpenses": 6727000000,
    "interestIncome": 0,
    "interestExpense": 65000000,
    "depreciationAndAmortization": 180000000,
    "ebitda": 462000000,
    "ebitdaratio": 0.0661985958,
    "operatingIncome": 252000000,
    "operatingIncomeRatio": 0.036108325,
    "totalOtherIncomeExpensesNet": -35000000,
    "incomeBeforeTax": 217000000,
    "incomeBeforeTaxRatio": 0.0310932798,
    "incomeTaxExpense": 50000000,
    "netIncome": 163000000,
    "netIncomeRatio": 0.0233557816,
    "eps": 0.27,
    "epsdiluted": 0.26,
    "weightedAverageShsOut": 679000000,
    "weightedAverageShsOutDil": 679000000,
    "link": "https://www.sec.gov/Archives/edgar/data/833444/000104746909007036/0001047469-09-007036-index.htm",
    "finalLink": "https://www.sec.gov/Archives/edgar/data/833444/000104746909007036/a2193762z10-q.htm"
  },
  {
    "date": "2009-03-27",
    "symbol": "JCI",
    "reportedCurrency": "USD",
    "cik": "0000833444",
    "fillingDate": "2009-04-30",
    "acceptedDate": "2009-04-30 16:03:11",
    "calendarYear": "2009",
    "period": "Q2",
    "revenue": 6315000000,
    "costOfRevenue": 5633000000,
    "grossProfit": 682000000,
    "grossProfitRatio": 0.1079968329,
    "researchAndDevelopmentExpenses": 0,
    "generalAndAdministrativeExpenses": 0,
    "sellingAndMarketingExpenses": 0,
    "sellingGeneralAndAdministrativeExpenses": 803000000,
    "otherExpenses": 0,
    "operatingExpenses": 803000000,
    "costAndExpenses": 6436000000,
    "interestIncome": 0,
    "interestExpense": 46000000,
    "depreciationAndAmortization": 191000000,
    "ebitda": -158000000,
    "ebitdaratio": -0.0250197941,
    "operatingIncome": -121000000,
    "operatingIncomeRatio": -0.0191607284,
    "totalOtherIncomeExpensesNet": -274000000,
    "incomeBeforeTax": -395000000,
    "incomeBeforeTaxRatio": -0.0625494854,
    "incomeTaxExpense": -183000000,
    "netIncome": -193000000,
    "netIncomeRatio": -0.0305621536,
    "eps": -0.29,
    "epsdiluted": -0.28,
    "weightedAverageShsOut": 679000000,
    "weightedAverageShsOutDil": 679000000,
    "link": "https://www.sec.gov/Archives/edgar/data/833444/000104746909004796/0001047469-09-004796-index.htm",
    "finalLink": "https://www.sec.gov/Archives/edgar/data/833444/000104746909004796/a2192377z10-q.htm"
  },
  {
    "date": "2008-12-26",
    "symbol": "JCI",
    "reportedCurrency": "USD",
    "cik": "0000833444",
    "fillingDate": "2009-02-03",
    "acceptedDate": "2009-02-03 15:30:08",
    "calendarYear": "2009",
    "period": "Q1",
    "revenue": 7336000000,
    "costOfRevenue": 6651000000,
    "grossProfit": 685000000,
    "grossProfitRatio": 0.0933751363,
    "researchAndDevelopmentExpenses": 0,
    "generalAndAdministrativeExpenses": 0,
    "sellingAndMarketingExpenses": 0,
    "sellingGeneralAndAdministrativeExpenses": 859000000,
    "otherExpenses": 0,
    "operatingExpenses": 859000000,
    "costAndExpenses": 7510000000,
    "interestIncome": 0,
    "interestExpense": 56000000,
    "depreciationAndAmortization": 190000000,
    "ebitda": -120000000,
    "ebitdaratio": -0.0163576881,
    "operatingIncome": -174000000,
    "operatingIncomeRatio": -0.0237186478,
    "totalOtherIncomeExpensesNet": -192000000,
    "incomeBeforeTax": -366000000,
    "incomeBeforeTaxRatio": -0.0498909487,
    "incomeTaxExpense": 242000000,
    "netIncome": -608000000,
    "netIncomeRatio": -0.0828789531,
    "eps": -0.98,
    "epsdiluted": -0.97,
    "weightedAverageShsOut": 679000000,
    "weightedAverageShsOutDil": 679000000,
    "link": "https://www.sec.gov/Archives/edgar/data/833444/000104746909000560/0001047469-09-000560-index.htm",
    "finalLink": "https://www.sec.gov/Archives/edgar/data/833444/000104746909000560/a2190031z10-q.htm"
  },
  {
    "date": "2008-09-26",
    "symbol": "JCI",
    "reportedCurrency": "USD",
    "cik": "0000833444",
    "fillingDate": "2008-11-19",
    "acceptedDate": "2008-11-19 17:15:57",
    "calendarYear": "2008",
    "period": "Q4",
    "revenue": 9307000000,
    "costOfRevenue": 7883000000,
    "grossProfit": 1424000000,
    "grossProfitRatio": 0.1530031159,
    "researchAndDevelopmentExpenses": 0,
    "generalAndAdministrativeExpenses": 0,
    "sellingAndMarketingExpenses": 0,
    "sellingGeneralAndAdministrativeExpenses": 850000000,
    "otherExpenses": 0,
    "operatingExpenses": 850000000,
    "costAndExpenses": 8733000000,
    "interestIncome": 0,
    "interestExpense": 0,
    "depreciationAndAmortization": 202000000,
    "ebitda": 397000000,
    "ebitdaratio": 0.0426560653,
    "operatingIncome": 574000000,
    "operatingIncomeRatio": 0.0616740088,
    "totalOtherIncomeExpensesNet": -518000000,
    "incomeBeforeTax": 56000000,
    "incomeBeforeTaxRatio": 0.0060169765,
    "incomeTaxExpense": 55000000,
    "netIncome": 16000000,
    "netIncomeRatio": 0.0017191361,
    "eps": 0.56,
    "epsdiluted": 0.01,
    "weightedAverageShsOut": 679000000,
    "weightedAverageShsOutDil": 679000000,
    "link": "https://www.sec.gov/Archives/edgar/data/833444/000104746908012419/0001047469-08-012419-index.htm",
    "finalLink": "https://www.sec.gov/Archives/edgar/data/833444/000104746908012419/a2188718z10-k.htm"
  },
  {
    "date": "2008-06-27",
    "symbol": "JCI",
    "reportedCurrency": "USD",
    "cik": "0000833444",
    "fillingDate": "2008-08-05",
    "acceptedDate": "2008-08-05 13:55:47",
    "calendarYear": "2008",
    "period": "Q3",
    "revenue": 9865000000,
    "costOfRevenue": 8380000000,
    "grossProfit": 1485000000,
    "grossProfitRatio": 0.1505321845,
    "researchAndDevelopmentExpenses": 0,
    "generalAndAdministrativeExpenses": 0,
    "sellingAndMarketingExpenses": 0,
    "sellingGeneralAndAdministrativeExpenses": 877000000,
    "otherExpenses": 0,
    "operatingExpenses": 877000000,
    "costAndExpenses": 9257000000,
    "interestIncome": 0,
    "interestExpense": 69000000,
    "depreciationAndAmortization": 196000000,
    "ebitda": 841000000,
    "ebitdaratio": 0.085250887,
    "operatingIncome": 608000000,
    "operatingIncomeRatio": 0.0616320324,
    "totalOtherIncomeExpensesNet": -32000000,
    "incomeBeforeTax": 576000000,
    "incomeBeforeTaxRatio": 0.0583882413,
    "incomeTaxExpense": 121000000,
    "netIncome": 439000000,
    "netIncomeRatio": 0.0445007603,
    "eps": 0.74,
    "epsdiluted": 0.73,
    "weightedAverageShsOut": 679000000,
    "weightedAverageShsOutDil": 679000000,
    "link": "https://www.sec.gov/Archives/edgar/data/833444/000104746908008719/0001047469-08-008719-index.htm",
    "finalLink": "https://www.sec.gov/Archives/edgar/data/833444/000104746908008719/a2186986z10-q.htm"
  },
  {
    "date": "2008-03-28",
    "symbol": "JCI",
    "reportedCurrency": "USD",
    "cik": "0000833444",
    "fillingDate": "2008-05-06",
    "acceptedDate": "2008-05-06 12:27:12",
    "calendarYear": "2008",
    "period": "Q2",
    "revenue": 9406000000,
    "costOfRevenue": 8096000000,
    "grossProfit": 1310000000,
    "grossProfitRatio": 0.1392728046,
    "researchAndDevelopmentExpenses": 0,
    "generalAndAdministrativeExpenses": 0,
    "sellingAndMarketingExpenses": 0,
    "sellingGeneralAndAdministrativeExpenses": 888000000,
    "otherExpenses": 0,
    "operatingExpenses": 888000000,
    "costAndExpenses": 8984000000,
    "interestIncome": 0,
    "interestExpense": 66000000,
    "depreciationAndAmortization": 194000000,
    "ebitda": 647000000,
    "ebitdaratio": 0.0687858814,
    "operatingIncome": 422000000,
    "operatingIncomeRatio": 0.0448649798,
    "totalOtherIncomeExpensesNet": -35000000,
    "incomeBeforeTax": 387000000,
    "incomeBeforeTaxRatio": 0.0411439507,
    "incomeTaxExpense": 81000000,
    "netIncome": 289000000,
    "netIncomeRatio": 0.0307250691,
    "eps": 0.49,
    "epsdiluted": 0.5,
    "weightedAverageShsOut": 679000000,
    "weightedAverageShsOutDil": 679000000,
    "link": "https://www.sec.gov/Archives/edgar/data/833444/000104746908006036/0001047469-08-006036-index.htm",
    "finalLink": "https://www.sec.gov/Archives/edgar/data/833444/000104746908006036/a2185031z10-q.htm"
  },
  {
    "date": "2007-12-28",
    "symbol": "JCI",
    "reportedCurrency": "USD",
    "cik": "0000833444",
    "fillingDate": "2008-02-05",
    "acceptedDate": "2008-02-05 16:55:17",
    "calendarYear": "2008",
    "period": "Q1",
    "revenue": 9484000000,
    "costOfRevenue": 8177000000,
    "grossProfit": 1307000000,
    "grossProfitRatio": 0.1378110502,
    "researchAndDevelopmentExpenses": 0,
    "generalAndAdministrativeExpenses": 0,
    "sellingAndMarketingExpenses": 0,
    "sellingGeneralAndAdministrativeExpenses": 950000000,
    "otherExpenses": 0,
    "operatingExpenses": 950000000,
    "costAndExpenses": 9127000000,
    "interestIncome": 0,
    "interestExpense": 0,
    "depreciationAndAmortization": 191000000,
    "ebitda": 548000000,
    "ebitdaratio": 0.0577815268,
    "operatingIncome": 357000000,
    "operatingIncomeRatio": 0.037642345,
    "totalOtherIncomeExpensesNet": -52000000,
    "incomeBeforeTax": 305000000,
    "incomeBeforeTaxRatio": 0.0321594264,
    "incomeTaxExpense": 64000000,
    "netIncome": 235000000,
    "netIncomeRatio": 0.0247785744,
    "eps": 0.42,
    "epsdiluted": 0.41,
    "weightedAverageShsOut": 679000000,
    "weightedAverageShsOutDil": 679000000,
    "link": "https://www.sec.gov/Archives/edgar/data/833444/000104746908000852/0001047469-08-000852-index.htm",
    "finalLink": "https://www.sec.gov/Archives/edgar/data/833444/000104746908000852/a2182228z10-q.htm"
  },
  {
    "date": "2007-09-28",
    "symbol": "JCI",
    "reportedCurrency": "USD",
    "cik": "0000833444",
    "fillingDate": "2007-11-27",
    "acceptedDate": "2007-11-27 17:24:46",
    "calendarYear": "2007",
    "period": "Q4",
    "revenue": 9011000000,
    "costOfRevenue": 7586000000,
    "grossProfit": 1425000000,
    "grossProfitRatio": 0.158140051,
    "researchAndDevelopmentExpenses": 0,
    "generalAndAdministrativeExpenses": 0,
    "sellingAndMarketingExpenses": 0,
    "sellingGeneralAndAdministrativeExpenses": 786000000,
    "otherExpenses": 0,
    "operatingExpenses": 786000000,
    "costAndExpenses": 8372000000,
    "interestIncome": 0,
    "interestExpense": 0,
    "depreciationAndAmortization": 164000000,
    "ebitda": 892000000,
    "ebitdaratio": 0.0989901232,
    "operatingIncome": 639000000,
    "operatingIncomeRatio": 0.0709133282,
    "totalOtherIncomeExpensesNet": -47000000,
    "incomeBeforeTax": 592000000,
    "incomeBeforeTaxRatio": 0.0656974809,
    "incomeTaxExpense": 124000000,
    "netIncome": 466000000,
    "netIncomeRatio": 0.0517145711,
    "eps": 0.4,
    "epsdiluted": 0.4,
    "weightedAverageShsOut": 679000000,
    "weightedAverageShsOutDil": 679000000,
    "link": "https://www.sec.gov/Archives/edgar/data/833444/000104746907009551/0001047469-07-009551-index.htm",
    "finalLink": "https://www.sec.gov/Archives/edgar/data/833444/000104746907009551/a2180449z10-k.htm"
  },
  {
    "date": "2007-06-29",
    "symbol": "JCI",
    "reportedCurrency": "USD",
    "cik": "0000833444",
    "fillingDate": "2007-08-09",
    "acceptedDate": "2007-08-09 10:07:20",
    "calendarYear": "2007",
    "period": "Q3",
    "revenue": 8911000000,
    "costOfRevenue": 7527000000,
    "grossProfit": 1384000000,
    "grossProfitRatio": 0.1553136573,
    "researchAndDevelopmentExpenses": 0,
    "generalAndAdministrativeExpenses": 0,
    "sellingAndMarketingExpenses": 0,
    "sellingGeneralAndAdministrativeExpenses": 831000000,
    "otherExpenses": 0,
    "operatingExpenses": 831000000,
    "costAndExpenses": 8358000000,
    "interestIncome": 0,
    "interestExpense": 0,
    "depreciationAndAmortization": 194000000,
    "ebitda": 747000000,
    "ebitdaratio": 0.0838289754,
    "operatingIncome": 553000000,
    "operatingIncomeRatio": 0.0620581304,
    "totalOtherIncomeExpensesNet": -51000000,
    "incomeBeforeTax": 502000000,
    "incomeBeforeTaxRatio": 0.056334867,
    "incomeTaxExpense": 106000000,
    "netIncome": 396000000,
    "netIncomeRatio": 0.0444394569,
    "eps": -3.33,
    "epsdiluted": -3.26,
    "weightedAverageShsOut": 679000000,
    "weightedAverageShsOutDil": 679000000,
    "link": "https://www.sec.gov/Archives/edgar/data/833444/000104746907006231/0001047469-07-006231-index.htm",
    "finalLink": "https://www.sec.gov/Archives/edgar/data/833444/000104746907006231/a2179102z10-q.htm"
  },
  {
    "date": "2007-03-30",
    "symbol": "JCI",
    "reportedCurrency": "USD",
    "cik": "0000833444",
    "fillingDate": "2007-05-08",
    "acceptedDate": "2007-05-08 17:22:24",
    "calendarYear": "2007",
    "period": "Q2",
    "revenue": 8492000000,
    "costOfRevenue": 7299000000,
    "grossProfit": 1193000000,
    "grossProfitRatio": 0.1404851625,
    "researchAndDevelopmentExpenses": 0,
    "generalAndAdministrativeExpenses": 0,
    "sellingAndMarketingExpenses": 0,
    "sellingGeneralAndAdministrativeExpenses": 861000000,
    "otherExpenses": 0,
    "operatingExpenses": 861000000,
    "costAndExpenses": 8160000000,
    "interestIncome": 0,
    "interestExpense": 0,
    "depreciationAndAmortization": 188000000,
    "ebitda": 520000000,
    "ebitdaratio": 0.0612341027,
    "operatingIncome": 332000000,
    "operatingIncomeRatio": 0.0390956194,
    "totalOtherIncomeExpensesNet": -50000000,
    "incomeBeforeTax": 282000000,
    "incomeBeforeTaxRatio": 0.0332077249,
    "incomeTaxExpense": 17000000,
    "netIncome": 228000000,
    "netIncomeRatio": 0.0268487989,
    "eps": 0.42,
    "epsdiluted": 0.42,
    "weightedAverageShsOut": 679000000,
    "weightedAverageShsOutDil": 679000000,
    "link": "https://www.sec.gov/Archives/edgar/data/833444/000104746907003842/0001047469-07-003842-index.htm",
    "finalLink": "https://www.sec.gov/Archives/edgar/data/833444/000104746907003842/a2177482z10-q.htm"
  },
  {
    "date": "2006-12-29",
    "symbol": "JCI",
    "reportedCurrency": "USD",
    "cik": "0000833444",
    "fillingDate": "2007-02-06",
    "acceptedDate": "2007-02-06 17:29:27",
    "calendarYear": "2007",
    "period": "Q1",
    "revenue": 8210000000,
    "costOfRevenue": 7136000000,
    "grossProfit": 1074000000,
    "grossProfitRatio": 0.130816078,
    "researchAndDevelopmentExpenses": 0,
    "generalAndAdministrativeExpenses": 0,
    "sellingAndMarketingExpenses": 0,
    "sellingGeneralAndAdministrativeExpenses": 803000000,
    "otherExpenses": 0,
    "operatingExpenses": 803000000,
    "costAndExpenses": 7939000000,
    "interestIncome": 0,
    "interestExpense": 0,
    "depreciationAndAmortization": 186000000,
    "ebitda": 457000000,
    "ebitdaratio": 0.0556638246,
    "operatingIncome": 271000000,
    "operatingIncomeRatio": 0.0330085262,
    "totalOtherIncomeExpensesNet": -40000000,
    "incomeBeforeTax": 231000000,
    "incomeBeforeTaxRatio": 0.028136419,
    "incomeTaxExpense": 53000000,
    "netIncome": 162000000,
    "netIncomeRatio": 0.0197320341,
    "eps": 0.29,
    "epsdiluted": 0.28,
    "weightedAverageShsOut": 679000000,
    "weightedAverageShsOutDil": 679000000,
    "link": "https://www.sec.gov/Archives/edgar/data/833444/000104746907000707/0001047469-07-000707-index.htm",
    "finalLink": "https://www.sec.gov/Archives/edgar/data/833444/000104746907000707/a2175745z10-q.htm"
  },
  {
    "date": "2006-09-29",
    "symbol": "JCI",
    "reportedCurrency": "USD",
    "cik": "0000833444",
    "fillingDate": "2006-12-11",
    "acceptedDate": "2006-12-11 16:47:15",
    "calendarYear": "2006",
    "period": "Q4",
    "revenue": 8150000000,
    "costOfRevenue": 6913000000,
    "grossProfit": 1237000000,
    "grossProfitRatio": 0.1517791411,
    "researchAndDevelopmentExpenses": 0,
    "generalAndAdministrativeExpenses": 0,
    "sellingAndMarketingExpenses": 0,
    "sellingGeneralAndAdministrativeExpenses": 732000000,
    "otherExpenses": 0,
    "operatingExpenses": 732000000,
    "costAndExpenses": 7645000000,
    "interestIncome": 0,
    "interestExpense": 0,
    "depreciationAndAmortization": 181000000,
    "ebitda": 593000000,
    "ebitdaratio": 0.0727607362,
    "operatingIncome": 505000000,
    "operatingIncomeRatio": 0.0619631902,
    "totalOtherIncomeExpensesNet": -27000000,
    "incomeBeforeTax": 478000000,
    "incomeBeforeTaxRatio": 0.0586503067,
    "incomeTaxExpense": 100000000,
    "netIncome": 360000000,
    "netIncomeRatio": 0.0441717791,
    "eps": 2.68,
    "epsdiluted": 2.68,
    "weightedAverageShsOut": 679000000,
    "weightedAverageShsOutDil": 679000000,
    "link": "https://www.sec.gov/Archives/edgar/data/833444/000104746906014899/0001047469-06-014899-index.htm",
    "finalLink": "https://www.sec.gov/Archives/edgar/data/833444/000104746906014899/a2174482z10-k.htm"
  },
  {
    "date": "2006-06-30",
    "symbol": "JCI",
    "reportedCurrency": "USD",
    "cik": "0000833444",
    "fillingDate": "2006-08-08",
    "acceptedDate": "2006-08-08 17:23:57",
    "calendarYear": "2006",
    "period": "Q3",
    "revenue": 8390000000,
    "costOfRevenue": 7177000000,
    "grossProfit": 1213000000,
    "grossProfitRatio": 0.1445768772,
    "researchAndDevelopmentExpenses": 0,
    "generalAndAdministrativeExpenses": 0,
    "sellingAndMarketingExpenses": 0,
    "sellingGeneralAndAdministrativeExpenses": 736000000,
    "otherExpenses": 0,
    "operatingExpenses": 736000000,
    "costAndExpenses": 7913000000,
    "interestIncome": 0,
    "interestExpense": 0,
    "depreciationAndAmortization": 178000000,
    "ebitda": 654000000,
    "ebitdaratio": 0.0779499404,
    "operatingIncome": 477000000,
    "operatingIncomeRatio": 0.0568533969,
    "totalOtherIncomeExpensesNet": -243000000,
    "incomeBeforeTax": 233000000,
    "incomeBeforeTaxRatio": 0.0277711561,
    "incomeTaxExpense": -110500000,
    "netIncome": 338000000,
    "netIncomeRatio": 0.0402860548,
    "eps": 0.44,
    "epsdiluted": 0.43,
    "weightedAverageShsOut": 679000000,
    "weightedAverageShsOutDil": 679000000,
    "link": "https://www.sec.gov/Archives/edgar/data/833444/000104746906010588/0001047469-06-010588-index.htm",
    "finalLink": "https://www.sec.gov/Archives/edgar/data/833444/000104746906010588/a2172168z10-q.htm"
  },
  {
    "date": "2006-03-31",
    "symbol": "JCI",
    "reportedCurrency": "USD",
    "cik": "0000833444",
    "fillingDate": "2006-05-09",
    "acceptedDate": "2006-05-09 14:59:10",
    "calendarYear": "2006",
    "period": "Q2",
    "revenue": 8167000000,
    "costOfRevenue": 7114000000,
    "grossProfit": 1053000000,
    "grossProfitRatio": 0.1289335129,
    "researchAndDevelopmentExpenses": 0,
    "generalAndAdministrativeExpenses": 0,
    "sellingAndMarketingExpenses": 0,
    "sellingGeneralAndAdministrativeExpenses": 787000000,
    "otherExpenses": 0,
    "operatingExpenses": 787000000,
    "costAndExpenses": 7901000000,
    "interestIncome": 0,
    "interestExpense": 0,
    "depreciationAndAmortization": 180600000,
    "ebitda": 447000000,
    "ebitdaratio": 0.0547324599,
    "operatingIncome": 266000000,
    "operatingIncomeRatio": 0.0325700992,
    "totalOtherIncomeExpensesNet": -57000000,
    "incomeBeforeTax": 209000000,
    "incomeBeforeTaxRatio": 0.0255907922,
    "incomeTaxExpense": 36500000,
    "netIncome": 165000000,
    "netIncomeRatio": 0.020203257,
    "eps": 0.54,
    "epsdiluted": 0.52,
    "weightedAverageShsOut": 679000000,
    "weightedAverageShsOutDil": 679000000,
    "link": "https://www.sec.gov/Archives/edgar/data/833444/000104746906006711/0001047469-06-006711-index.htm",
    "finalLink": "https://www.sec.gov/Archives/edgar/data/833444/000104746906006711/a2169901z10-q.htm"
  },
  {
    "date": "2005-12-30",
    "symbol": "JCI",
    "reportedCurrency": "USD",
    "cik": "0000833444",
    "fillingDate": "2006-02-07",
    "acceptedDate": "2006-02-07 17:03:22",
    "calendarYear": "2006",
    "period": "Q1",
    "revenue": 7527600000,
    "costOfRevenue": 6611000000,
    "grossProfit": 916600000,
    "grossProfitRatio": 0.1217652373,
    "researchAndDevelopmentExpenses": 0,
    "generalAndAdministrativeExpenses": 0,
    "sellingAndMarketingExpenses": 0,
    "sellingGeneralAndAdministrativeExpenses": 681000000,
    "otherExpenses": 4600000,
    "operatingExpenses": 685600000,
    "costAndExpenses": 7296600000,
    "interestIncome": 0,
    "interestExpense": 0,
    "depreciationAndAmortization": 165400000,
    "ebitda": 406000000,
    "ebitdaratio": 0.0539348531,
    "operatingIncome": 241000000,
    "operatingIncomeRatio": 0.0320155162,
    "totalOtherIncomeExpensesNet": -23000000,
    "incomeBeforeTax": 218300000,
    "incomeBeforeTaxRatio": 0.0289999469,
    "incomeTaxExpense": 38000000,
    "netIncome": 165400000,
    "netIncomeRatio": 0.0219724746,
    "eps": 0.4,
    "epsdiluted": 0.39,
    "weightedAverageShsOut": 679000000,
    "weightedAverageShsOutDil": 679000000,
    "link": "https://www.sec.gov/Archives/edgar/data/833444/000110465906006605/0001104659-06-006605-index.htm",
    "finalLink": "https://www.sec.gov/Archives/edgar/data/833444/000110465906006605/a05-18471_110q.htm"
  },
  {
    "date": "2005-09-30",
    "symbol": "JCI",
    "reportedCurrency": "USD",
    "cik": "0000833444",
    "fillingDate": "2005-12-09",
    "acceptedDate": "2005-12-09 16:29:39",
    "calendarYear": "2005",
    "period": "Q4",
    "revenue": 6496300000,
    "costOfRevenue": 5596800000,
    "grossProfit": 899500000,
    "grossProfitRatio": 0.138463433,
    "researchAndDevelopmentExpenses": 0,
    "generalAndAdministrativeExpenses": 0,
    "sellingAndMarketingExpenses": 0,
    "sellingGeneralAndAdministrativeExpenses": 495000000,
    "otherExpenses": 4400000,
    "operatingExpenses": 499400000,
    "costAndExpenses": 6096200000,
    "interestIncome": 0,
    "interestExpense": 0,
    "depreciationAndAmortization": 154600000,
    "ebitda": 402200000,
    "ebitdaratio": 0.0619121654,
    "operatingIncome": 400100000,
    "operatingIncomeRatio": 0.0615889045,
    "totalOtherIncomeExpensesNet": -10300000,
    "incomeBeforeTax": 389800000,
    "incomeBeforeTaxRatio": 0.0600033865,
    "incomeTaxExpense": 96700000,
    "netIncome": 283800000,
    "netIncomeRatio": 0.0436864061,
    "eps": 2,
    "epsdiluted": 2,
    "weightedAverageShsOut": 679000000,
    "weightedAverageShsOutDil": 679000000,
    "link": "https://www.sec.gov/Archives/edgar/data/833444/000104746905028024/0001047469-05-028024-index.htm",
    "finalLink": "https://www.sec.gov/Archives/edgar/data/833444/000104746905028024/a2165075z10-k.htm"
  },
  {
    "date": "2005-07-01",
    "symbol": "JCI",
    "reportedCurrency": "USD",
    "cik": "0000833444",
    "fillingDate": "2005-08-09",
    "acceptedDate": "2005-08-09 16:45:39",
    "calendarYear": "2005",
    "period": "Q3",
    "revenue": 7062100000,
    "costOfRevenue": 6161800000,
    "grossProfit": 900300000,
    "grossProfitRatio": 0.1274833265,
    "researchAndDevelopmentExpenses": 0,
    "generalAndAdministrativeExpenses": 0,
    "sellingAndMarketingExpenses": 0,
    "sellingGeneralAndAdministrativeExpenses": 527800000,
    "otherExpenses": 4400000,
    "operatingExpenses": 532200000,
    "costAndExpenses": 6694000000,
    "interestIncome": 0,
    "interestExpense": 0,
    "depreciationAndAmortization": 149800000,
    "ebitda": 519000000,
    "ebitdaratio": 0.073490888,
    "operatingIncome": 368100000,
    "operatingIncomeRatio": 0.0521233061,
    "totalOtherIncomeExpensesNet": -12000000,
    "incomeBeforeTax": 349500000,
    "incomeBeforeTaxRatio": 0.0494895286,
    "incomeTaxExpense": 94600000,
    "netIncome": 254700000,
    "netIncomeRatio": 0.0360657595,
    "eps": 0.59,
    "epsdiluted": 0.56,
    "weightedAverageShsOut": 679000000,
    "weightedAverageShsOutDil": 679000000,
    "link": "https://www.sec.gov/Archives/edgar/data/833444/000110465905037943/0001104659-05-037943-index.htm",
    "finalLink": "https://www.sec.gov/Archives/edgar/data/833444/000110465905037943/a05-13688_110q.htm"
  },
  {
    "date": "2005-04-01",
    "symbol": "JCI",
    "reportedCurrency": "USD",
    "cik": "0000833444",
    "fillingDate": "2005-05-11",
    "acceptedDate": "2005-05-10 18:24:22",
    "calendarYear": "2005",
    "period": "Q2",
    "revenue": 7100600000,
    "costOfRevenue": 6249700000,
    "grossProfit": 850900000,
    "grossProfitRatio": 0.1198349435,
    "researchAndDevelopmentExpenses": 0,
    "generalAndAdministrativeExpenses": 0,
    "sellingAndMarketingExpenses": 0,
    "sellingGeneralAndAdministrativeExpenses": 574000000,
    "otherExpenses": 6900000,
    "operatingExpenses": 580900000,
    "costAndExpenses": 6830600000,
    "interestIncome": 0,
    "interestExpense": 0,
    "depreciationAndAmortization": 163300000,
    "ebitda": 416300000,
    "ebitdaratio": 0.0586288483,
    "operatingIncome": 288900000,
    "operatingIncomeRatio": 0.0406867025,
    "totalOtherIncomeExpensesNet": -231000000,
    "incomeBeforeTax": 34000000,
    "incomeBeforeTaxRatio": 0.0047883277,
    "incomeTaxExpense": -31900000,
    "netIncome": 202500000,
    "netIncomeRatio": 0.0285187167,
    "eps": 0.11,
    "epsdiluted": 0.11,
    "weightedAverageShsOut": 679000000,
    "weightedAverageShsOutDil": 679000000,
    "link": "https://www.sec.gov/Archives/edgar/data/833444/000104746905014237/0001047469-05-014237-index.htm",
    "finalLink": "https://www.sec.gov/Archives/edgar/data/833444/000104746905014237/a2156705z10-q.htm"
  },
  {
    "date": "2004-12-31",
    "symbol": "JCI",
    "reportedCurrency": "USD",
    "cik": "0000833444",
    "fillingDate": "2005-02-09",
    "acceptedDate": "2005-02-09 06:03:30",
    "calendarYear": "2005",
    "period": "Q1",
    "revenue": 6975500000,
    "costOfRevenue": 6132700000,
    "grossProfit": 842800000,
    "grossProfitRatio": 0.1208228801,
    "researchAndDevelopmentExpenses": 0,
    "generalAndAdministrativeExpenses": 0,
    "sellingAndMarketingExpenses": 0,
    "sellingGeneralAndAdministrativeExpenses": 586100000,
    "otherExpenses": 11300000,
    "operatingExpenses": 597400000,
    "costAndExpenses": 6730100000,
    "interestIncome": 0,
    "interestExpense": 0,
    "depreciationAndAmortization": 157700000,
    "ebitda": 377000000,
    "ebitdaratio": 0.0540463049,
    "operatingIncome": 219300000,
    "operatingIncomeRatio": 0.0314386066,
    "totalOtherIncomeExpensesNet": 0,
    "incomeBeforeTax": 230100000,
    "incomeBeforeTaxRatio": 0.0329868827,
    "incomeTaxExpense": 48600000,
    "netIncome": 168400000,
    "netIncomeRatio": 0.0241416386,
    "eps": 0.37,
    "epsdiluted": 0.35,
    "weightedAverageShsOut": 679000000,
    "weightedAverageShsOutDil": 679000000,
    "link": "https://www.sec.gov/Archives/edgar/data/833444/000104746905002810/0001047469-05-002810-index.htm",
    "finalLink": "https://www.sec.gov/Archives/edgar/data/833444/000104746905002810/a2150463z10-q.htm"
  },
  {
    "date": "2004-09-30",
    "symbol": "JCI",
    "reportedCurrency": "USD",
    "cik": "0000833444",
    "fillingDate": "2004-12-14",
    "acceptedDate": "2004-12-14 06:02:55",
    "calendarYear": "2004",
    "period": "Q4",
    "revenue": 6756900000,
    "costOfRevenue": 5853000000,
    "grossProfit": 903900000,
    "grossProfitRatio": 0.133774364,
    "researchAndDevelopmentExpenses": 0,
    "generalAndAdministrativeExpenses": 0,
    "sellingAndMarketingExpenses": 0,
    "sellingGeneralAndAdministrativeExpenses": 413000000,
    "otherExpenses": 77200000,
    "operatingExpenses": 490200000,
    "costAndExpenses": 6343200000,
    "interestIncome": 0,
    "interestExpense": 0,
    "depreciationAndAmortization": 165300000,
    "ebitda": 600800000,
    "ebitdaratio": 0.088916515,
    "operatingIncome": 413700000,
    "operatingIncomeRatio": 0.061226302,
    "totalOtherIncomeExpensesNet": -21000000,
    "incomeBeforeTax": 392700000,
    "incomeBeforeTaxRatio": 0.0581183679,
    "incomeTaxExpense": 95100000,
    "netIncome": 273000000,
    "netIncomeRatio": 0.0404031435,
    "eps": 0.9,
    "epsdiluted": 0.9,
    "weightedAverageShsOut": 679000000,
    "weightedAverageShsOutDil": 679000000,
    "link": "https://www.sec.gov/Archives/edgar/data/833444/000104746904036967/0001047469-04-036967-index.htm",
    "finalLink": "https://www.sec.gov/Archives/edgar/data/833444/000104746904036967/a2146767z10-k.htm"
  },
  {
    "date": "2004-06-30",
    "symbol": "JCI",
    "reportedCurrency": "USD",
    "cik": "0000833444",
    "fillingDate": "2004-08-12",
    "acceptedDate": "2004-08-12 12:40:54",
    "calendarYear": "2004",
    "period": "Q3",
    "revenue": 6792300000,
    "costOfRevenue": 5884400000,
    "grossProfit": 907900000,
    "grossProfitRatio": 0.133666063,
    "researchAndDevelopmentExpenses": 0,
    "generalAndAdministrativeExpenses": 0,
    "sellingAndMarketingExpenses": 0,
    "sellingGeneralAndAdministrativeExpenses": 530800000,
    "otherExpenses": 12400000,
    "operatingExpenses": 543200000,
    "costAndExpenses": 6427600000,
    "interestIncome": 0,
    "interestExpense": 0,
    "depreciationAndAmortization": 160700000,
    "ebitda": 503800000,
    "ebitdaratio": 0.0741722244,
    "operatingIncome": 343100000,
    "operatingIncomeRatio": 0.050513081,
    "totalOtherIncomeExpensesNet": -23500000,
    "incomeBeforeTax": 319600000,
    "incomeBeforeTaxRatio": 0.0470532809,
    "incomeTaxExpense": 98700000,
    "netIncome": 222300000,
    "netIncomeRatio": 0.0327282364,
    "eps": 0.46,
    "epsdiluted": 0.43,
    "weightedAverageShsOut": 679000000,
    "weightedAverageShsOutDil": 679000000,
    "link": "https://www.sec.gov/Archives/edgar/data/833444/000104746904026294/0001047469-04-026294-index.htm",
    "finalLink": "https://www.sec.gov/Archives/edgar/data/833444/000104746904026294/a2141246z10-q.htm"
  },
  {
    "date": "2004-03-31",
    "symbol": "JCI",
    "reportedCurrency": "USD",
    "cik": "0000833444",
    "fillingDate": "2004-05-14",
    "acceptedDate": "2004-05-14 16:32:58",
    "calendarYear": "2004",
    "period": "Q2",
    "revenue": 6620100000,
    "costOfRevenue": 5770300000,
    "grossProfit": 849800000,
    "grossProfitRatio": 0.128366641,
    "researchAndDevelopmentExpenses": 0,
    "generalAndAdministrativeExpenses": 0,
    "sellingAndMarketingExpenses": 0,
    "sellingGeneralAndAdministrativeExpenses": 575200000,
    "otherExpenses": 13700000,
    "operatingExpenses": 588900000,
    "costAndExpenses": 6359200000,
    "interestIncome": 0,
    "interestExpense": 0,
    "depreciationAndAmortization": 152600000,
    "ebitda": 472600000,
    "ebitdaratio": 0.0713886497,
    "operatingIncome": 327000000,
    "operatingIncomeRatio": 0.0493950242,
    "totalOtherIncomeExpensesNet": -95300000,
    "incomeBeforeTax": 231700000,
    "incomeBeforeTaxRatio": 0.0349994713,
    "incomeTaxExpense": 72200000,
    "netIncome": 157700000,
    "netIncomeRatio": 0.0238213924,
    "eps": 0.39,
    "epsdiluted": 0.37,
    "weightedAverageShsOut": 679000000,
    "weightedAverageShsOutDil": 679000000,
    "link": "https://www.sec.gov/Archives/edgar/data/833444/000104746904017392/0001047469-04-017392-index.htm",
    "finalLink": "https://www.sec.gov/Archives/edgar/data/833444/000104746904017392/a2135543z10-q.htm"
  },
  {
    "date": "2003-12-31",
    "symbol": "JCI",
    "reportedCurrency": "USD",
    "cik": "0000833444",
    "fillingDate": "2004-02-17",
    "acceptedDate": "2004-02-13 19:46:59",
    "calendarYear": "2004",
    "period": "Q1",
    "revenue": 6384100000,
    "costOfRevenue": 5522800000,
    "grossProfit": 861300000,
    "grossProfitRatio": 0.1349133002,
    "researchAndDevelopmentExpenses": 0,
    "generalAndAdministrativeExpenses": 0,
    "sellingAndMarketingExpenses": 0,
    "sellingGeneralAndAdministrativeExpenses": 592100000,
    "otherExpenses": 7400000,
    "operatingExpenses": 599500000,
    "costAndExpenses": 6122300000,
    "interestIncome": 0,
    "interestExpense": 0,
    "depreciationAndAmortization": 145000000,
    "ebitda": 398500000,
    "ebitdaratio": 0.0624207014,
    "operatingIncome": 253500000,
    "operatingIncomeRatio": 0.0397080246,
    "totalOtherIncomeExpensesNet": -32100000,
    "incomeBeforeTax": 229700000,
    "incomeBeforeTaxRatio": 0.0359800128,
    "incomeTaxExpense": 49700000,
    "netIncome": 164500000,
    "netIncomeRatio": 0.0257671402,
    "eps": 0.36,
    "epsdiluted": 0.34,
    "weightedAverageShsOut": 679000000,
    "weightedAverageShsOutDil": 679000000,
    "link": "https://www.sec.gov/Archives/edgar/data/833444/000104746904004581/0001047469-04-004581-index.htm",
    "finalLink": "https://www.sec.gov/Archives/edgar/data/833444/000104746904004581/a2127849z10-q.htm"
  },
  {
    "date": "2003-09-30",
    "symbol": "JCI",
    "reportedCurrency": "USD",
    "cik": "0000833444",
    "fillingDate": "2003-12-17",
    "acceptedDate": "2003-12-16 21:57:06",
    "calendarYear": "2003",
    "period": "Q4",
    "revenue": 5999700000,
    "costOfRevenue": 5126800000,
    "grossProfit": 872900000,
    "grossProfitRatio": 0.1454906079,
    "researchAndDevelopmentExpenses": 0,
    "generalAndAdministrativeExpenses": 0,
    "sellingAndMarketingExpenses": 0,
    "sellingGeneralAndAdministrativeExpenses": 512800000,
    "otherExpenses": 0,
    "operatingExpenses": 512800000,
    "costAndExpenses": 5639600000,
    "interestIncome": 0,
    "interestExpense": 0,
    "depreciationAndAmortization": 143600000,
    "ebitda": 513300000,
    "ebitdaratio": 0.0855542777,
    "operatingIncome": 360100000,
    "operatingIncomeRatio": 0.0600196677,
    "totalOtherIncomeExpensesNet": -34600000,
    "incomeBeforeTax": 325500000,
    "incomeBeforeTaxRatio": 0.0542527126,
    "incomeTaxExpense": 100900000,
    "netIncome": 220300000,
    "netIncomeRatio": 0.0367185026,
    "eps": -0.6,
    "epsdiluted": -0.6,
    "weightedAverageShsOut": 679000000,
    "weightedAverageShsOutDil": 679000000,
    "link": "https://www.sec.gov/Archives/edgar/data/833444/000104746903041163/0001047469-03-041163-index.htm",
    "finalLink": "https://www.sec.gov/Archives/edgar/data/833444/000104746903041163/a2122987z10-k.htm"
  },
  {
    "date": "2003-06-30",
    "symbol": "JCI",
    "reportedCurrency": "USD",
    "cik": "0000833444",
    "fillingDate": "2003-08-14",
    "acceptedDate": "2003-08-14 14:37:45",
    "calendarYear": "2003",
    "period": "Q3",
    "revenue": 5959900000,
    "costOfRevenue": 5124200000,
    "grossProfit": 835700000,
    "grossProfitRatio": 0.1402204735,
    "researchAndDevelopmentExpenses": 0,
    "generalAndAdministrativeExpenses": 0,
    "sellingAndMarketingExpenses": 0,
    "sellingGeneralAndAdministrativeExpenses": 519400000,
    "otherExpenses": 0,
    "operatingExpenses": 519400000,
    "costAndExpenses": 5643600000,
    "interestIncome": 0,
    "interestExpense": 0,
    "depreciationAndAmortization": 144200000,
    "ebitda": 459500000,
    "ebitdaratio": 0.077098609,
    "operatingIncome": 316300000,
    "operatingIncomeRatio": 0.0530713603,
    "totalOtherIncomeExpensesNet": -20500000,
    "incomeBeforeTax": 295800000,
    "incomeBeforeTaxRatio": 0.0496317052,
    "incomeTaxExpense": 91700000,
    "netIncome": 190000000,
    "netIncomeRatio": 0.0318797295,
    "eps": 0.28,
    "epsdiluted": 0.27,
    "weightedAverageShsOut": 679000000,
    "weightedAverageShsOutDil": 679000000,
    "link": "https://www.sec.gov/Archives/edgar/data/833444/000104746903027699/0001047469-03-027699-index.htm",
    "finalLink": "https://www.sec.gov/Archives/edgar/data/833444/000104746903027699/a2116756z10-q.htm"
  },
  {
    "date": "2003-03-31",
    "symbol": "JCI",
    "reportedCurrency": "USD",
    "cik": "0000833444",
    "fillingDate": "2003-05-15",
    "acceptedDate": "2003-05-15 17:16:19",
    "calendarYear": "2003",
    "period": "Q2",
    "revenue": 5503100000,
    "costOfRevenue": 4740900000,
    "grossProfit": 762200000,
    "grossProfitRatio": 0.1385037524,
    "researchAndDevelopmentExpenses": 0,
    "generalAndAdministrativeExpenses": 0,
    "sellingAndMarketingExpenses": 0,
    "sellingGeneralAndAdministrativeExpenses": 524900000,
    "otherExpenses": 0,
    "operatingExpenses": 524900000,
    "costAndExpenses": 5265800000,
    "interestIncome": 0,
    "interestExpense": 0,
    "depreciationAndAmortization": 136400000,
    "ebitda": 374000000,
    "ebitdaratio": 0.0679616943,
    "operatingIncome": 237300000,
    "operatingIncomeRatio": 0.0431211499,
    "totalOtherIncomeExpensesNet": -27800000,
    "incomeBeforeTax": 209500000,
    "incomeBeforeTaxRatio": 0.0380694518,
    "incomeTaxExpense": 64800000,
    "netIncome": 132200000,
    "netIncomeRatio": 0.0240228235,
    "eps": 0.06,
    "epsdiluted": 0.06,
    "weightedAverageShsOut": 679000000,
    "weightedAverageShsOutDil": 679000000,
    "link": "https://www.sec.gov/Archives/edgar/data/833444/000104746903018929/0001047469-03-018929-index.htm",
    "finalLink": "https://www.sec.gov/Archives/edgar/data/833444/000104746903018929/a2106751z10-q.txt"
  },
  {
    "date": "2002-12-31",
    "symbol": "JCI",
    "reportedCurrency": "USD",
    "cik": "0000833444",
    "fillingDate": "2003-02-14",
    "acceptedDate": "2003-02-14 18:07:29",
    "calendarYear": "2003",
    "period": "Q1",
    "revenue": 5183300000,
    "costOfRevenue": 4433900000,
    "grossProfit": 749400000,
    "grossProfitRatio": 0.1445797079,
    "researchAndDevelopmentExpenses": 0,
    "generalAndAdministrativeExpenses": 0,
    "sellingAndMarketingExpenses": 0,
    "sellingGeneralAndAdministrativeExpenses": 501500000,
    "otherExpenses": 0,
    "operatingExpenses": 501500000,
    "costAndExpenses": 4935400000,
    "interestIncome": 0,
    "interestExpense": 0,
    "depreciationAndAmortization": 133800000,
    "ebitda": 381400000,
    "ebitdaratio": 0.0735824668,
    "operatingIncome": 247900000,
    "operatingIncomeRatio": 0.0478266741,
    "totalOtherIncomeExpensesNet": -21200000,
    "incomeBeforeTax": 226700000,
    "incomeBeforeTaxRatio": 0.0437366157,
    "incomeTaxExpense": 70400000,
    "netIncome": 140400000,
    "netIncomeRatio": 0.0270869909,
    "eps": 0.27,
    "epsdiluted": 0.26,
    "weightedAverageShsOut": 679000000,
    "weightedAverageShsOutDil": 679000000,
    "link": "https://www.sec.gov/Archives/edgar/data/833444/000104746903005674/0001047469-03-005674-index.htm",
    "finalLink": "https://www.sec.gov/Archives/edgar/data/833444/000104746903005674/a2102214z10-q.txt"
  },
  {
    "date": "2002-09-30",
    "symbol": "JCI",
    "reportedCurrency": "USD",
    "cik": "0000833444",
    "fillingDate": "2002-12-30",
    "acceptedDate": "2002-12-30 17:00:34",
    "calendarYear": "2002",
    "period": "Q4",
    "revenue": 5218200000,
    "costOfRevenue": 4439700000,
    "grossProfit": 778500000,
    "grossProfitRatio": 0.1491893756,
    "researchAndDevelopmentExpenses": 17800000,
    "generalAndAdministrativeExpenses": 0,
    "sellingAndMarketingExpenses": 0,
    "sellingGeneralAndAdministrativeExpenses": 434100000,
    "otherExpenses": -17800000,
    "operatingExpenses": 434100000,
    "costAndExpenses": 4873800000,
    "interestIncome": 0,
    "interestExpense": 0,
    "depreciationAndAmortization": 138300000,
    "ebitda": 489000000,
    "ebitdaratio": 0.0937104749,
    "operatingIncome": 344400000,
    "operatingIncomeRatio": 0.06599977,
    "totalOtherIncomeExpensesNet": 10300000,
    "incomeBeforeTax": 354700000,
    "incomeBeforeTaxRatio": 0.0679736308,
    "incomeTaxExpense": 106300000,
    "netIncome": 190500000,
    "netIncomeRatio": 0.0365068414,
    "eps": -3.17,
    "epsdiluted": -3.17,
    "weightedAverageShsOut": 679000000,
    "weightedAverageShsOutDil": 679000000,
    "link": "https://www.sec.gov/Archives/edgar/data/833444/000104746902008641/0001047469-02-008641-index.htm",
    "finalLink": "https://www.sec.gov/Archives/edgar/data/833444/000104746902008641/a2094116z10-k.txt"
  },
  {
    "date": "2002-06-30",
    "symbol": "JCI",
    "reportedCurrency": "USD",
    "cik": "0000833444",
    "fillingDate": "2002-08-14",
    "acceptedDate": "2002-08-14 18:08:34",
    "calendarYear": "2002",
    "period": "Q3",
    "revenue": 5257000000,
    "costOfRevenue": 4509000000,
    "grossProfit": 748000000,
    "grossProfitRatio": 0.1422864752,
    "researchAndDevelopmentExpenses": 0,
    "generalAndAdministrativeExpenses": 0,
    "sellingAndMarketingExpenses": 0,
    "sellingGeneralAndAdministrativeExpenses": 427600000,
    "otherExpenses": 0,
    "operatingExpenses": 427600000,
    "costAndExpenses": 4936600000,
    "interestIncome": 0,
    "interestExpense": 0,
    "depreciationAndAmortization": 127500000,
    "ebitda": 447900000,
    "ebitdaratio": 0.0852006848,
    "operatingIncome": 320400000,
    "operatingIncomeRatio": 0.0609473084,
    "totalOtherIncomeExpensesNet": -43100000,
    "incomeBeforeTax": 277300000,
    "incomeBeforeTaxRatio": 0.052748716,
    "incomeTaxExpense": 102000000,
    "netIncome": 175300000,
    "netIncomeRatio": 0.0333460148,
    "eps": -12.42,
    "epsdiluted": -11.84,
    "weightedAverageShsOut": 679000000,
    "weightedAverageShsOutDil": 679000000,
    "link": "https://www.sec.gov/Archives/edgar/data/833444/000091205702032303/0000912057-02-032303-index.htm",
    "finalLink": "https://www.sec.gov/Archives/edgar/data/833444/000091205702032303/a2085985z10-q.txt"
  },
  {
    "date": "2002-03-31",
    "symbol": "JCI",
    "reportedCurrency": "USD",
    "cik": "0000833444",
    "fillingDate": "2002-05-15",
    "acceptedDate": "2002-05-15 17:09:25",
    "calendarYear": "2002",
    "period": "Q2",
    "revenue": 4810500000,
    "costOfRevenue": 4166400000,
    "grossProfit": 644100000,
    "grossProfitRatio": 0.1338946056,
    "researchAndDevelopmentExpenses": 0,
    "generalAndAdministrativeExpenses": 0,
    "sellingAndMarketingExpenses": 0,
    "sellingGeneralAndAdministrativeExpenses": 425400000,
    "otherExpenses": 0,
    "operatingExpenses": 425400000,
    "costAndExpenses": 4591800000,
    "interestIncome": 0,
    "interestExpense": 0,
    "depreciationAndAmortization": 126400000,
    "ebitda": 345100000,
    "ebitdaratio": 0.0717389045,
    "operatingIncome": 218700000,
    "operatingIncomeRatio": 0.0454630496,
    "totalOtherIncomeExpensesNet": -40100000,
    "incomeBeforeTax": 178600000,
    "incomeBeforeTaxRatio": 0.0371271178,
    "incomeTaxExpense": 63800000,
    "netIncome": 114800000,
    "netIncomeRatio": 0.0238644632,
    "eps": 5.32,
    "epsdiluted": -14.52,
    "weightedAverageShsOut": 679000000,
    "weightedAverageShsOutDil": 679000000,
    "link": "https://www.sec.gov/Archives/edgar/data/833444/000091205702020851/0000912057-02-020851-index.htm",
    "finalLink": "https://www.sec.gov/Archives/edgar/data/833444/000091205702020851/a2079175z10-q.txt"
  },
  {
    "date": "2001-12-31",
    "symbol": "JCI",
    "reportedCurrency": "USD",
    "cik": "0000833444",
    "fillingDate": "2002-02-14",
    "acceptedDate": "2002-02-14 00:00:00",
    "calendarYear": "2002",
    "period": "Q1",
    "revenue": 4817700000,
    "costOfRevenue": 4141400000,
    "grossProfit": 676300000,
    "grossProfitRatio": 0.1403781888,
    "researchAndDevelopmentExpenses": 0,
    "generalAndAdministrativeExpenses": 0,
    "sellingAndMarketingExpenses": 0,
    "sellingGeneralAndAdministrativeExpenses": 437800000,
    "otherExpenses": 0,
    "operatingExpenses": 437800000,
    "costAndExpenses": 4579200000,
    "interestIncome": 0,
    "interestExpense": 0,
    "depreciationAndAmortization": 124600000,
    "ebitda": 363100000,
    "ebitdaratio": 0.0753679141,
    "operatingIncome": 238500000,
    "operatingIncomeRatio": 0.0495049505,
    "totalOtherIncomeExpensesNet": -43100000,
    "incomeBeforeTax": 195400000,
    "incomeBeforeTaxRatio": 0.0405587729,
    "incomeTaxExpense": 75500000,
    "netIncome": 119900000,
    "netIncomeRatio": 0.0248873944,
    "eps": 5.65,
    "epsdiluted": -14.27,
    "weightedAverageShsOut": 679000000,
    "weightedAverageShsOutDil": 679000000,
    "link": "https://www.sec.gov/Archives/edgar/data/833444/000091205702006313/0000912057-02-006313-index.htm",
    "finalLink": "https://www.sec.gov/Archives/edgar/data/833444/000091205702006313/a2069242z10-q.txt"
  },
  {
    "date": "2001-09-30",
    "symbol": "JCI",
    "reportedCurrency": "USD",
    "cik": "0000833444",
    "fillingDate": "2001-12-28",
    "acceptedDate": "2001-12-28 00:00:00",
    "calendarYear": "2001",
    "period": "Q4",
    "revenue": 4649100000,
    "costOfRevenue": 3982400000,
    "grossProfit": 666700000,
    "grossProfitRatio": 0.1434040997,
    "researchAndDevelopmentExpenses": 0,
    "generalAndAdministrativeExpenses": 0,
    "sellingAndMarketingExpenses": 0,
    "sellingGeneralAndAdministrativeExpenses": 375700000,
    "otherExpenses": 0,
    "operatingExpenses": 375700000,
    "costAndExpenses": 4358100000,
    "interestIncome": 0,
    "interestExpense": 0,
    "depreciationAndAmortization": 135100000,
    "ebitda": 426100000,
    "ebitdaratio": 0.0916521477,
    "operatingIncome": 291000000,
    "operatingIncomeRatio": 0.0625927599,
    "totalOtherIncomeExpensesNet": -28900000,
    "incomeBeforeTax": 262100000,
    "incomeBeforeTaxRatio": 0.056376503,
    "incomeTaxExpense": 105800000,
    "netIncome": 156300000,
    "netIncomeRatio": 0.0336194102,
    "eps": 3.09,
    "epsdiluted": 3.09,
    "weightedAverageShsOut": 679000000,
    "weightedAverageShsOutDil": 679000000,
    "link": "https://www.sec.gov/Archives/edgar/data/833444/000091205701544874/0000912057-01-544874-index.htm",
    "finalLink": "https://www.sec.gov/Archives/edgar/data/833444/000091205701544874/a2062534z10-k.txt"
  },
  {
    "date": "2001-06-30",
    "symbol": "JCI",
    "reportedCurrency": "USD",
    "cik": "0000833444",
    "fillingDate": "2001-08-13",
    "acceptedDate": "2001-08-13 00:00:00",
    "calendarYear": "2001",
    "period": "Q3",
    "revenue": 4722100000,
    "costOfRevenue": 4046000000,
    "grossProfit": 676100000,
    "grossProfitRatio": 0.1431778234,
    "researchAndDevelopmentExpenses": 0,
    "generalAndAdministrativeExpenses": 0,
    "sellingAndMarketingExpenses": 0,
    "sellingGeneralAndAdministrativeExpenses": 405800000,
    "otherExpenses": 0,
    "operatingExpenses": 405800000,
    "costAndExpenses": 4451800000,
    "interestIncome": 0,
    "interestExpense": 0,
    "depreciationAndAmortization": 127900000,
    "ebitda": 398200000,
    "ebitdaratio": 0.0843268885,
    "operatingIncome": 270300000,
    "operatingIncomeRatio": 0.0572414815,
    "totalOtherIncomeExpensesNet": -37800000,
    "incomeBeforeTax": 232500000,
    "incomeBeforeTaxRatio": 0.0492365685,
    "incomeTaxExpense": 96000000,
    "netIncome": 136500000,
    "netIncomeRatio": 0.0289066305,
    "eps": 10.77,
    "epsdiluted": 6.07,
    "weightedAverageShsOut": 679000000,
    "weightedAverageShsOutDil": 679000000,
    "link": "https://www.sec.gov/Archives/edgar/data/833444/000091205701528023/0000912057-01-528023-index.htm",
    "finalLink": "https://www.sec.gov/Archives/edgar/data/833444/000091205701528023/a2055601z10-q.txt"
  },
  {
    "date": "2001-03-31",
    "symbol": "JCI",
    "reportedCurrency": "USD",
    "cik": "0000833444",
    "fillingDate": "2001-05-11",
    "acceptedDate": "2001-05-11 00:00:00",
    "calendarYear": "2001",
    "period": "Q2",
    "revenue": 4601600000,
    "costOfRevenue": 3980400000,
    "grossProfit": 621200000,
    "grossProfitRatio": 0.1349965229,
    "researchAndDevelopmentExpenses": 0,
    "generalAndAdministrativeExpenses": 0,
    "sellingAndMarketingExpenses": 0,
    "sellingGeneralAndAdministrativeExpenses": 430600000,
    "otherExpenses": 0,
    "operatingExpenses": 430600000,
    "costAndExpenses": 4411000000,
    "interestIncome": 0,
    "interestExpense": 0,
    "depreciationAndAmortization": 130500000,
    "ebitda": 321100000,
    "ebitdaratio": 0.0697800765,
    "operatingIncome": 190600000,
    "operatingIncomeRatio": 0.0414203755,
    "totalOtherIncomeExpensesNet": -46000000,
    "incomeBeforeTax": 144600000,
    "incomeBeforeTaxRatio": 0.0314238526,
    "incomeTaxExpense": 61600000,
    "netIncome": 83000000,
    "netIncomeRatio": 0.0180372045,
    "eps": 3.94,
    "epsdiluted": 3.73,
    "weightedAverageShsOut": 679000000,
    "weightedAverageShsOutDil": 679000000,
    "link": "https://www.sec.gov/Archives/edgar/data/833444/000091205701514774/0000912057-01-514774-index.htm",
    "finalLink": "https://www.sec.gov/Archives/edgar/data/833444/000091205701514774/a2047188z10-q.txt"
  },
  {
    "date": "2000-12-31",
    "symbol": "JCI",
    "reportedCurrency": "USD",
    "cik": "0000833444",
    "fillingDate": "2001-02-13",
    "acceptedDate": "2001-02-13 00:00:00",
    "calendarYear": "2001",
    "period": "Q1",
    "revenue": 4454400000,
    "costOfRevenue": 3814400000,
    "grossProfit": 640000000,
    "grossProfitRatio": 0.1436781609,
    "researchAndDevelopmentExpenses": 0,
    "generalAndAdministrativeExpenses": 0,
    "sellingAndMarketingExpenses": 0,
    "sellingGeneralAndAdministrativeExpenses": 430800000,
    "otherExpenses": 0,
    "operatingExpenses": 430800000,
    "costAndExpenses": 4245200000,
    "interestIncome": 0,
    "interestExpense": 0,
    "depreciationAndAmortization": 122400000,
    "ebitda": 331600000,
    "ebitdaratio": 0.0744432471,
    "operatingIncome": 209200000,
    "operatingIncomeRatio": 0.0469647989,
    "totalOtherIncomeExpensesNet": -34600000,
    "incomeBeforeTax": 174600000,
    "incomeBeforeTaxRatio": 0.0391971983,
    "incomeTaxExpense": 72100000,
    "netIncome": 102500000,
    "netIncomeRatio": 0.0230109555,
    "eps": 4.86,
    "epsdiluted": 4.61,
    "weightedAverageShsOut": 679000000,
    "weightedAverageShsOutDil": 679000000,
    "link": "https://www.sec.gov/Archives/edgar/data/833444/000091205701004680/0000912057-01-004680-index.htm",
    "finalLink": "https://www.sec.gov/Archives/edgar/data/833444/000091205701004680/a2036690z10-q.txt"
  },
  {
    "date": "2000-09-30",
    "symbol": "JCI",
    "reportedCurrency": "USD",
    "cik": "0000833444",
    "fillingDate": "2000-12-21",
    "acceptedDate": "2000-12-21 00:00:00",
    "calendarYear": "2000",
    "period": "Q4",
    "revenue": 4088700000,
    "costOfRevenue": 3292900000,
    "grossProfit": 795800000,
    "grossProfitRatio": 0.1946339912,
    "researchAndDevelopmentExpenses": 0,
    "generalAndAdministrativeExpenses": 0,
    "sellingAndMarketingExpenses": 0,
    "sellingGeneralAndAdministrativeExpenses": 390600000,
    "otherExpenses": 114600000,
    "operatingExpenses": 505200000,
    "costAndExpenses": 3798100000,
    "interestIncome": 0,
    "interestExpense": 0,
    "depreciationAndAmortization": 114600000,
    "ebitda": 405200000,
    "ebitdaratio": 0.0991024042,
    "operatingIncome": 290600000,
    "operatingIncomeRatio": 0.0710739355,
    "totalOtherIncomeExpensesNet": -34200000,
    "incomeBeforeTax": 256400000,
    "incomeBeforeTaxRatio": 0.0627094186,
    "incomeTaxExpense": 105200000,
    "netIncome": 151200000,
    "netIncomeRatio": 0.0369799692,
    "eps": 4.9,
    "epsdiluted": 4.9,
    "weightedAverageShsOut": 679000000,
    "weightedAverageShsOutDil": 679000000,
    "link": "https://www.sec.gov/Archives/edgar/data/833444/000091205700054429/0000912057-00-054429-index.htm",
    "finalLink": "https://www.sec.gov/Archives/edgar/data/833444/000091205700054429/a2030822z10-k405.txt"
  },
  {
    "date": "2000-06-30",
    "symbol": "JCI",
    "reportedCurrency": "USD",
    "cik": "0000833444",
    "fillingDate": "2000-08-14",
    "acceptedDate": "2000-08-14 00:00:00",
    "calendarYear": "2000",
    "period": "Q3",
    "revenue": 4389300000,
    "costOfRevenue": 3599900000,
    "grossProfit": 789400000,
    "grossProfitRatio": 0.1798464448,
    "researchAndDevelopmentExpenses": 0,
    "generalAndAdministrativeExpenses": 0,
    "sellingAndMarketingExpenses": 0,
    "sellingGeneralAndAdministrativeExpenses": 409200000,
    "otherExpenses": 113200000,
    "operatingExpenses": 522400000,
    "costAndExpenses": 4122300000,
    "interestIncome": 0,
    "interestExpense": 0,
    "depreciationAndAmortization": 113200000,
    "ebitda": 380200000,
    "ebitdaratio": 0.0866197344,
    "operatingIncome": 267000000,
    "operatingIncomeRatio": 0.0608297451,
    "totalOtherIncomeExpensesNet": -38200000,
    "incomeBeforeTax": 228800000,
    "incomeBeforeTaxRatio": 0.0521267628,
    "incomeTaxExpense": 95400000,
    "netIncome": 133400000,
    "netIncomeRatio": 0.0303920899,
    "eps": 6.41,
    "epsdiluted": 8,
    "weightedAverageShsOut": 679000000,
    "weightedAverageShsOutDil": 679000000,
    "link": "https://www.sec.gov/Archives/edgar/data/833444/000091205700037275/0000912057-00-037275-index.htm",
    "finalLink": "https://www.sec.gov/Archives/edgar/data/833444/000091205700037275/a10-q.txt"
  },
  {
    "date": "2000-03-31",
    "symbol": "JCI",
    "reportedCurrency": "USD",
    "cik": "0000833444",
    "fillingDate": "2000-05-15",
    "acceptedDate": "2000-05-15 00:00:00",
    "calendarYear": "2000",
    "period": "Q2",
    "revenue": 4358300000,
    "costOfRevenue": 3629800000,
    "grossProfit": 728500000,
    "grossProfitRatio": 0.16715233,
    "researchAndDevelopmentExpenses": 0,
    "generalAndAdministrativeExpenses": 0,
    "sellingAndMarketingExpenses": 0,
    "sellingGeneralAndAdministrativeExpenses": 419600000,
    "otherExpenses": 116500000,
    "operatingExpenses": 536100000,
    "costAndExpenses": 4165900000,
    "interestIncome": 0,
    "interestExpense": 0,
    "depreciationAndAmortization": 116500000,
    "ebitda": 308900000,
    "ebitdaratio": 0.0708762591,
    "operatingIncome": 192400000,
    "operatingIncomeRatio": 0.0441456531,
    "totalOtherIncomeExpensesNet": -37900000,
    "incomeBeforeTax": 154500000,
    "incomeBeforeTaxRatio": 0.0354496019,
    "incomeTaxExpense": 65700000,
    "netIncome": 88800000,
    "netIncomeRatio": 0.0203749168,
    "eps": 4.23,
    "epsdiluted": 3.98,
    "weightedAverageShsOut": 679000000,
    "weightedAverageShsOutDil": 679000000,
    "link": "https://www.sec.gov/Archives/edgar/data/833444/000091205700024346/0000912057-00-024346-index.html",
    "finalLink": "https://www.sec.gov/Archives/edgar/data/833444/000091205700024346/"
  },
  {
    "date": "1999-12-31",
    "symbol": "JCI",
    "reportedCurrency": "USD",
    "cik": "0000833444",
    "fillingDate": "2000-02-11",
    "acceptedDate": "2000-02-11 00:00:00",
    "calendarYear": "2000",
    "period": "Q1",
    "revenue": 4318300000,
    "costOfRevenue": 3575700000,
    "grossProfit": 742600000,
    "grossProfitRatio": 0.1719658199,
    "researchAndDevelopmentExpenses": 0,
    "generalAndAdministrativeExpenses": 0,
    "sellingAndMarketingExpenses": 0,
    "sellingGeneralAndAdministrativeExpenses": 410100000,
    "otherExpenses": 117500000,
    "operatingExpenses": 527600000,
    "costAndExpenses": 4103300000,
    "interestIncome": 0,
    "interestExpense": 0,
    "depreciationAndAmortization": 117500000,
    "ebitda": 332500000,
    "ebitdaratio": 0.0769978927,
    "operatingIncome": 215000000,
    "operatingIncomeRatio": 0.0497881111,
    "totalOtherIncomeExpensesNet": -43400000,
    "incomeBeforeTax": 171600000,
    "incomeBeforeTaxRatio": 0.0397378598,
    "incomeTaxExpense": 72600000,
    "netIncome": 99000000,
    "netIncomeRatio": 0.0229256883,
    "eps": 4.73,
    "epsdiluted": 4.44,
    "weightedAverageShsOut": 679000000,
    "weightedAverageShsOutDil": 679000000,
    "link": "https://www.sec.gov/Archives/edgar/data/833444/000091205700005887/0000912057-00-005887-index.html",
    "finalLink": "https://www.sec.gov/Archives/edgar/data/833444/000091205700005887/"
  },
  {
    "date": "1999-09-30",
    "symbol": "JCI",
    "reportedCurrency": "USD",
    "cik": "0000833444",
    "fillingDate": "1999-12-13",
    "acceptedDate": "1999-12-13 00:00:00",
    "calendarYear": "1999",
    "period": "Q4",
    "revenue": 4195000000,
    "costOfRevenue": 3429800000,
    "grossProfit": 765200000,
    "grossProfitRatio": 0.1824076281,
    "researchAndDevelopmentExpenses": 0,
    "generalAndAdministrativeExpenses": 0,
    "sellingAndMarketingExpenses": 0,
    "sellingGeneralAndAdministrativeExpenses": 378300000,
    "otherExpenses": 113800000,
    "operatingExpenses": 492100000,
    "costAndExpenses": 3921900000,
    "interestIncome": 0,
    "interestExpense": 0,
    "depreciationAndAmortization": 113800000,
    "ebitda": 386900000,
    "ebitdaratio": 0.0922288439,
    "operatingIncome": 273100000,
    "operatingIncomeRatio": 0.0651013111,
    "totalOtherIncomeExpensesNet": -45500000,
    "incomeBeforeTax": 227600000,
    "incomeBeforeTaxRatio": 0.0542550656,
    "incomeTaxExpense": 97100000,
    "netIncome": 130500000,
    "netIncomeRatio": 0.0311084625,
    "eps": 0.25,
    "epsdiluted": 0.24,
    "weightedAverageShsOut": 679000000,
    "weightedAverageShsOutDil": 679000000,
    "link": "https://www.sec.gov/Archives/edgar/data/833444/000091205799009052/0000912057-99-009052-index.html",
    "finalLink": "https://www.sec.gov/Archives/edgar/data/833444/000091205799009052/"
  },
  {
    "date": "1999-06-30",
    "symbol": "JCI",
    "reportedCurrency": "USD",
    "cik": "0000833444",
    "fillingDate": "1999-08-09",
    "acceptedDate": "1999-08-09 00:00:00",
    "calendarYear": "1999",
    "period": "Q3",
    "revenue": 4191000000,
    "costOfRevenue": 3472500000,
    "grossProfit": 718500000,
    "grossProfitRatio": 0.1714387974,
    "researchAndDevelopmentExpenses": 0,
    "generalAndAdministrativeExpenses": 0,
    "sellingAndMarketingExpenses": 0,
    "sellingGeneralAndAdministrativeExpenses": 377200000,
    "otherExpenses": 102400000,
    "operatingExpenses": 479600000,
    "costAndExpenses": 3952100000,
    "interestIncome": 0,
    "interestExpense": 0,
    "depreciationAndAmortization": 102400000,
    "ebitda": 341300000,
    "ebitdaratio": 0.0814364114,
    "operatingIncome": 238900000,
    "operatingIncomeRatio": 0.0570031019,
    "totalOtherIncomeExpensesNet": -44600000,
    "incomeBeforeTax": 194300000,
    "incomeBeforeTaxRatio": 0.0463612503,
    "incomeTaxExpense": 83200000,
    "netIncome": 111100000,
    "netIncomeRatio": 0.0265091864,
    "eps": 0.22,
    "epsdiluted": 0.21,
    "weightedAverageShsOut": 679000000,
    "weightedAverageShsOutDil": 679000000,
    "link": "https://www.sec.gov/Archives/edgar/data/833444/000095013599003835/0000950135-99-003835-index.html",
    "finalLink": "https://www.sec.gov/Archives/edgar/data/833444/000095013599003835/"
  },
  {
    "date": "1999-03-31",
    "symbol": "JCI",
    "reportedCurrency": "USD",
    "cik": "0000833444",
    "fillingDate": "1999-05-17",
    "acceptedDate": "1999-05-17 00:00:00",
    "calendarYear": "1999",
    "period": "Q2",
    "revenue": 3880300000,
    "costOfRevenue": 3238200000,
    "grossProfit": 642100000,
    "grossProfitRatio": 0.1654768961,
    "researchAndDevelopmentExpenses": 0,
    "generalAndAdministrativeExpenses": 0,
    "sellingAndMarketingExpenses": 0,
    "sellingGeneralAndAdministrativeExpenses": 368200000,
    "otherExpenses": 114200000,
    "operatingExpenses": 482400000,
    "costAndExpenses": 3720600000,
    "interestIncome": 0,
    "interestExpense": 0,
    "depreciationAndAmortization": 114200000,
    "ebitda": 273900000,
    "ebitdaratio": 0.0705873257,
    "operatingIncome": 159700000,
    "operatingIncomeRatio": 0.0411566116,
    "totalOtherIncomeExpensesNet": 11700000,
    "incomeBeforeTax": 171400000,
    "incomeBeforeTaxRatio": 0.0441718424,
    "incomeTaxExpense": 73100000,
    "netIncome": 98300000,
    "netIncomeRatio": 0.0253330928,
    "eps": 0.2,
    "epsdiluted": 0.18,
    "weightedAverageShsOut": 679000000,
    "weightedAverageShsOutDil": 679000000,
    "link": "https://www.sec.gov/Archives/edgar/data/833444/000095013599002801/0000950135-99-002801-index.html",
    "finalLink": "https://www.sec.gov/Archives/edgar/data/833444/"
  },
  {
    "date": "1998-12-31",
    "symbol": "JCI",
    "reportedCurrency": "USD",
    "cik": "0000833444",
    "fillingDate": "1999-02-16",
    "acceptedDate": "1999-02-16 00:00:00",
    "calendarYear": "1999",
    "period": "Q1",
    "revenue": 3873100000,
    "costOfRevenue": 3229400000,
    "grossProfit": 643700000,
    "grossProfitRatio": 0.1661976195,
    "researchAndDevelopmentExpenses": 0,
    "generalAndAdministrativeExpenses": 0,
    "sellingAndMarketingExpenses": 0,
    "sellingGeneralAndAdministrativeExpenses": 345300000,
    "otherExpenses": 115200000,
    "operatingExpenses": 460500000,
    "costAndExpenses": 3689900000,
    "interestIncome": 0,
    "interestExpense": 0,
    "depreciationAndAmortization": 115200000,
    "ebitda": 298400000,
    "ebitdaratio": 0.0770442281,
    "operatingIncome": 183200000,
    "operatingIncomeRatio": 0.0473006119,
    "totalOtherIncomeExpensesNet": -45200000,
    "incomeBeforeTax": 138000000,
    "incomeBeforeTaxRatio": 0.0356303736,
    "incomeTaxExpense": 58300000,
    "netIncome": 79700000,
    "netIncomeRatio": 0.0205778317,
    "eps": 0.16,
    "epsdiluted": 0.15,
    "weightedAverageShsOut": 679000000,
    "weightedAverageShsOutDil": 679000000,
    "link": "https://www.sec.gov/Archives/edgar/data/833444/000095013599000797/0000950135-99-000797-index.html",
    "finalLink": "https://www.sec.gov/Archives/edgar/data/833444/"
  },
  {
    "date": "1998-09-30",
    "symbol": "JCI",
    "reportedCurrency": "USD",
    "cik": "0000833444",
    "fillingDate": "1998-12-10",
    "acceptedDate": "1998-12-10 00:00:00",
    "calendarYear": "1998",
    "period": "Q4",
    "revenue": 3333700000,
    "costOfRevenue": 2738800000,
    "grossProfit": 594900000,
    "grossProfitRatio": 0.1784503705,
    "researchAndDevelopmentExpenses": 0,
    "generalAndAdministrativeExpenses": 0,
    "sellingAndMarketingExpenses": 0,
    "sellingGeneralAndAdministrativeExpenses": 281900000,
    "otherExpenses": 105200000,
    "operatingExpenses": 387100000,
    "costAndExpenses": 3125900000,
    "interestIncome": 0,
    "interestExpense": 0,
    "depreciationAndAmortization": 105200000,
    "ebitda": 313000000,
    "ebitdaratio": 0.0938896721,
    "operatingIncome": 207800000,
    "operatingIncomeRatio": 0.0623331434,
    "totalOtherIncomeExpensesNet": 28800000,
    "incomeBeforeTax": 236600000,
    "incomeBeforeTaxRatio": 0.0709721931,
    "incomeTaxExpense": 100600000,
    "netIncome": 136000000,
    "netIncomeRatio": 0.0407955125,
    "eps": -0.0569,
    "epsdiluted": -0.0569,
    "weightedAverageShsOut": 679000000,
    "weightedAverageShsOutDil": 679000000,
    "link": "https://www.sec.gov/Archives/edgar/data/833444/000095013598006202/0000950135-98-006202-index.html",
    "finalLink": "https://www.sec.gov/Archives/edgar/data/833444/"
  },
  {
    "date": "1998-06-30",
    "symbol": "JCI",
    "reportedCurrency": "USD",
    "cik": "0000833444",
    "fillingDate": "1998-08-13",
    "acceptedDate": "1998-08-13 00:00:00",
    "calendarYear": "1998",
    "period": "Q3",
    "revenue": 3189500000,
    "costOfRevenue": 2625500000,
    "grossProfit": 564000000,
    "grossProfitRatio": 0.1768302242,
    "researchAndDevelopmentExpenses": 0,
    "generalAndAdministrativeExpenses": 0,
    "sellingAndMarketingExpenses": 0,
    "sellingGeneralAndAdministrativeExpenses": 289300000,
    "otherExpenses": 93600000,
    "operatingExpenses": 382900000,
    "costAndExpenses": 3008400000,
    "interestIncome": 0,
    "interestExpense": 0,
    "depreciationAndAmortization": 93600000,
    "ebitda": 274700000,
    "ebitdaratio": 0.0861263521,
    "operatingIncome": 181100000,
    "operatingIncomeRatio": 0.0567800596,
    "totalOtherIncomeExpensesNet": -33800000,
    "incomeBeforeTax": 147300000,
    "incomeBeforeTaxRatio": 0.0461827873,
    "incomeTaxExpense": 63400000,
    "netIncome": 83900000,
    "netIncomeRatio": 0.0263050635,
    "eps": 0.17,
    "epsdiluted": 0.16,
    "weightedAverageShsOut": 679000000,
    "weightedAverageShsOutDil": 679000000,
    "link": "https://www.sec.gov/Archives/edgar/data/833444/000095013598004670/0000950135-98-004670-index.html",
    "finalLink": "https://www.sec.gov/Archives/edgar/data/833444/"
  },
  {
    "date": "1998-03-31",
    "symbol": "JCI",
    "reportedCurrency": "USD",
    "cik": "0000833444",
    "fillingDate": "1998-05-15",
    "acceptedDate": "1998-05-15 00:00:00",
    "calendarYear": "1998",
    "period": "Q2",
    "revenue": 3007300000,
    "costOfRevenue": 2498500000,
    "grossProfit": 508800000,
    "grossProfitRatio": 0.1691883084,
    "researchAndDevelopmentExpenses": 0,
    "generalAndAdministrativeExpenses": 0,
    "sellingAndMarketingExpenses": 0,
    "sellingGeneralAndAdministrativeExpenses": 289600000,
    "otherExpenses": 92500000,
    "operatingExpenses": 382100000,
    "costAndExpenses": 2880600000,
    "interestIncome": 0,
    "interestExpense": 0,
    "depreciationAndAmortization": 92500000,
    "ebitda": 219200000,
    "ebitdaratio": 0.0728893027,
    "operatingIncome": 126700000,
    "operatingIncomeRatio": 0.042130815,
    "totalOtherIncomeExpensesNet": -33000000,
    "incomeBeforeTax": 93700000,
    "incomeBeforeTaxRatio": 0.0311575167,
    "incomeTaxExpense": 41200000,
    "netIncome": 52500000,
    "netIncomeRatio": 0.01745752,
    "eps": 0.1,
    "epsdiluted": 0.0976,
    "weightedAverageShsOut": 679000000,
    "weightedAverageShsOutDil": 679000000,
    "link": "https://www.sec.gov/Archives/edgar/data/833444/000095013598003377/0000950135-98-003377-index.html",
    "finalLink": "https://www.sec.gov/Archives/edgar/data/833444/"
  },
  {
    "date": "1997-12-31",
    "symbol": "JCI",
    "reportedCurrency": "USD",
    "cik": "0000833444",
    "fillingDate": "1998-02-17",
    "acceptedDate": "1998-02-17 00:00:00",
    "calendarYear": "1998",
    "period": "Q1",
    "revenue": 3056300000,
    "costOfRevenue": 2529200000,
    "grossProfit": 527100000,
    "grossProfitRatio": 0.1724634362,
    "researchAndDevelopmentExpenses": 0,
    "generalAndAdministrativeExpenses": 0,
    "sellingAndMarketingExpenses": 0,
    "sellingGeneralAndAdministrativeExpenses": 285800000,
    "otherExpenses": 92900000,
    "operatingExpenses": 378700000,
    "costAndExpenses": 2907900000,
    "interestIncome": 0,
    "interestExpense": 0,
    "depreciationAndAmortization": 92900000,
    "ebitda": 241300000,
    "ebitdaratio": 0.0789516736,
    "operatingIncome": 148400000,
    "operatingIncomeRatio": 0.0485554429,
    "totalOtherIncomeExpensesNet": -32300000,
    "incomeBeforeTax": 116100000,
    "incomeBeforeTaxRatio": 0.0379871086,
    "incomeTaxExpense": 50800000,
    "netIncome": 65300000,
    "netIncomeRatio": 0.0213657036,
    "eps": 0.13,
    "epsdiluted": 0.12,
    "weightedAverageShsOut": 679000000,
    "weightedAverageShsOutDil": 679000000,
    "link": "https://www.sec.gov/Archives/edgar/data/833444/000095013598001092/0000950135-98-001092-index.html",
    "finalLink": "https://www.sec.gov/Archives/edgar/data/833444/"
  },
  {
    "date": "1997-09-30",
    "symbol": "JCI",
    "reportedCurrency": "USD",
    "cik": "0000833444",
    "fillingDate": "1997-12-24",
    "acceptedDate": "1997-12-24 00:00:00",
    "calendarYear": "1997",
    "period": "Q4",
    "revenue": 2761200000,
    "costOfRevenue": 2225300000,
    "grossProfit": 535900000,
    "grossProfitRatio": 0.1940822831,
    "researchAndDevelopmentExpenses": 0,
    "generalAndAdministrativeExpenses": 0,
    "sellingAndMarketingExpenses": 0,
    "sellingGeneralAndAdministrativeExpenses": 250900000,
    "otherExpenses": 91500000,
    "operatingExpenses": 342400000,
    "costAndExpenses": 2567700000,
    "interestIncome": 0,
    "interestExpense": 0,
    "depreciationAndAmortization": 91500000,
    "ebitda": 285000000,
    "ebitdaratio": 0.103215993,
    "operatingIncome": 193500000,
    "operatingIncomeRatio": 0.0700782269,
    "totalOtherIncomeExpensesNet": -28600000,
    "incomeBeforeTax": 164900000,
    "incomeBeforeTaxRatio": 0.0597204114,
    "incomeTaxExpense": 72000000,
    "netIncome": 92900000,
    "netIncomeRatio": 0.0336447921,
    "eps": -4.63,
    "epsdiluted": -4.63,
    "weightedAverageShsOut": 679000000,
    "weightedAverageShsOutDil": 679000000,
    "link": "https://www.sec.gov/Archives/edgar/data/833444/000095013597005203/0000950135-97-005203-index.html",
    "finalLink": "https://www.sec.gov/Archives/edgar/data/833444/"
  },
  {
    "date": "1997-06-30",
    "symbol": "JCI",
    "reportedCurrency": "USD",
    "cik": "0000833444",
    "fillingDate": "1997-08-14",
    "acceptedDate": "1997-08-14 00:00:00",
    "calendarYear": "1997",
    "period": "Q3",
    "revenue": 2879300000,
    "costOfRevenue": 2360800000,
    "grossProfit": 518500000,
    "grossProfitRatio": 0.1800784913,
    "researchAndDevelopmentExpenses": 0,
    "generalAndAdministrativeExpenses": 0,
    "sellingAndMarketingExpenses": 0,
    "sellingGeneralAndAdministrativeExpenses": 271000000,
    "otherExpenses": 85100000,
    "operatingExpenses": 356100000,
    "costAndExpenses": 2716900000,
    "interestIncome": 0,
    "interestExpense": 0,
    "depreciationAndAmortization": 85100000,
    "ebitda": 247500000,
    "ebitdaratio": 0.0859583927,
    "operatingIncome": 162400000,
    "operatingIncomeRatio": 0.0564025979,
    "totalOtherIncomeExpensesNet": -27800000,
    "incomeBeforeTax": 134600000,
    "incomeBeforeTaxRatio": 0.0467474733,
    "incomeTaxExpense": 60200000,
    "netIncome": 74400000,
    "netIncomeRatio": 0.0258396138,
    "eps": 0.15,
    "epsdiluted": 0.14,
    "weightedAverageShsOut": 679000000,
    "weightedAverageShsOutDil": 679000000,
    "link": "https://www.sec.gov/Archives/edgar/data/833444/000095010397000521/0000950103-97-000521-index.html",
    "finalLink": "https://www.sec.gov/Archives/edgar/data/833444/"
  },
  {
    "date": "1997-03-31",
    "symbol": "JCI",
    "reportedCurrency": "USD",
    "cik": "0000833444",
    "fillingDate": "1997-05-09",
    "acceptedDate": "1997-05-09 00:00:00",
    "calendarYear": "1997",
    "period": "Q2",
    "revenue": 2743600000,
    "costOfRevenue": 2276800000,
    "grossProfit": 466800000,
    "grossProfitRatio": 0.17014142,
    "researchAndDevelopmentExpenses": 0,
    "generalAndAdministrativeExpenses": 0,
    "sellingAndMarketingExpenses": 0,
    "sellingGeneralAndAdministrativeExpenses": 264000000,
    "otherExpenses": 91500000,
    "operatingExpenses": 355500000,
    "costAndExpenses": 2632300000,
    "interestIncome": 0,
    "interestExpense": 0,
    "depreciationAndAmortization": 91500000,
    "ebitda": 202800000,
    "ebitdaratio": 0.0739174807,
    "operatingIncome": 111300000,
    "operatingIncomeRatio": 0.0405671381,
    "totalOtherIncomeExpensesNet": -108800000,
    "incomeBeforeTax": 2500000,
    "incomeBeforeTaxRatio": 0.0009112115,
    "incomeTaxExpense": 4100000,
    "netIncome": 68100000,
    "netIncomeRatio": 0.0248214025,
    "eps": 0.14,
    "epsdiluted": 0.13,
    "weightedAverageShsOut": 679000000,
    "weightedAverageShsOutDil": 679000000,
    "link": "https://www.sec.gov/Archives/edgar/data/833444/000095010397000304/0000950103-97-000304-index.html",
    "finalLink": "https://www.sec.gov/Archives/edgar/data/833444/"
  },
  {
    "date": "1996-12-31",
    "symbol": "JCI",
    "reportedCurrency": "USD",
    "cik": "0000833444",
    "fillingDate": "1997-03-28",
    "acceptedDate": "1997-03-28 00:00:00",
    "calendarYear": "1997",
    "period": "Q1",
    "revenue": 2761300000,
    "costOfRevenue": 2267800000,
    "grossProfit": 493500000,
    "grossProfitRatio": 0.178720168,
    "researchAndDevelopmentExpenses": 0,
    "generalAndAdministrativeExpenses": 0,
    "sellingAndMarketingExpenses": 0,
    "sellingGeneralAndAdministrativeExpenses": 276800000,
    "otherExpenses": 86800000,
    "operatingExpenses": 363600000,
    "costAndExpenses": 2631400000,
    "interestIncome": 0,
    "interestExpense": 0,
    "depreciationAndAmortization": 86800000,
    "ebitda": 216700000,
    "ebitdaratio": 0.0784775287,
    "operatingIncome": 129900000,
    "operatingIncomeRatio": 0.0470430594,
    "totalOtherIncomeExpensesNet": -30400000,
    "incomeBeforeTax": 99500000,
    "incomeBeforeTaxRatio": 0.0360337522,
    "incomeTaxExpense": 44600000,
    "netIncome": 53100000,
    "netIncomeRatio": 0.0192300728,
    "eps": 0.11,
    "epsdiluted": 0.0994,
    "weightedAverageShsOut": 679000000,
    "weightedAverageShsOutDil": 679000000,
    "link": "https://www.sec.gov/Archives/edgar/data/833444/000095010397000187/0000950103-97-000187-index.html",
    "finalLink": "https://www.sec.gov/Archives/edgar/data/833444/"
  },
  {
    "date": "1996-09-30",
    "symbol": "JCI",
    "reportedCurrency": "USD",
    "cik": "0000833444",
    "fillingDate": "1996-11-12",
    "acceptedDate": "1996-11-12 00:00:00",
    "calendarYear": "1996",
    "period": "Q4",
    "revenue": 2677100000,
    "costOfRevenue": 2209000000,
    "grossProfit": 468100000,
    "grossProfitRatio": 0.1748533861,
    "researchAndDevelopmentExpenses": 0,
    "generalAndAdministrativeExpenses": 0,
    "sellingAndMarketingExpenses": 0,
    "sellingGeneralAndAdministrativeExpenses": 191200000,
    "otherExpenses": 112000000,
    "operatingExpenses": 303200000,
    "costAndExpenses": 2512200000,
    "interestIncome": 0,
    "interestExpense": 0,
    "depreciationAndAmortization": 76400000,
    "ebitda": 241300000,
    "ebitdaratio": 0.0901348474,
    "operatingIncome": 164900000,
    "operatingIncomeRatio": 0.0615965037,
    "totalOtherIncomeExpensesNet": -21200000,
    "incomeBeforeTax": 143700000,
    "incomeBeforeTaxRatio": 0.0536774868,
    "incomeTaxExpense": 61700000,
    "netIncome": 82000000,
    "netIncomeRatio": 0.0306301595,
    "eps": 0.15,
    "epsdiluted": 0.15,
    "weightedAverageShsOut": 679000000,
    "weightedAverageShsOutDil": 679000000,
    "link": "https://www.sec.gov/Archives/edgar/data/833444/000095014496007842/0000950144-96-007842-index.html",
    "finalLink": "https://www.sec.gov/Archives/edgar/data/833444/"
  },
  {
    "date": "1996-06-30",
    "symbol": "JCI",
    "reportedCurrency": "USD",
    "cik": "0000833444",
    "fillingDate": "1996-08-07",
    "acceptedDate": "1996-08-07 00:00:00",
    "calendarYear": "1996",
    "period": "Q3",
    "revenue": 2705600000,
    "costOfRevenue": 2251500000,
    "grossProfit": 454100000,
    "grossProfitRatio": 0.1678370787,
    "researchAndDevelopmentExpenses": 0,
    "generalAndAdministrativeExpenses": 0,
    "sellingAndMarketingExpenses": 0,
    "sellingGeneralAndAdministrativeExpenses": 199200000,
    "otherExpenses": 116600000,
    "operatingExpenses": 315800000,
    "costAndExpenses": 2567300000,
    "interestIncome": 0,
    "interestExpense": 0,
    "depreciationAndAmortization": 81000000,
    "ebitda": 219300000,
    "ebitdaratio": 0.08105411,
    "operatingIncome": 138300000,
    "operatingIncomeRatio": 0.0511162034,
    "totalOtherIncomeExpensesNet": -16800000,
    "incomeBeforeTax": 121500000,
    "incomeBeforeTaxRatio": 0.0449068598,
    "incomeTaxExpense": 52200000,
    "netIncome": 69300000,
    "netIncomeRatio": 0.0256135423,
    "eps": 0.14,
    "epsdiluted": 0.13,
    "weightedAverageShsOut": 679000000,
    "weightedAverageShsOutDil": 679000000,
    "link": "https://www.sec.gov/Archives/edgar/data/833444/000095014496004894/0000950144-96-004894-index.html",
    "finalLink": "https://www.sec.gov/Archives/edgar/data/833444/"
  },
  {
    "date": "1996-03-31",
    "symbol": "JCI",
    "reportedCurrency": "USD",
    "cik": "0000833444",
    "fillingDate": "1996-05-10",
    "acceptedDate": "1996-05-10 00:00:00",
    "calendarYear": "1996",
    "period": "Q2",
    "revenue": 2440400000,
    "costOfRevenue": 2035900000,
    "grossProfit": 404500000,
    "grossProfitRatio": 0.1657515161,
    "researchAndDevelopmentExpenses": 0,
    "generalAndAdministrativeExpenses": 0,
    "sellingAndMarketingExpenses": 0,
    "sellingGeneralAndAdministrativeExpenses": 181300000,
    "otherExpenses": 129900000,
    "operatingExpenses": 311200000,
    "costAndExpenses": 2347100000,
    "interestIncome": 0,
    "interestExpense": 0,
    "depreciationAndAmortization": 94300000,
    "ebitda": 187600000,
    "ebitdaratio": 0.0768726438,
    "operatingIncome": 93300000,
    "operatingIncomeRatio": 0.0382314375,
    "totalOtherIncomeExpensesNet": -27400000,
    "incomeBeforeTax": 65900000,
    "incomeBeforeTaxRatio": 0.0270037699,
    "incomeTaxExpense": 29500000,
    "netIncome": 36400000,
    "netIncomeRatio": 0.0149155876,
    "eps": 0.0715,
    "epsdiluted": 0.068,
    "weightedAverageShsOut": 679000000,
    "weightedAverageShsOutDil": 679000000,
    "link": "https://www.sec.gov/Archives/edgar/data/833444/000095014496002047/0000950144-96-002047-index.html",
    "finalLink": "https://www.sec.gov/Archives/edgar/data/833444/"
  },
  {
    "date": "1995-12-31",
    "symbol": "JCI",
    "reportedCurrency": "USD",
    "cik": "0000833444",
    "fillingDate": "1995-12-31",
    "acceptedDate": "1995-12-31 00:00:00",
    "calendarYear": "1996",
    "period": "Q1",
    "revenue": 2186300000,
    "costOfRevenue": 1794900000,
    "grossProfit": 391400000,
    "grossProfitRatio": 0.1790239217,
    "researchAndDevelopmentExpenses": 0,
    "generalAndAdministrativeExpenses": 0,
    "sellingAndMarketingExpenses": 0,
    "sellingGeneralAndAdministrativeExpenses": 174300000,
    "otherExpenses": 113600000,
    "operatingExpenses": 287900000,
    "costAndExpenses": 2082800000,
    "interestIncome": 0,
    "interestExpense": 0,
    "depreciationAndAmortization": 78000000,
    "ebitda": 181500000,
    "ebitdaratio": 0.0830169693,
    "operatingIncome": 103500000,
    "operatingIncomeRatio": 0.0473402552,
    "totalOtherIncomeExpensesNet": -18300000,
    "incomeBeforeTax": 85200000,
    "incomeBeforeTaxRatio": 0.0389699492,
    "incomeTaxExpense": 38200000,
    "netIncome": 47000000,
    "netIncomeRatio": 0.0214975072,
    "eps": 0.0941,
    "epsdiluted": 0.0889,
    "weightedAverageShsOut": 679000000,
    "weightedAverageShsOutDil": 679000000,
    "link": null,
    "finalLink": null
  },
  {
    "date": "1995-09-30",
    "symbol": "JCI",
    "reportedCurrency": "USD",
    "cik": "0000833444",
    "fillingDate": "1995-09-30",
    "acceptedDate": "1995-09-30 00:00:00",
    "calendarYear": "1995",
    "period": "Q4",
    "revenue": 2241300000,
    "costOfRevenue": 1804500000,
    "grossProfit": 436800000,
    "grossProfitRatio": 0.194886896,
    "researchAndDevelopmentExpenses": 0,
    "generalAndAdministrativeExpenses": 0,
    "sellingAndMarketingExpenses": 0,
    "sellingGeneralAndAdministrativeExpenses": 221100000,
    "otherExpenses": 63900000,
    "operatingExpenses": 285000000,
    "costAndExpenses": 2089500000,
    "interestIncome": 0,
    "interestExpense": 0,
    "depreciationAndAmortization": 63900000,
    "ebitda": 215700000,
    "ebitdaratio": 0.09623879,
    "operatingIncome": 151800000,
    "operatingIncomeRatio": 0.0677285504,
    "totalOtherIncomeExpensesNet": -28500000,
    "incomeBeforeTax": 123300000,
    "incomeBeforeTaxRatio": 0.0550127158,
    "incomeTaxExpense": 56300000,
    "netIncome": 67000000,
    "netIncomeRatio": 0.0298933655,
    "eps": 0.14,
    "epsdiluted": 0.14,
    "weightedAverageShsOut": 679000000,
    "weightedAverageShsOutDil": 679000000,
    "link": null,
    "finalLink": null
  }
]