[
  {
    "date": "2024-09-30",
    "symbol": "JCI",
    "reportedCurrency": "USD",
    "cik": "0000833444",
    "fillingDate": "2024-11-19",
    "acceptedDate": "2024-11-19 10:50:07",
    "calendarYear": "2024",
    "period": "FY",
    "revenue": 22952000000,
    "costOfRevenue": 14871000000,
    "grossProfit": 8081000000,
    "grossProfitRatio": 0.3520826072,
    "researchAndDevelopmentExpenses": 267000000,
    "generalAndAdministrativeExpenses": 0,
    "sellingAndMarketingExpenses": 0,
    "sellingGeneralAndAdministrativeExpenses": 5393000000,
    "otherExpenses": 0,
    "operatingExpenses": 5660000000,
    "costAndExpenses": 20531000000,
    "interestIncome": 17000000,
    "interestExpense": 462000000,
    "depreciationAndAmortization": 816000000,
    "ebitda": 2800000000,
    "ebitdaratio": 0.121993726,
    "operatingIncome": 2421000000,
    "operatingIncomeRatio": 0.1054810038,
    "totalOtherIncomeExpensesNet": -899000000,
    "incomeBeforeTax": 1522000000,
    "incomeBeforeTaxRatio": 0.0663123039,
    "incomeTaxExpense": 111000000,
    "netIncome": 1705000000,
    "netIncomeRatio": 0.0742854653,
    "eps": 2.53,
    "epsdiluted": 2.52,
    "weightedAverageShsOut": 673800000,
    "weightedAverageShsOutDil": 676000000,
    "link": "https://www.sec.gov/Archives/edgar/data/833444/000083344424000064/0000833444-24-000064-index.htm",
    "finalLink": "https://www.sec.gov/Archives/edgar/data/833444/000083344424000064/jci-20240930.htm"
  },
  {
    "date": "2023-09-30",
    "symbol": "JCI",
    "reportedCurrency": "USD",
    "cik": "0000833444",
    "fillingDate": "2023-12-14",
    "acceptedDate": "2023-12-14 08:27:27",
    "calendarYear": "2023",
    "period": "FY",
    "revenue": 22331000000,
    "costOfRevenue": 14507000000,
    "grossProfit": 7824000000,
    "grossProfitRatio": 0.3503649635,
    "researchAndDevelopmentExpenses": 251000000,
    "generalAndAdministrativeExpenses": 0,
    "sellingAndMarketingExpenses": 0,
    "sellingGeneralAndAdministrativeExpenses": 5136000000,
    "otherExpenses": 0,
    "operatingExpenses": 5387000000,
    "costAndExpenses": 19894000000,
    "interestIncome": 17000000,
    "interestExpense": 245000000,
    "depreciationAndAmortization": 745000000,
    "ebitda": 2103000000,
    "ebitdaratio": 0.0941740182,
    "operatingIncome": 2437000000,
    "operatingIncomeRatio": 0.1091308047,
    "totalOtherIncomeExpensesNet": -1324000000,
    "incomeBeforeTax": 1113000000,
    "incomeBeforeTaxRatio": 0.0498410282,
    "incomeTaxExpense": -468000000,
    "netIncome": 1849000000,
    "netIncomeRatio": 0.0827996955,
    "eps": 2.7,
    "epsdiluted": 2.69,
    "weightedAverageShsOut": 679000000,
    "weightedAverageShsOutDil": 679000000,
    "link": "https://www.sec.gov/Archives/edgar/data/833444/000083344423000048/0000833444-23-000048-index.htm",
    "finalLink": "https://www.sec.gov/Archives/edgar/data/833444/000083344423000048/jci-20230930.htm"
  },
  {
    "date": "2022-09-30",
    "symbol": "JCI",
    "reportedCurrency": "USD",
    "cik": "0000833444",
    "fillingDate": "2022-11-15",
    "acceptedDate": "2022-11-15 12:56:50",
    "calendarYear": "2022",
    "period": "FY",
    "revenue": 25299000000,
    "costOfRevenue": 16984000000,
    "grossProfit": 8315000000,
    "grossProfitRatio": 0.3286691174,
    "researchAndDevelopmentExpenses": 295000000,
    "generalAndAdministrativeExpenses": 0,
    "sellingAndMarketingExpenses": 0,
    "sellingGeneralAndAdministrativeExpenses": 5645000000,
    "otherExpenses": 0,
    "operatingExpenses": 5940000000,
    "costAndExpenses": 22924000000,
    "interestIncome": 6000000,
    "interestExpense": 337000000,
    "depreciationAndAmortization": 830000000,
    "ebitda": 2877000000,
    "ebitdaratio": 0.1137199099,
    "operatingIncome": 2375000000,
    "operatingIncomeRatio": 0.0938772283,
    "totalOtherIncomeExpensesNet": -665000000,
    "incomeBeforeTax": 1710000000,
    "incomeBeforeTaxRatio": 0.0675916044,
    "incomeTaxExpense": -13000000,
    "netIncome": 1532000000,
    "netIncomeRatio": 0.0605557532,
    "eps": 2.22,
    "epsdiluted": 2.19,
    "weightedAverageShsOut": 679000000,
    "weightedAverageShsOutDil": 679000000,
    "link": "https://www.sec.gov/Archives/edgar/data/833444/000083344422000043/0000833444-22-000043-index.htm",
    "finalLink": "https://www.sec.gov/Archives/edgar/data/833444/000083344422000043/jci-20220930.htm"
  },
  {
    "date": "2021-09-30",
    "symbol": "JCI",
    "reportedCurrency": "USD",
    "cik": "0000833444",
    "fillingDate": "2021-11-15",
    "acceptedDate": "2021-11-15 10:23:32",
    "calendarYear": "2021",
    "period": "FY",
    "revenue": 23668000000,
    "costOfRevenue": 15617000000,
    "grossProfit": 8051000000,
    "grossProfitRatio": 0.3401639344,
    "researchAndDevelopmentExpenses": 275000000,
    "generalAndAdministrativeExpenses": 0,
    "sellingAndMarketingExpenses": 0,
    "sellingGeneralAndAdministrativeExpenses": 5009000000,
    "otherExpenses": 0,
    "operatingExpenses": 5284000000,
    "costAndExpenses": 20901000000,
    "interestIncome": 9000000,
    "interestExpense": 418000000,
    "depreciationAndAmortization": 845000000,
    "ebitda": 3877000000,
    "ebitdaratio": 0.1638076728,
    "operatingIncome": 2767000000,
    "operatingIncomeRatio": 0.1169089065,
    "totalOtherIncomeExpensesNet": -153000000,
    "incomeBeforeTax": 2614000000,
    "incomeBeforeTaxRatio": 0.110444482,
    "incomeTaxExpense": 868000000,
    "netIncome": 1637000000,
    "netIncomeRatio": 0.0691651175,
    "eps": 2.31,
    "epsdiluted": 2.2701,
    "weightedAverageShsOut": 679000000,
    "weightedAverageShsOutDil": 721100000,
    "link": "https://www.sec.gov/Archives/edgar/data/833444/000083344421000046/0000833444-21-000046-index.htm",
    "finalLink": "https://www.sec.gov/Archives/edgar/data/833444/000083344421000046/jci-20210930.htm"
  },
  {
    "date": "2020-09-30",
    "symbol": "JCI",
    "reportedCurrency": "USD",
    "cik": "0000833444",
    "fillingDate": "2020-11-16",
    "acceptedDate": "2020-11-16 09:57:25",
    "calendarYear": "2020",
    "period": "FY",
    "revenue": 22317000000,
    "costOfRevenue": 14902000000,
    "grossProfit": 7415000000,
    "grossProfitRatio": 0.33225792,
    "researchAndDevelopmentExpenses": 274000000,
    "generalAndAdministrativeExpenses": 0,
    "sellingAndMarketingExpenses": 0,
    "sellingGeneralAndAdministrativeExpenses": 5387000000,
    "otherExpenses": 0,
    "operatingExpenses": 5661000000,
    "costAndExpenses": 20563000000,
    "interestIncome": 23000000,
    "interestExpense": 353000000,
    "depreciationAndAmortization": 822000000,
    "ebitda": 2078000000,
    "ebitdaratio": 0.0931128736,
    "operatingIncome": 1754000000,
    "operatingIncomeRatio": 0.0785947932,
    "totalOtherIncomeExpensesNet": -851000000,
    "incomeBeforeTax": 903000000,
    "incomeBeforeTaxRatio": 0.0404624277,
    "incomeTaxExpense": 108000000,
    "netIncome": 631000000,
    "netIncomeRatio": 0.0282744096,
    "eps": 0.84,
    "epsdiluted": 0.84,
    "weightedAverageShsOut": 751000000,
    "weightedAverageShsOutDil": 753600000,
    "link": "https://www.sec.gov/Archives/edgar/data/833444/000083344420000048/0000833444-20-000048-index.htm",
    "finalLink": "https://www.sec.gov/Archives/edgar/data/833444/000083344420000048/jci-20200930.htm"
  },
  {
    "date": "2019-09-30",
    "symbol": "JCI",
    "reportedCurrency": "USD",
    "cik": "0000833444",
    "fillingDate": "2019-11-21",
    "acceptedDate": "2019-11-21 12:14:20",
    "calendarYear": "2019",
    "period": "FY",
    "revenue": 23968000000,
    "costOfRevenue": 16267000000,
    "grossProfit": 7701000000,
    "grossProfitRatio": 0.3213034045,
    "researchAndDevelopmentExpenses": 319000000,
    "generalAndAdministrativeExpenses": 0,
    "sellingAndMarketingExpenses": 0,
    "sellingGeneralAndAdministrativeExpenses": 5939000000,
    "otherExpenses": 0,
    "operatingExpenses": 6258000000,
    "costAndExpenses": 22525000000,
    "interestIncome": 61000000,
    "interestExpense": 303000000,
    "depreciationAndAmortization": 825000000,
    "ebitda": 2184000000,
    "ebitdaratio": 0.0911214953,
    "operatingIncome": 1443000000,
    "operatingIncomeRatio": 0.0602052737,
    "totalOtherIncomeExpensesNet": -387000000,
    "incomeBeforeTax": 1056000000,
    "incomeBeforeTaxRatio": 0.044058745,
    "incomeTaxExpense": -233000000,
    "netIncome": 474000000,
    "netIncomeRatio": 0.0197763685,
    "eps": 0.5447,
    "epsdiluted": 0.5422,
    "weightedAverageShsOut": 870200000,
    "weightedAverageShsOutDil": 874300000,
    "link": "https://www.sec.gov/Archives/edgar/data/833444/000083344419000051/0000833444-19-000051-index.htm",
    "finalLink": "https://www.sec.gov/Archives/edgar/data/833444/000083344419000051/jciplc201910-k.htm"
  },
  {
    "date": "2018-09-30",
    "symbol": "JCI",
    "reportedCurrency": "USD",
    "cik": "0000833444",
    "fillingDate": "2018-11-20",
    "acceptedDate": "2018-11-20 12:08:04",
    "calendarYear": "2018",
    "period": "FY",
    "revenue": 23400000000,
    "costOfRevenue": 15725000000,
    "grossProfit": 7675000000,
    "grossProfitRatio": 0.327991453,
    "researchAndDevelopmentExpenses": 310000000,
    "generalAndAdministrativeExpenses": 0,
    "sellingAndMarketingExpenses": 0,
    "sellingGeneralAndAdministrativeExpenses": 5440000000,
    "otherExpenses": 0,
    "operatingExpenses": 5750000000,
    "costAndExpenses": 21475000000,
    "interestIncome": 13000000,
    "interestExpense": 481000000,
    "depreciationAndAmortization": 824000000,
    "ebitda": 2851000000,
    "ebitdaratio": 0.1218376068,
    "operatingIncome": 1925000000,
    "operatingIncomeRatio": 0.0822649573,
    "totalOtherIncomeExpensesNet": -379000000,
    "incomeBeforeTax": 1546000000,
    "incomeBeforeTaxRatio": 0.0660683761,
    "incomeTaxExpense": 197000000,
    "netIncome": 2162000000,
    "netIncomeRatio": 0.0923931624,
    "eps": 2.34,
    "epsdiluted": 2.32,
    "weightedAverageShsOut": 679000000,
    "weightedAverageShsOutDil": 679000000,
    "link": "https://www.sec.gov/Archives/edgar/data/833444/000083344418000053/0000833444-18-000053-index.htm",
    "finalLink": "https://www.sec.gov/Archives/edgar/data/833444/000083344418000053/jciplc201810-k.htm"
  },
  {
    "date": "2017-09-30",
    "symbol": "JCI",
    "reportedCurrency": "USD",
    "cik": "0000833444",
    "fillingDate": "2017-11-21",
    "acceptedDate": "2017-11-21 14:05:21",
    "calendarYear": "2017",
    "period": "FY",
    "revenue": 30172000000,
    "costOfRevenue": 20865000000,
    "grossProfit": 9307000000,
    "grossProfitRatio": 0.3084648018,
    "researchAndDevelopmentExpenses": 360000000,
    "generalAndAdministrativeExpenses": 0,
    "sellingAndMarketingExpenses": 0,
    "sellingGeneralAndAdministrativeExpenses": 5795000000,
    "otherExpenses": 0,
    "operatingExpenses": 6155000000,
    "costAndExpenses": 27020000000,
    "interestIncome": 19000000,
    "interestExpense": 534000000,
    "depreciationAndAmortization": 1188000000,
    "ebitda": 4280000000,
    "ebitdaratio": 0.141853374,
    "operatingIncome": 3152000000,
    "operatingIncomeRatio": 0.1044677184,
    "totalOtherIncomeExpensesNet": -594000000,
    "incomeBeforeTax": 2558000000,
    "incomeBeforeTaxRatio": 0.0847805913,
    "incomeTaxExpense": 705000000,
    "netIncome": 1611000000,
    "netIncomeRatio": 0.0533938751,
    "eps": 1.72,
    "epsdiluted": 1.71,
    "weightedAverageShsOut": 679000000,
    "weightedAverageShsOutDil": 679000000,
    "link": "https://www.sec.gov/Archives/edgar/data/833444/000083344417000060/0000833444-17-000060-index.htm",
    "finalLink": "https://www.sec.gov/Archives/edgar/data/833444/000083344417000060/jciplc201710-k.htm"
  },
  {
    "date": "2016-09-30",
    "symbol": "JCI",
    "reportedCurrency": "USD",
    "cik": "0000833444",
    "fillingDate": "2016-11-23",
    "acceptedDate": "2016-11-23 15:17:06",
    "calendarYear": "2016",
    "period": "FY",
    "revenue": 20837000000,
    "costOfRevenue": 15160000000,
    "grossProfit": 5677000000,
    "grossProfitRatio": 0.2724480491,
    "researchAndDevelopmentExpenses": 158000000,
    "generalAndAdministrativeExpenses": 0,
    "sellingAndMarketingExpenses": 0,
    "sellingGeneralAndAdministrativeExpenses": 4046000000,
    "otherExpenses": 0,
    "operatingExpenses": 4204000000,
    "costAndExpenses": 19364000000,
    "interestIncome": 12000000,
    "interestExpense": 324000000,
    "depreciationAndAmortization": 953000000,
    "ebitda": 2338000000,
    "ebitdaratio": 0.1122042521,
    "operatingIncome": 1473000000,
    "operatingIncomeRatio": 0.0706915583,
    "totalOtherIncomeExpensesNet": -412000000,
    "incomeBeforeTax": 1061000000,
    "incomeBeforeTaxRatio": 0.0509190382,
    "incomeTaxExpense": 197000000,
    "netIncome": -868000000,
    "netIncomeRatio": -0.0416566684,
    "eps": -1.3,
    "epsdiluted": -1.3,
    "weightedAverageShsOut": 679000000,
    "weightedAverageShsOutDil": 679000000,
    "link": "https://www.sec.gov/Archives/edgar/data/833444/000083344416000216/0000833444-16-000216-index.htm",
    "finalLink": "https://www.sec.gov/Archives/edgar/data/833444/000083344416000216/jciplc201610-k.htm"
  },
  {
    "date": "2015-09-25",
    "symbol": "JCI",
    "reportedCurrency": "USD",
    "cik": "0000833444",
    "fillingDate": "2015-11-13",
    "acceptedDate": "2015-11-13 12:25:55",
    "calendarYear": "2015",
    "period": "FY",
    "revenue": 37179000000,
    "costOfRevenue": 30717000000,
    "grossProfit": 6462000000,
    "grossProfitRatio": 0.1738077947,
    "researchAndDevelopmentExpenses": 134000000,
    "generalAndAdministrativeExpenses": 0,
    "sellingAndMarketingExpenses": 0,
    "sellingGeneralAndAdministrativeExpenses": 3626000000,
    "otherExpenses": 0,
    "operatingExpenses": 3995000000,
    "costAndExpenses": 34712000000,
    "interestIncome": 9000000,
    "interestExpense": 312000000,
    "depreciationAndAmortization": 860000000,
    "ebitda": 3323000000,
    "ebitdaratio": 0.0893784125,
    "operatingIncome": 2467000000,
    "operatingIncomeRatio": 0.0663546626,
    "totalOtherIncomeExpensesNet": -316000000,
    "incomeBeforeTax": 2151000000,
    "incomeBeforeTaxRatio": 0.0578552409,
    "incomeTaxExpense": 600000000,
    "netIncome": 1563000000,
    "netIncomeRatio": 0.0420398612,
    "eps": 2.5,
    "epsdiluted": 2.47,
    "weightedAverageShsOut": 679000000,
    "weightedAverageShsOutDil": 679000000,
    "link": "https://www.sec.gov/Archives/edgar/data/833444/000083344415000091/0000833444-15-000091-index.htm",
    "finalLink": "https://www.sec.gov/Archives/edgar/data/833444/000083344415000091/fy1510-k.htm"
  },
  {
    "date": "2014-09-26",
    "symbol": "JCI",
    "reportedCurrency": "USD",
    "cik": "0000833444",
    "fillingDate": "2014-11-14",
    "acceptedDate": "2014-11-13 17:33:36",
    "calendarYear": "2014",
    "period": "FY",
    "revenue": 10332000000,
    "costOfRevenue": 6547000000,
    "grossProfit": 3785000000,
    "grossProfitRatio": 0.3663375919,
    "researchAndDevelopmentExpenses": 792000000,
    "generalAndAdministrativeExpenses": 0,
    "sellingAndMarketingExpenses": 0,
    "sellingGeneralAndAdministrativeExpenses": 2397000000,
    "otherExpenses": 0,
    "operatingExpenses": 2590000000,
    "costAndExpenses": 9137000000,
    "interestIncome": 14000000,
    "interestExpense": 97000000,
    "depreciationAndAmortization": 358000000,
    "ebitda": 1071000000,
    "ebitdaratio": 0.1036585366,
    "operatingIncome": 1195000000,
    "operatingIncomeRatio": 0.1156600852,
    "totalOtherIncomeExpensesNet": -373000000,
    "incomeBeforeTax": 822000000,
    "incomeBeforeTaxRatio": 0.0795586527,
    "incomeTaxExpense": 24000000,
    "netIncome": 1215000000,
    "netIncomeRatio": 0.1175958188,
    "eps": 1.82,
    "epsdiluted": 1.8,
    "weightedAverageShsOut": 679000000,
    "weightedAverageShsOutDil": 679000000,
    "link": "https://www.sec.gov/Archives/edgar/data/833444/000083344414000124/0000833444-14-000124-index.htm",
    "finalLink": "https://www.sec.gov/Archives/edgar/data/833444/000083344414000124/fy1410-k.htm"
  },
  {
    "date": "2013-09-27",
    "symbol": "JCI",
    "reportedCurrency": "USD",
    "cik": "0000833444",
    "fillingDate": "2013-11-14",
    "acceptedDate": "2013-11-14 16:22:44",
    "calendarYear": "2013",
    "period": "FY",
    "revenue": 10073000000,
    "costOfRevenue": 6402000000,
    "grossProfit": 3671000000,
    "grossProfitRatio": 0.364439591,
    "researchAndDevelopmentExpenses": 172000000,
    "generalAndAdministrativeExpenses": 0,
    "sellingAndMarketingExpenses": 0,
    "sellingGeneralAndAdministrativeExpenses": 2527000000,
    "otherExpenses": 0,
    "operatingExpenses": 2699000000,
    "costAndExpenses": 9101000000,
    "interestIncome": 16000000,
    "interestExpense": 100000000,
    "depreciationAndAmortization": 382000000,
    "ebitda": 1078000000,
    "ebitdaratio": 0.107018763,
    "operatingIncome": 972000000,
    "operatingIncomeRatio": 0.0964955822,
    "totalOtherIncomeExpensesNet": -424000000,
    "incomeBeforeTax": 548000000,
    "incomeBeforeTaxRatio": 0.0544028591,
    "incomeTaxExpense": 108000000,
    "netIncome": 1178000000,
    "netIncomeRatio": 0.1169462921,
    "eps": 1.45,
    "epsdiluted": 1.44,
    "weightedAverageShsOut": 679000000,
    "weightedAverageShsOutDil": 679000000,
    "link": "https://www.sec.gov/Archives/edgar/data/833444/000083344413000045/0000833444-13-000045-index.htm",
    "finalLink": "https://www.sec.gov/Archives/edgar/data/833444/000083344413000045/tyc2013092710-k.htm"
  },
  {
    "date": "2012-09-28",
    "symbol": "JCI",
    "reportedCurrency": "USD",
    "cik": "0000833444",
    "fillingDate": "2012-11-16",
    "acceptedDate": "2012-11-16 16:50:32",
    "calendarYear": "2012",
    "period": "FY",
    "revenue": 10403000000,
    "costOfRevenue": 6626000000,
    "grossProfit": 3777000000,
    "grossProfitRatio": 0.3630683457,
    "researchAndDevelopmentExpenses": 145000000,
    "generalAndAdministrativeExpenses": 0,
    "sellingAndMarketingExpenses": 0,
    "sellingGeneralAndAdministrativeExpenses": 2745000000,
    "otherExpenses": 0,
    "operatingExpenses": 2890000000,
    "costAndExpenses": 9516000000,
    "interestIncome": 19000000,
    "interestExpense": 209000000,
    "depreciationAndAmortization": 418000000,
    "ebitda": 732000000,
    "ebitdaratio": 0.070364318,
    "operatingIncome": 887000000,
    "operatingIncomeRatio": 0.0852638662,
    "totalOtherIncomeExpensesNet": -872000000,
    "incomeBeforeTax": 15000000,
    "incomeBeforeTaxRatio": 0.0014418918,
    "incomeTaxExpense": 348000000,
    "netIncome": 1184000000,
    "netIncomeRatio": 0.1138133231,
    "eps": 1.8,
    "epsdiluted": 1.78,
    "weightedAverageShsOut": 679000000,
    "weightedAverageShsOutDil": 679000000,
    "link": "https://www.sec.gov/Archives/edgar/data/833444/000104746912010665/0001047469-12-010665-index.htm",
    "finalLink": "https://www.sec.gov/Archives/edgar/data/833444/000104746912010665/a2211375z10-k.htm"
  },
  {
    "date": "2011-09-30",
    "symbol": "JCI",
    "reportedCurrency": "USD",
    "cik": "0000833444",
    "fillingDate": "2011-11-16",
    "acceptedDate": "2011-11-16 13:22:54",
    "calendarYear": "2011",
    "period": "FY",
    "revenue": 10557000000,
    "costOfRevenue": 6890000000,
    "grossProfit": 3667000000,
    "grossProfitRatio": 0.3473524676,
    "researchAndDevelopmentExpenses": 0,
    "generalAndAdministrativeExpenses": 0,
    "sellingAndMarketingExpenses": 0,
    "sellingGeneralAndAdministrativeExpenses": 2700000000,
    "otherExpenses": 0,
    "operatingExpenses": 2829000000,
    "costAndExpenses": 9719000000,
    "interestIncome": 27000000,
    "interestExpense": 240000000,
    "depreciationAndAmortization": 421000000,
    "ebitda": 1425000000,
    "ebitdaratio": 0.1349815288,
    "operatingIncome": 838000000,
    "operatingIncomeRatio": 0.0793786113,
    "totalOtherIncomeExpensesNet": -86000000,
    "incomeBeforeTax": 752000000,
    "incomeBeforeTaxRatio": 0.0712323577,
    "incomeTaxExpense": 134000000,
    "netIncome": 1415000000,
    "netIncomeRatio": 0.13403429,
    "eps": 2.19,
    "epsdiluted": 2.16,
    "weightedAverageShsOut": 679000000,
    "weightedAverageShsOutDil": 679000000,
    "link": "https://www.sec.gov/Archives/edgar/data/833444/000104746911009619/0001047469-11-009619-index.htm",
    "finalLink": "https://www.sec.gov/Archives/edgar/data/833444/000104746911009619/a2205982z10-k.htm"
  },
  {
    "date": "2010-09-24",
    "symbol": "JCI",
    "reportedCurrency": "USD",
    "cik": "0000833444",
    "fillingDate": "2010-11-12",
    "acceptedDate": "2010-11-12 06:56:12",
    "calendarYear": "2010",
    "period": "FY",
    "revenue": 17016000000,
    "costOfRevenue": 10736000000,
    "grossProfit": 6280000000,
    "grossProfitRatio": 0.36906441,
    "researchAndDevelopmentExpenses": 0,
    "generalAndAdministrativeExpenses": 0,
    "sellingAndMarketingExpenses": 0,
    "sellingGeneralAndAdministrativeExpenses": 4420000000,
    "otherExpenses": 0,
    "operatingExpenses": 4551000000,
    "costAndExpenses": 15287000000,
    "interestIncome": 31000000,
    "interestExpense": 284000000,
    "depreciationAndAmortization": 1203000000,
    "ebitda": 2757000000,
    "ebitdaratio": 0.1620239774,
    "operatingIncome": 1729000000,
    "operatingIncomeRatio": 0.1016102492,
    "totalOtherIncomeExpensesNet": -459000000,
    "incomeBeforeTax": 1270000000,
    "incomeBeforeTaxRatio": 0.074635637,
    "incomeTaxExpense": 138000000,
    "netIncome": 1307000000,
    "netIncomeRatio": 0.0768100611,
    "eps": 2.21,
    "epsdiluted": 2.19,
    "weightedAverageShsOut": 679000000,
    "weightedAverageShsOutDil": 679000000,
    "link": "https://www.sec.gov/Archives/edgar/data/833444/000104746910009627/0001047469-10-009627-index.htm",
    "finalLink": "https://www.sec.gov/Archives/edgar/data/833444/000104746910009627/a2200722z10-k.htm"
  },
  {
    "date": "2009-09-25",
    "symbol": "JCI",
    "reportedCurrency": "USD",
    "cik": "0000833444",
    "fillingDate": "2009-11-17",
    "acceptedDate": "2009-11-16 18:09:32",
    "calendarYear": "2009",
    "period": "FY",
    "revenue": 16882000000,
    "costOfRevenue": 10870000000,
    "grossProfit": 6012000000,
    "grossProfitRatio": 0.3561189433,
    "researchAndDevelopmentExpenses": 116000000,
    "generalAndAdministrativeExpenses": 0,
    "sellingAndMarketingExpenses": 0,
    "sellingGeneralAndAdministrativeExpenses": 4483000000,
    "otherExpenses": 0,
    "operatingExpenses": 4599000000,
    "costAndExpenses": 15469000000,
    "interestIncome": 44000000,
    "interestExpense": 301000000,
    "depreciationAndAmortization": 1126000000,
    "ebitda": -343000000,
    "ebitdaratio": -0.0203174979,
    "operatingIncome": 1413000000,
    "operatingIncomeRatio": 0.0836986139,
    "totalOtherIncomeExpensesNet": -3183000000,
    "incomeBeforeTax": -1770000000,
    "incomeBeforeTaxRatio": -0.1048453975,
    "incomeTaxExpense": 71000000,
    "netIncome": -338000000,
    "netIncomeRatio": -0.0200213245,
    "eps": -0.57,
    "epsdiluted": -0.57,
    "weightedAverageShsOut": 679000000,
    "weightedAverageShsOutDil": 679000000,
    "link": "https://www.sec.gov/Archives/edgar/data/833444/000104746909010234/0001047469-09-010234-index.htm",
    "finalLink": "https://www.sec.gov/Archives/edgar/data/833444/000104746909010234/a2195016z10-k.htm"
  },
  {
    "date": "2008-09-26",
    "symbol": "JCI",
    "reportedCurrency": "USD",
    "cik": "0000833444",
    "fillingDate": "2008-11-19",
    "acceptedDate": "2008-11-19 17:15:57",
    "calendarYear": "2008",
    "period": "FY",
    "revenue": 20199000000,
    "costOfRevenue": 13123000000,
    "grossProfit": 7076000000,
    "grossProfitRatio": 0.350314372,
    "researchAndDevelopmentExpenses": 0,
    "generalAndAdministrativeExpenses": 0,
    "sellingAndMarketingExpenses": 0,
    "sellingGeneralAndAdministrativeExpenses": 4779000000,
    "otherExpenses": 0,
    "operatingExpenses": 4906000000,
    "costAndExpenses": 18029000000,
    "interestIncome": 110000000,
    "interestExpense": 396000000,
    "depreciationAndAmortization": 1154000000,
    "ebitda": 2981000000,
    "ebitdaratio": 0.1475815634,
    "operatingIncome": 2170000000,
    "operatingIncomeRatio": 0.1074310609,
    "totalOtherIncomeExpensesNet": -739000000,
    "incomeBeforeTax": 1431000000,
    "incomeBeforeTaxRatio": 0.0708450913,
    "incomeTaxExpense": 335000000,
    "netIncome": 979000000,
    "netIncomeRatio": 0.0484677459,
    "eps": 1.65,
    "epsdiluted": 1.63,
    "weightedAverageShsOut": 679000000,
    "weightedAverageShsOutDil": 679000000,
    "link": "https://www.sec.gov/Archives/edgar/data/833444/000104746908012419/0001047469-08-012419-index.htm",
    "finalLink": "https://www.sec.gov/Archives/edgar/data/833444/000104746908012419/a2188718z10-k.htm"
  },
  {
    "date": "2007-09-28",
    "symbol": "JCI",
    "reportedCurrency": "USD",
    "cik": "0000833444",
    "fillingDate": "2007-11-27",
    "acceptedDate": "2007-11-27 17:24:46",
    "calendarYear": "2007",
    "period": "FY",
    "revenue": 18477000000,
    "costOfRevenue": 12217000000,
    "grossProfit": 6260000000,
    "grossProfitRatio": 0.3387995887,
    "researchAndDevelopmentExpenses": 0,
    "generalAndAdministrativeExpenses": 0,
    "sellingAndMarketingExpenses": 0,
    "sellingGeneralAndAdministrativeExpenses": 4656000000,
    "otherExpenses": 0,
    "operatingExpenses": 4776000000,
    "costAndExpenses": 16993000000,
    "interestIncome": 104000000,
    "interestExpense": 313000000,
    "depreciationAndAmortization": 1148000000,
    "ebitda": -735000000,
    "ebitdaratio": -0.0397791849,
    "operatingIncome": 1484000000,
    "operatingIncomeRatio": 0.0803160686,
    "totalOtherIncomeExpensesNet": -3680000000,
    "incomeBeforeTax": -2196000000,
    "incomeBeforeTaxRatio": -0.1188504627,
    "incomeTaxExpense": 324000000,
    "netIncome": 1252000000,
    "netIncomeRatio": 0.0677599177,
    "eps": 2.22,
    "epsdiluted": 2.19,
    "weightedAverageShsOut": 679000000,
    "weightedAverageShsOutDil": 679000000,
    "link": "https://www.sec.gov/Archives/edgar/data/833444/000104746907009551/0001047469-07-009551-index.htm",
    "finalLink": "https://www.sec.gov/Archives/edgar/data/833444/000104746907009551/a2180449z10-k.htm"
  },
  {
    "date": "2006-09-29",
    "symbol": "JCI",
    "reportedCurrency": "USD",
    "cik": "0000833444",
    "fillingDate": "2006-12-11",
    "acceptedDate": "2006-12-11 16:47:15",
    "calendarYear": "2006",
    "period": "FY",
    "revenue": 17336000000,
    "costOfRevenue": 11427000000,
    "grossProfit": 5909000000,
    "grossProfitRatio": 0.3408514075,
    "researchAndDevelopmentExpenses": 0,
    "generalAndAdministrativeExpenses": 0,
    "sellingAndMarketingExpenses": 0,
    "sellingGeneralAndAdministrativeExpenses": 4363000000,
    "otherExpenses": 0,
    "operatingExpenses": 4475000000,
    "costAndExpenses": 15902000000,
    "interestIncome": 43000000,
    "interestExpense": 279000000,
    "depreciationAndAmortization": 1182000000,
    "ebitda": 2595000000,
    "ebitdaratio": 0.1496885095,
    "operatingIncome": 1434000000,
    "operatingIncomeRatio": 0.0827180434,
    "totalOtherIncomeExpensesNet": -300000000,
    "incomeBeforeTax": 1134000000,
    "incomeBeforeTaxRatio": 0.0654130134,
    "incomeTaxExpense": 310000000,
    "netIncome": 1028000000,
    "netIncomeRatio": 0.0592985695,
    "eps": 2.03,
    "epsdiluted": 1.97,
    "weightedAverageShsOut": 679000000,
    "weightedAverageShsOutDil": 679000000,
    "link": "https://www.sec.gov/Archives/edgar/data/833444/000104746906014899/0001047469-06-014899-index.htm",
    "finalLink": "https://www.sec.gov/Archives/edgar/data/833444/000104746906014899/a2174482z10-k.htm"
  },
  {
    "date": "2005-09-30",
    "symbol": "JCI",
    "reportedCurrency": "USD",
    "cik": "0000833444",
    "fillingDate": "2005-12-09",
    "acceptedDate": "2005-12-09 16:29:39",
    "calendarYear": "2005",
    "period": "FY",
    "revenue": 39283000000,
    "costOfRevenue": 25565000000,
    "grossProfit": 13718000000,
    "grossProfitRatio": 0.3492095818,
    "researchAndDevelopmentExpenses": 0,
    "generalAndAdministrativeExpenses": 0,
    "sellingAndMarketingExpenses": 0,
    "sellingGeneralAndAdministrativeExpenses": 7393000000,
    "otherExpenses": 0,
    "operatingExpenses": 8226000000,
    "costAndExpenses": 33791000000,
    "interestIncome": 123000000,
    "interestExpense": 814000000,
    "depreciationAndAmortization": 2081000000,
    "ebitda": 7048000000,
    "ebitdaratio": 0.1794160324,
    "operatingIncome": 5492000000,
    "operatingIncomeRatio": 0.139806023,
    "totalOtherIncomeExpensesNet": -1339000000,
    "incomeBeforeTax": 4153000000,
    "incomeBeforeTaxRatio": 0.1057200316,
    "incomeTaxExpense": 1035000000,
    "netIncome": 909400000,
    "netIncomeRatio": 0.0231499631,
    "eps": 1.59,
    "epsdiluted": 1.51,
    "weightedAverageShsOut": 679000000,
    "weightedAverageShsOutDil": 679000000,
    "link": "https://www.sec.gov/Archives/edgar/data/833444/000104746905028024/0001047469-05-028024-index.htm",
    "finalLink": "https://www.sec.gov/Archives/edgar/data/833444/000104746905028024/a2165075z10-k.htm"
  },
  {
    "date": "2004-09-30",
    "symbol": "JCI",
    "reportedCurrency": "USD",
    "cik": "0000833444",
    "fillingDate": "2004-12-14",
    "acceptedDate": "2004-12-14 06:02:55",
    "calendarYear": "2004",
    "period": "FY",
    "revenue": 38411000000,
    "costOfRevenue": 23883000000,
    "grossProfit": 14528000000,
    "grossProfitRatio": 0.3782249876,
    "researchAndDevelopmentExpenses": 0,
    "generalAndAdministrativeExpenses": 0,
    "sellingAndMarketingExpenses": 0,
    "sellingGeneralAndAdministrativeExpenses": 8141000000,
    "otherExpenses": 0,
    "operatingExpenses": 8918000000,
    "costAndExpenses": 32801000000,
    "interestIncome": 91000000,
    "interestExpense": 956000000,
    "depreciationAndAmortization": 2119000000,
    "ebitda": 7160000000,
    "ebitdaratio": 0.1864049361,
    "operatingIncome": 5610000000,
    "operatingIncomeRatio": 0.1460519122,
    "totalOtherIncomeExpensesNet": -1525000000,
    "incomeBeforeTax": 4085000000,
    "incomeBeforeTaxRatio": 0.1063497436,
    "incomeTaxExpense": 1123000000,
    "netIncome": 817500000,
    "netIncomeRatio": 0.0212829658,
    "eps": 1.5,
    "epsdiluted": 1.41,
    "weightedAverageShsOut": 679000000,
    "weightedAverageShsOutDil": 679000000,
    "link": "https://www.sec.gov/Archives/edgar/data/833444/000104746904036967/0001047469-04-036967-index.htm",
    "finalLink": "https://www.sec.gov/Archives/edgar/data/833444/000104746904036967/a2146767z10-k.htm"
  },
  {
    "date": "2003-09-30",
    "symbol": "JCI",
    "reportedCurrency": "USD",
    "cik": "0000833444",
    "fillingDate": "2003-12-17",
    "acceptedDate": "2003-12-16 21:57:06",
    "calendarYear": "2003",
    "period": "FY",
    "revenue": 22646000000,
    "costOfRevenue": 19425800000,
    "grossProfit": 3220200000,
    "grossProfitRatio": 0.1421972975,
    "researchAndDevelopmentExpenses": 0,
    "generalAndAdministrativeExpenses": 0,
    "sellingAndMarketingExpenses": 0,
    "sellingGeneralAndAdministrativeExpenses": 2058600000,
    "otherExpenses": 0,
    "operatingExpenses": 2058600000,
    "costAndExpenses": 21484400000,
    "interestIncome": 10200000,
    "interestExpense": 113700000,
    "depreciationAndAmortization": 558000000,
    "ebitda": 1729200000,
    "ebitdaratio": 0.0763578557,
    "operatingIncome": 1161600000,
    "operatingIncomeRatio": 0.0512938267,
    "totalOtherIncomeExpensesNet": -104100000,
    "incomeBeforeTax": 1057500000,
    "incomeBeforeTaxRatio": 0.0466969884,
    "incomeTaxExpense": 327800000,
    "netIncome": 682900000,
    "netIncomeRatio": 0.0301554358,
    "eps": 0.52,
    "epsdiluted": 0.52,
    "weightedAverageShsOut": 679000000,
    "weightedAverageShsOutDil": 679000000,
    "link": "https://www.sec.gov/Archives/edgar/data/833444/000104746903041163/0001047469-03-041163-index.htm",
    "finalLink": "https://www.sec.gov/Archives/edgar/data/833444/000104746903041163/a2122987z10-k.htm"
  },
  {
    "date": "2002-09-30",
    "symbol": "JCI",
    "reportedCurrency": "USD",
    "cik": "0000833444",
    "fillingDate": "2002-12-30",
    "acceptedDate": "2002-12-30 17:00:34",
    "calendarYear": "2002",
    "period": "FY",
    "revenue": 20103400000,
    "costOfRevenue": 17256500000,
    "grossProfit": 2846900000,
    "grossProfitRatio": 0.1416128615,
    "researchAndDevelopmentExpenses": 17800000,
    "generalAndAdministrativeExpenses": 0,
    "sellingAndMarketingExpenses": 0,
    "sellingGeneralAndAdministrativeExpenses": 1724900000,
    "otherExpenses": -17800000,
    "operatingExpenses": 1724900000,
    "costAndExpenses": 18981400000,
    "interestIncome": 11900000,
    "interestExpense": 122300000,
    "depreciationAndAmortization": 516800000,
    "ebitda": 1645100000,
    "ebitdaratio": 0.0818319289,
    "operatingIncome": 1122000000,
    "operatingIncomeRatio": 0.0558114548,
    "totalOtherIncomeExpensesNet": -116000000,
    "incomeBeforeTax": 1006000000,
    "incomeBeforeTaxRatio": 0.0500412865,
    "incomeTaxExpense": 347600000,
    "netIncome": 600500000,
    "netIncomeRatio": 0.0298705692,
    "eps": -4.62,
    "epsdiluted": -4.62,
    "weightedAverageShsOut": 679000000,
    "weightedAverageShsOutDil": 679000000,
    "link": "https://www.sec.gov/Archives/edgar/data/833444/000104746902008641/0001047469-02-008641-index.htm",
    "finalLink": "https://www.sec.gov/Archives/edgar/data/833444/000104746902008641/a2094116z10-k.txt"
  },
  {
    "date": "2001-09-30",
    "symbol": "JCI",
    "reportedCurrency": "USD",
    "cik": "0000833444",
    "fillingDate": "2001-12-28",
    "acceptedDate": "2001-12-28 00:00:00",
    "calendarYear": "2001",
    "period": "FY",
    "revenue": 18427200000,
    "costOfRevenue": 15823200000,
    "grossProfit": 2604000000,
    "grossProfitRatio": 0.1413128419,
    "researchAndDevelopmentExpenses": 0,
    "generalAndAdministrativeExpenses": 0,
    "sellingAndMarketingExpenses": 0,
    "sellingGeneralAndAdministrativeExpenses": 1642900000,
    "otherExpenses": 0,
    "operatingExpenses": 1642900000,
    "costAndExpenses": 17466100000,
    "interestIncome": 19400000,
    "interestExpense": 129400000,
    "depreciationAndAmortization": 515900000,
    "ebitda": 1512400000,
    "ebitdaratio": 0.0820743249,
    "operatingIncome": 961100000,
    "operatingIncomeRatio": 0.0521565946,
    "totalOtherIncomeExpensesNet": -94000000,
    "incomeBeforeTax": 867100000,
    "incomeBeforeTaxRatio": 0.0470554398,
    "incomeTaxExpense": 335500000,
    "netIncome": 478300000,
    "netIncomeRatio": 0.0259561952,
    "eps": 22.66,
    "epsdiluted": 21.4,
    "weightedAverageShsOut": 679000000,
    "weightedAverageShsOutDil": 679000000,
    "link": "https://www.sec.gov/Archives/edgar/data/833444/000091205701544874/0000912057-01-544874-index.htm",
    "finalLink": "https://www.sec.gov/Archives/edgar/data/833444/000091205701544874/a2062534z10-k.txt"
  },
  {
    "date": "2000-09-30",
    "symbol": "JCI",
    "reportedCurrency": "USD",
    "cik": "0000833444",
    "fillingDate": "2000-12-21",
    "acceptedDate": "2000-12-21 00:00:00",
    "calendarYear": "2000",
    "period": "FY",
    "revenue": 17154600000,
    "costOfRevenue": 14098300000,
    "grossProfit": 3056300000,
    "grossProfitRatio": 0.1781621256,
    "researchAndDevelopmentExpenses": 0,
    "generalAndAdministrativeExpenses": 0,
    "sellingAndMarketingExpenses": 0,
    "sellingGeneralAndAdministrativeExpenses": 1629500000,
    "otherExpenses": 461800000,
    "operatingExpenses": 2091300000,
    "costAndExpenses": 16189600000,
    "interestIncome": 0,
    "interestExpense": 0,
    "depreciationAndAmortization": 461800000,
    "ebitda": 1426800000,
    "ebitdaratio": 0.0831730265,
    "operatingIncome": 965000000,
    "operatingIncomeRatio": 0.0562531333,
    "totalOtherIncomeExpensesNet": -153700000,
    "incomeBeforeTax": 811300000,
    "incomeBeforeTaxRatio": 0.0472934373,
    "incomeTaxExpense": 338900000,
    "netIncome": 472400000,
    "netIncomeRatio": 0.0275378033,
    "eps": 22.62,
    "epsdiluted": 21.32,
    "weightedAverageShsOut": 679000000,
    "weightedAverageShsOutDil": 679000000,
    "link": "https://www.sec.gov/Archives/edgar/data/833444/000091205700054429/0000912057-00-054429-index.htm",
    "finalLink": "https://www.sec.gov/Archives/edgar/data/833444/000091205700054429/a2030822z10-k405.txt"
  },
  {
    "date": "1999-09-30",
    "symbol": "JCI",
    "reportedCurrency": "USD",
    "cik": "0000833444",
    "fillingDate": "1999-12-13",
    "acceptedDate": "1999-12-13 00:00:00",
    "calendarYear": "1999",
    "period": "FY",
    "revenue": 16139400000,
    "costOfRevenue": 13369900000,
    "grossProfit": 2769500000,
    "grossProfitRatio": 0.1715986964,
    "researchAndDevelopmentExpenses": 0,
    "generalAndAdministrativeExpenses": 0,
    "sellingAndMarketingExpenses": 0,
    "sellingGeneralAndAdministrativeExpenses": 1469000000,
    "otherExpenses": 445600000,
    "operatingExpenses": 1914600000,
    "costAndExpenses": 15284500000,
    "interestIncome": 0,
    "interestExpense": 0,
    "depreciationAndAmortization": 445600000,
    "ebitda": 1300500000,
    "ebitdaratio": 0.0805792037,
    "operatingIncome": 854900000,
    "operatingIncomeRatio": 0.052969751,
    "totalOtherIncomeExpensesNet": -123600000,
    "incomeBeforeTax": 731300000,
    "incomeBeforeTaxRatio": 0.0453114738,
    "incomeTaxExpense": 311700000,
    "netIncome": 419600000,
    "netIncomeRatio": 0.0259984882,
    "eps": 0.83,
    "epsdiluted": 0.78,
    "weightedAverageShsOut": 679000000,
    "weightedAverageShsOutDil": 679000000,
    "link": "https://www.sec.gov/Archives/edgar/data/833444/000091205799009052/0000912057-99-009052-index.html",
    "finalLink": "https://www.sec.gov/Archives/edgar/data/833444/000091205799009052/"
  },
  {
    "date": "1998-09-30",
    "symbol": "JCI",
    "reportedCurrency": "USD",
    "cik": "0000833444",
    "fillingDate": "1998-12-10",
    "acceptedDate": "1998-12-10 00:00:00",
    "calendarYear": "1998",
    "period": "FY",
    "revenue": 12586800000,
    "costOfRevenue": 10392000000,
    "grossProfit": 2194800000,
    "grossProfitRatio": 0.1743731528,
    "researchAndDevelopmentExpenses": 0,
    "generalAndAdministrativeExpenses": 0,
    "sellingAndMarketingExpenses": 0,
    "sellingGeneralAndAdministrativeExpenses": 1146600000,
    "otherExpenses": 384200000,
    "operatingExpenses": 1530800000,
    "costAndExpenses": 11922800000,
    "interestIncome": 0,
    "interestExpense": 0,
    "depreciationAndAmortization": 384200000,
    "ebitda": 1048200000,
    "ebitdaratio": 0.0832777195,
    "operatingIncome": 664000000,
    "operatingIncomeRatio": 0.0527536785,
    "totalOtherIncomeExpensesNet": -70300000,
    "incomeBeforeTax": 593700000,
    "incomeBeforeTaxRatio": 0.0471684622,
    "incomeTaxExpense": 256000000,
    "netIncome": 337700000,
    "netIncomeRatio": 0.0268296946,
    "eps": 16.25,
    "epsdiluted": 15.2,
    "weightedAverageShsOut": 679000000,
    "weightedAverageShsOutDil": 679000000,
    "link": "https://www.sec.gov/Archives/edgar/data/833444/000095013598006202/0000950135-98-006202-index.html",
    "finalLink": "https://www.sec.gov/Archives/edgar/data/833444/0000950135-98-006202.txt"
  },
  {
    "date": "1997-09-30",
    "symbol": "JCI",
    "reportedCurrency": "USD",
    "cik": "0000833444",
    "fillingDate": "1997-12-24",
    "acceptedDate": "1997-12-24 00:00:00",
    "calendarYear": "1997",
    "period": "FY",
    "revenue": 11145400000,
    "costOfRevenue": 9130700000,
    "grossProfit": 2014700000,
    "grossProfitRatio": 0.1807651587,
    "researchAndDevelopmentExpenses": 0,
    "generalAndAdministrativeExpenses": 0,
    "sellingAndMarketingExpenses": 0,
    "sellingGeneralAndAdministrativeExpenses": 1062700000,
    "otherExpenses": 354900000,
    "operatingExpenses": 1417600000,
    "costAndExpenses": 10548300000,
    "interestIncome": 0,
    "interestExpense": 0,
    "depreciationAndAmortization": 354900000,
    "ebitda": 952000000,
    "ebitdaratio": 0.085416405,
    "operatingIncome": 597100000,
    "operatingIncomeRatio": 0.0535736716,
    "totalOtherIncomeExpensesNet": -195600000,
    "incomeBeforeTax": 401500000,
    "incomeBeforeTaxRatio": 0.0360238305,
    "incomeTaxExpense": 180900000,
    "netIncome": 288500000,
    "netIncomeRatio": 0.0258851185,
    "eps": 13.78,
    "epsdiluted": 13.07,
    "weightedAverageShsOut": 679000000,
    "weightedAverageShsOutDil": 679000000,
    "link": "https://www.sec.gov/Archives/edgar/data/833444/000095013597005203/0000950135-97-005203-index.html",
    "finalLink": "https://www.sec.gov/Archives/edgar/data/833444/"
  },
  {
    "date": "1996-09-30",
    "symbol": "JCI",
    "reportedCurrency": "USD",
    "cik": "0000833444",
    "fillingDate": "1996-09-30",
    "acceptedDate": "1996-09-30 00:00:00",
    "calendarYear": "1996",
    "period": "FY",
    "revenue": 10009400000,
    "costOfRevenue": 8291300000,
    "grossProfit": 1718100000,
    "grossProfitRatio": 0.1716486503,
    "researchAndDevelopmentExpenses": 0,
    "generalAndAdministrativeExpenses": 0,
    "sellingAndMarketingExpenses": 0,
    "sellingGeneralAndAdministrativeExpenses": 852800000,
    "otherExpenses": 365300000,
    "operatingExpenses": 1218100000,
    "costAndExpenses": 9509400000,
    "interestIncome": 0,
    "interestExpense": 0,
    "depreciationAndAmortization": 262500000,
    "ebitda": 741400000,
    "ebitdaratio": 0.0740703738,
    "operatingIncome": 478900000,
    "operatingIncomeRatio": 0.0478450257,
    "totalOtherIncomeExpensesNet": -84400000,
    "incomeBeforeTax": 394500000,
    "incomeBeforeTaxRatio": 0.0394129518,
    "incomeTaxExpense": 171800000,
    "netIncome": 234700000,
    "netIncomeRatio": 0.0234479589,
    "eps": 0.47,
    "epsdiluted": 0.44,
    "weightedAverageShsOut": 679000000,
    "weightedAverageShsOutDil": 679000000,
    "link": null,
    "finalLink": null
  },
  {
    "date": "1995-09-30",
    "symbol": "JCI",
    "reportedCurrency": "USD",
    "cik": "0000833444",
    "fillingDate": "1995-09-30",
    "acceptedDate": "1995-09-30 00:00:00",
    "calendarYear": "1995",
    "period": "FY",
    "revenue": 8330300000,
    "costOfRevenue": 6784100000,
    "grossProfit": 1546200000,
    "grossProfitRatio": 0.1856115626,
    "researchAndDevelopmentExpenses": 0,
    "generalAndAdministrativeExpenses": 0,
    "sellingAndMarketingExpenses": 0,
    "sellingGeneralAndAdministrativeExpenses": 808900000,
    "otherExpenses": 288500000,
    "operatingExpenses": 1097400000,
    "costAndExpenses": 7881500000,
    "interestIncome": 0,
    "interestExpense": 0,
    "depreciationAndAmortization": 288500000,
    "ebitda": 737300000,
    "ebitdaratio": 0.088508217,
    "operatingIncome": 448800000,
    "operatingIncomeRatio": 0.0538756107,
    "totalOtherIncomeExpensesNet": -90100000,
    "incomeBeforeTax": 358700000,
    "incomeBeforeTaxRatio": 0.0430596737,
    "incomeTaxExpense": 162900000,
    "netIncome": 195800000,
    "netIncomeRatio": 0.0235045557,
    "eps": 9.49,
    "epsdiluted": 8.94,
    "weightedAverageShsOut": 679000000,
    "weightedAverageShsOutDil": 679000000,
    "link": null,
    "finalLink": null
  },
  {
    "date": "1994-09-30",
    "symbol": "JCI",
    "reportedCurrency": "USD",
    "cik": "0000833444",
    "fillingDate": "1994-09-30",
    "acceptedDate": "1994-09-30 00:00:00",
    "calendarYear": "1994",
    "period": "FY",
    "revenue": 6870500000,
    "costOfRevenue": 5503700000,
    "grossProfit": 1366800000,
    "grossProfitRatio": 0.1989374864,
    "researchAndDevelopmentExpenses": 0,
    "generalAndAdministrativeExpenses": 0,
    "sellingAndMarketingExpenses": 0,
    "sellingGeneralAndAdministrativeExpenses": 743300000,
    "otherExpenses": 258300000,
    "operatingExpenses": 1001600000,
    "costAndExpenses": 6505300000,
    "interestIncome": 0,
    "interestExpense": 0,
    "depreciationAndAmortization": 258300000,
    "ebitda": 623500000,
    "ebitdaratio": 0.0907503093,
    "operatingIncome": 365200000,
    "operatingIncomeRatio": 0.0531547922,
    "totalOtherIncomeExpensesNet": -59700000,
    "incomeBeforeTax": 305500000,
    "incomeBeforeTaxRatio": 0.0444654683,
    "incomeTaxExpense": 140300000,
    "netIncome": 165200000,
    "netIncomeRatio": 0.0240448293,
    "eps": 0.33,
    "epsdiluted": 0.31,
    "weightedAverageShsOut": 679000000,
    "weightedAverageShsOutDil": 679000000,
    "link": null,
    "finalLink": null
  },
  {
    "date": "1993-09-30",
    "symbol": "JCI",
    "reportedCurrency": "USD",
    "cik": "0000833444",
    "fillingDate": "1993-09-30",
    "acceptedDate": "1993-09-30 00:00:00",
    "calendarYear": "1993",
    "period": "FY",
    "revenue": 6181700000,
    "costOfRevenue": 5036200000,
    "grossProfit": 1145500000,
    "grossProfitRatio": 0.1853050132,
    "researchAndDevelopmentExpenses": 0,
    "generalAndAdministrativeExpenses": 0,
    "sellingAndMarketingExpenses": 0,
    "sellingGeneralAndAdministrativeExpenses": 635100000,
    "otherExpenses": 212100000,
    "operatingExpenses": 847200000,
    "costAndExpenses": 5883400000,
    "interestIncome": 0,
    "interestExpense": 0,
    "depreciationAndAmortization": 212100000,
    "ebitda": 510400000,
    "ebitdaratio": 0.0825662844,
    "operatingIncome": 298300000,
    "operatingIncomeRatio": 0.0482553343,
    "totalOtherIncomeExpensesNet": -47600000,
    "incomeBeforeTax": 250700000,
    "incomeBeforeTaxRatio": 0.0405551871,
    "incomeTaxExpense": 112800000,
    "netIncome": 15900000,
    "netIncomeRatio": 0.002572108,
    "eps": 0.0139,
    "epsdiluted": 0.0139,
    "weightedAverageShsOut": 679000000,
    "weightedAverageShsOutDil": 679000000,
    "link": null,
    "finalLink": null
  },
  {
    "date": "1992-09-30",
    "symbol": "JCI",
    "reportedCurrency": "USD",
    "cik": "0000833444",
    "fillingDate": "1992-09-30",
    "acceptedDate": "1992-09-30 00:00:00",
    "calendarYear": "1992",
    "period": "FY",
    "revenue": 5156500000,
    "costOfRevenue": 4177100000,
    "grossProfit": 979400000,
    "grossProfitRatio": 0.1899350335,
    "researchAndDevelopmentExpenses": 0,
    "generalAndAdministrativeExpenses": 0,
    "sellingAndMarketingExpenses": 0,
    "sellingGeneralAndAdministrativeExpenses": 525100000,
    "otherExpenses": 188800000,
    "operatingExpenses": 713900000,
    "costAndExpenses": 4891000000,
    "interestIncome": 0,
    "interestExpense": 0,
    "depreciationAndAmortization": 188800000,
    "ebitda": 454300000,
    "ebitdaratio": 0.088102395,
    "operatingIncome": 265500000,
    "operatingIncomeRatio": 0.0514884127,
    "totalOtherIncomeExpensesNet": -37800000,
    "incomeBeforeTax": 227700000,
    "incomeBeforeTaxRatio": 0.044157859,
    "incomeTaxExpense": 104700000,
    "netIncome": 123000000,
    "netIncomeRatio": 0.0238533889,
    "eps": 0.25,
    "epsdiluted": 0.24,
    "weightedAverageShsOut": 679000000,
    "weightedAverageShsOutDil": 679000000,
    "link": null,
    "finalLink": null
  },
  {
    "date": "1991-09-30",
    "symbol": "JCI",
    "reportedCurrency": "USD",
    "cik": "0000833444",
    "fillingDate": "1991-09-30",
    "acceptedDate": "1991-09-30 00:00:00",
    "calendarYear": "1991",
    "period": "FY",
    "revenue": 4559000000,
    "costOfRevenue": 3684900000,
    "grossProfit": 874100000,
    "grossProfitRatio": 0.1917306427,
    "researchAndDevelopmentExpenses": 0,
    "generalAndAdministrativeExpenses": 0,
    "sellingAndMarketingExpenses": 0,
    "sellingGeneralAndAdministrativeExpenses": 476300000,
    "otherExpenses": 169000000,
    "operatingExpenses": 645300000,
    "costAndExpenses": 4330200000,
    "interestIncome": 0,
    "interestExpense": 0,
    "depreciationAndAmortization": 169000000,
    "ebitda": 397800000,
    "ebitdaratio": 0.0872559772,
    "operatingIncome": 228800000,
    "operatingIncomeRatio": 0.0501864444,
    "totalOtherIncomeExpensesNet": -52800000,
    "incomeBeforeTax": 176000000,
    "incomeBeforeTaxRatio": 0.0386049572,
    "incomeTaxExpense": 80900000,
    "netIncome": 95100000,
    "netIncomeRatio": 0.0208598377,
    "eps": 0.19,
    "epsdiluted": 0.18,
    "weightedAverageShsOut": 679000000,
    "weightedAverageShsOutDil": 679000000,
    "link": null,
    "finalLink": null
  },
  {
    "date": "1990-09-30",
    "symbol": "JCI",
    "reportedCurrency": "USD",
    "cik": "0000833444",
    "fillingDate": "1990-09-30",
    "acceptedDate": "1990-09-30 00:00:00",
    "calendarYear": "1990",
    "period": "FY",
    "revenue": 4504000000,
    "costOfRevenue": 3690600000,
    "grossProfit": 813400000,
    "grossProfitRatio": 0.1805950266,
    "researchAndDevelopmentExpenses": 0,
    "generalAndAdministrativeExpenses": 0,
    "sellingAndMarketingExpenses": 0,
    "sellingGeneralAndAdministrativeExpenses": 433500000,
    "otherExpenses": 151900000,
    "operatingExpenses": 585400000,
    "costAndExpenses": 4276000000,
    "interestIncome": 0,
    "interestExpense": 0,
    "depreciationAndAmortization": 151900000,
    "ebitda": 379900000,
    "ebitdaratio": 0.0843472469,
    "operatingIncome": 228000000,
    "operatingIncomeRatio": 0.0506216696,
    "totalOtherIncomeExpensesNet": -55200000,
    "incomeBeforeTax": 172800000,
    "incomeBeforeTaxRatio": 0.038365897,
    "incomeTaxExpense": 80400000,
    "netIncome": 92400000,
    "netIncomeRatio": 0.0205150977,
    "eps": 0.19,
    "epsdiluted": 0.18,
    "weightedAverageShsOut": 679000000,
    "weightedAverageShsOutDil": 679000000,
    "link": null,
    "finalLink": null
  },
  {
    "date": "1989-09-30",
    "symbol": "JCI",
    "reportedCurrency": "USD",
    "cik": "0000833444",
    "fillingDate": "1989-09-30",
    "acceptedDate": "1989-09-30 00:00:00",
    "calendarYear": "1989",
    "period": "FY",
    "revenue": 3683600000,
    "costOfRevenue": 2958700000,
    "grossProfit": 724900000,
    "grossProfitRatio": 0.1967911825,
    "researchAndDevelopmentExpenses": 0,
    "generalAndAdministrativeExpenses": 0,
    "sellingAndMarketingExpenses": 0,
    "sellingGeneralAndAdministrativeExpenses": 394500000,
    "otherExpenses": 125400000,
    "operatingExpenses": 519900000,
    "costAndExpenses": 3478600000,
    "interestIncome": 0,
    "interestExpense": 0,
    "depreciationAndAmortization": 125400000,
    "ebitda": 330400000,
    "ebitdaratio": 0.0896948637,
    "operatingIncome": 205000000,
    "operatingIncomeRatio": 0.0556520795,
    "totalOtherIncomeExpensesNet": -26100000,
    "incomeBeforeTax": 178900000,
    "incomeBeforeTaxRatio": 0.0485666196,
    "incomeTaxExpense": 81400000,
    "netIncome": 97500000,
    "netIncomeRatio": 0.026468672,
    "eps": 0.22,
    "epsdiluted": 0.21,
    "weightedAverageShsOut": 679000000,
    "weightedAverageShsOutDil": 679000000,
    "link": null,
    "finalLink": null
  },
  {
    "date": "1988-09-30",
    "symbol": "JCI",
    "reportedCurrency": "USD",
    "cik": "0000833444",
    "fillingDate": "1988-09-30",
    "acceptedDate": "1988-09-29 20:00:00",
    "calendarYear": "1988",
    "period": "FY",
    "revenue": 3099600000,
    "costOfRevenue": 2405600000,
    "grossProfit": 694000000,
    "grossProfitRatio": 0.223899858,
    "researchAndDevelopmentExpenses": 0,
    "generalAndAdministrativeExpenses": 0,
    "sellingAndMarketingExpenses": 0,
    "sellingGeneralAndAdministrativeExpenses": 379800000,
    "otherExpenses": 103900000,
    "operatingExpenses": 483700000,
    "costAndExpenses": 2889300000,
    "interestIncome": 0,
    "interestExpense": 0,
    "depreciationAndAmortization": 103900000,
    "ebitda": 314200000,
    "ebitdaratio": 0.1013679184,
    "operatingIncome": 210300000,
    "operatingIncomeRatio": 0.0678474642,
    "totalOtherIncomeExpensesNet": -23800000,
    "incomeBeforeTax": 186500000,
    "incomeBeforeTaxRatio": 0.0601690541,
    "incomeTaxExpense": 83000000,
    "netIncome": 103500000,
    "netIncomeRatio": 0.0333914053,
    "eps": 0.25,
    "epsdiluted": 0.24,
    "weightedAverageShsOut": 679000000,
    "weightedAverageShsOutDil": 679000000,
    "link": "",
    "finalLink": ""
  },
  {
    "date": "1987-09-30",
    "symbol": "JCI",
    "reportedCurrency": "USD",
    "cik": "0000833444",
    "fillingDate": "1987-09-30",
    "acceptedDate": "1987-09-29 20:00:00",
    "calendarYear": "1987",
    "period": "FY",
    "revenue": 2676800000,
    "costOfRevenue": 2034600000,
    "grossProfit": 642200000,
    "grossProfitRatio": 0.2399133293,
    "researchAndDevelopmentExpenses": 0,
    "generalAndAdministrativeExpenses": 0,
    "sellingAndMarketingExpenses": 0,
    "sellingGeneralAndAdministrativeExpenses": 366300000,
    "otherExpenses": 97900000,
    "operatingExpenses": 464200000,
    "costAndExpenses": 2498800000,
    "interestIncome": 0,
    "interestExpense": 0,
    "depreciationAndAmortization": 97900000,
    "ebitda": 275900000,
    "ebitdaratio": 0.1030708308,
    "operatingIncome": 178000000,
    "operatingIncomeRatio": 0.0664973102,
    "totalOtherIncomeExpensesNet": -7000000,
    "incomeBeforeTax": 171000000,
    "incomeBeforeTaxRatio": 0.0638822475,
    "incomeTaxExpense": 81400000,
    "netIncome": 89600000,
    "netIncomeRatio": 0.0334728033,
    "eps": 0.19,
    "epsdiluted": 0.19,
    "weightedAverageShsOut": 679000000,
    "weightedAverageShsOutDil": 679000000,
    "link": "",
    "finalLink": ""
  },
  {
    "date": "1986-09-30",
    "symbol": "JCI",
    "reportedCurrency": "USD",
    "cik": "0000833444",
    "fillingDate": "1986-09-30",
    "acceptedDate": "1986-09-29 20:00:00",
    "calendarYear": "1986",
    "period": "FY",
    "revenue": 2639400000,
    "costOfRevenue": 2024400000,
    "grossProfit": 615000000,
    "grossProfitRatio": 0.2330075017,
    "researchAndDevelopmentExpenses": 0,
    "generalAndAdministrativeExpenses": 0,
    "sellingAndMarketingExpenses": 0,
    "sellingGeneralAndAdministrativeExpenses": 341100000,
    "otherExpenses": 90400000,
    "operatingExpenses": 431500000,
    "costAndExpenses": 2455900000,
    "interestIncome": 0,
    "interestExpense": 0,
    "depreciationAndAmortization": 90400000,
    "ebitda": 273900000,
    "ebitdaratio": 0.1037735849,
    "operatingIncome": 183500000,
    "operatingIncomeRatio": 0.0695233765,
    "totalOtherIncomeExpensesNet": -9100000,
    "incomeBeforeTax": 174400000,
    "incomeBeforeTaxRatio": 0.0660756232,
    "incomeTaxExpense": 78500000,
    "netIncome": 95900000,
    "netIncomeRatio": 0.0363340153,
    "eps": 0.21,
    "epsdiluted": 0.21,
    "weightedAverageShsOut": 679000000,
    "weightedAverageShsOutDil": 679000000,
    "link": "",
    "finalLink": ""
  },
  {
    "date": "1985-09-30",
    "symbol": "JCI",
    "reportedCurrency": "USD",
    "cik": "0000833444",
    "fillingDate": "1985-09-30",
    "acceptedDate": "1985-09-29 20:00:00",
    "calendarYear": "1985",
    "period": "FY",
    "revenue": 1787000000,
    "costOfRevenue": 1306100000,
    "grossProfit": 480900000,
    "grossProfitRatio": 0.2691102406,
    "researchAndDevelopmentExpenses": 0,
    "generalAndAdministrativeExpenses": 0,
    "sellingAndMarketingExpenses": 0,
    "sellingGeneralAndAdministrativeExpenses": 286800000,
    "otherExpenses": 61900000,
    "operatingExpenses": 348700000,
    "costAndExpenses": 1654800000,
    "interestIncome": 0,
    "interestExpense": 0,
    "depreciationAndAmortization": 61900000,
    "ebitda": 194100000,
    "ebitdaratio": 0.1086177952,
    "operatingIncome": 132200000,
    "operatingIncomeRatio": 0.0739787353,
    "totalOtherIncomeExpensesNet": 9900000,
    "incomeBeforeTax": 142100000,
    "incomeBeforeTaxRatio": 0.0795187465,
    "incomeTaxExpense": 63800000,
    "netIncome": 78300000,
    "netIncomeRatio": 0.0438164522,
    "eps": 0.21,
    "epsdiluted": 0.21,
    "weightedAverageShsOut": 679000000,
    "weightedAverageShsOutDil": 679000000,
    "link": "",
    "finalLink": ""
  }
]