[
  {
    "date": "2025-06-30",
    "symbol": "JKHY",
    "reportedCurrency": "USD",
    "cik": "0000779152",
    "fillingDate": "2025-08-25",
    "acceptedDate": "2025-08-25 12:00:11",
    "calendarYear": "2025",
    "period": "Q4",
    "revenue": 594877000,
    "costOfRevenue": 343761000,
    "grossProfit": 251116000,
    "grossProfitRatio": 0.4221309615,
    "researchAndDevelopmentExpenses": 42580000,
    "generalAndAdministrativeExpenses": 0,
    "sellingAndMarketingExpenses": 0,
    "sellingGeneralAndAdministrativeExpenses": 73216000,
    "otherExpenses": 0,
    "operatingExpenses": 115796000,
    "costAndExpenses": 459557000,
    "interestIncome": 6354000,
    "interestExpense": 2102000,
    "depreciationAndAmortization": 51490000,
    "ebitda": 213541000,
    "ebitdaratio": 0.3589666435,
    "operatingIncome": 135320000,
    "operatingIncomeRatio": 0.2274755958,
    "totalOtherIncomeExpensesNet": 24629000,
    "incomeBeforeTax": 159949000,
    "incomeBeforeTaxRatio": 0.2688774318,
    "incomeTaxExpense": 32345000,
    "netIncome": 127604000,
    "netIncomeRatio": 0.2145048472,
    "eps": 1.75,
    "epsdiluted": 1.75,
    "weightedAverageShsOut": 73005000,
    "weightedAverageShsOutDil": 73005000,
    "link": "https://www.sec.gov/Archives/edgar/data/779152/000077915225000055/0000779152-25-000055-index.htm",
    "finalLink": "https://www.sec.gov/Archives/edgar/data/779152/000077915225000055/jkhy-20250630.htm"
  },
  {
    "date": "2025-03-31",
    "symbol": "JKHY",
    "reportedCurrency": "USD",
    "cik": "0000779152",
    "fillingDate": "2025-05-12",
    "acceptedDate": "2025-05-12 14:34:05",
    "calendarYear": "2025",
    "period": "Q3",
    "revenue": 585087000,
    "costOfRevenue": 340586000,
    "grossProfit": 244501000,
    "grossProfitRatio": 0.4178882799,
    "researchAndDevelopmentExpenses": 39411000,
    "generalAndAdministrativeExpenses": 0,
    "sellingAndMarketingExpenses": 0,
    "sellingGeneralAndAdministrativeExpenses": 66350000,
    "otherExpenses": 0,
    "operatingExpenses": 105761000,
    "costAndExpenses": 446347000,
    "interestIncome": 5899000,
    "interestExpense": 2731000,
    "depreciationAndAmortization": 51013000,
    "ebitda": 195652000,
    "ebitdaratio": 0.3343981322,
    "operatingIncome": 138740000,
    "operatingIncomeRatio": 0.2371271281,
    "totalOtherIncomeExpensesNet": 3168000,
    "incomeBeforeTax": 141908000,
    "incomeBeforeTaxRatio": 0.2425417075,
    "incomeTaxExpense": 30800000,
    "netIncome": 111108000,
    "netIncomeRatio": 0.1898999636,
    "eps": 1.53,
    "epsdiluted": 1.52,
    "weightedAverageShsOut": 72815211,
    "weightedAverageShsOutDil": 73013000,
    "link": "https://www.sec.gov/Archives/edgar/data/779152/000077915225000019/0000779152-25-000019-index.htm",
    "finalLink": "https://www.sec.gov/Archives/edgar/data/779152/000077915225000019/jkhy-20250331.htm"
  },
  {
    "date": "2024-12-31",
    "symbol": "JKHY",
    "reportedCurrency": "USD",
    "cik": "0000779152",
    "fillingDate": "2025-02-07",
    "acceptedDate": "2025-02-07 13:01:51",
    "calendarYear": "2025",
    "period": "Q2",
    "revenue": 573848000,
    "costOfRevenue": 332850000,
    "grossProfit": 240998000,
    "grossProfitRatio": 0.419968354,
    "researchAndDevelopmentExpenses": 41095000,
    "generalAndAdministrativeExpenses": 0,
    "sellingAndMarketingExpenses": 0,
    "sellingGeneralAndAdministrativeExpenses": 76901000,
    "otherExpenses": 0,
    "operatingExpenses": 117996000,
    "costAndExpenses": 450846000,
    "interestIncome": 7159000,
    "interestExpense": 2780000,
    "depreciationAndAmortization": 51754000,
    "ebitda": 181915000,
    "ebitdaratio": 0.3170090338,
    "operatingIncome": 123002000,
    "operatingIncomeRatio": 0.2143459592,
    "totalOtherIncomeExpensesNet": 4379000,
    "incomeBeforeTax": 127381000,
    "incomeBeforeTaxRatio": 0.2219768998,
    "incomeTaxExpense": 29536000,
    "netIncome": 97845000,
    "netIncomeRatio": 0.1705068241,
    "eps": 1.34,
    "epsdiluted": 1.34,
    "weightedAverageShsOut": 73018656,
    "weightedAverageShsOutDil": 73082000,
    "link": "https://www.sec.gov/Archives/edgar/data/779152/000077915225000009/0000779152-25-000009-index.htm",
    "finalLink": "https://www.sec.gov/Archives/edgar/data/779152/000077915225000009/jkhy-20241231.htm"
  },
  {
    "date": "2024-09-30",
    "symbol": "JKHY",
    "reportedCurrency": "USD",
    "cik": "0000779152",
    "fillingDate": "2024-11-08",
    "acceptedDate": "2024-11-08 13:42:36",
    "calendarYear": "2025",
    "period": "Q1",
    "revenue": 600982000,
    "costOfRevenue": 343432000,
    "grossProfit": 257550000,
    "grossProfitRatio": 0.4285486088,
    "researchAndDevelopmentExpenses": 39686000,
    "generalAndAdministrativeExpenses": 0,
    "sellingAndMarketingExpenses": 0,
    "sellingGeneralAndAdministrativeExpenses": 66587999,
    "otherExpenses": 0,
    "operatingExpenses": 106274000,
    "costAndExpenses": 449706000,
    "interestIncome": 8347000,
    "interestExpense": 2825000,
    "depreciationAndAmortization": 50494000,
    "ebitda": 210117000,
    "ebitdaratio": 0.349622784,
    "operatingIncome": 151276000,
    "operatingIncomeRatio": 0.2517146936,
    "totalOtherIncomeExpensesNet": 5522000,
    "incomeBeforeTax": 156798000,
    "incomeBeforeTaxRatio": 0.2609029888,
    "incomeTaxExpense": 37607000,
    "netIncome": 119191000,
    "netIncomeRatio": 0.1983270714,
    "eps": 1.63,
    "epsdiluted": 1.63,
    "weightedAverageShsOut": 72905000,
    "weightedAverageShsOutDil": 73078000,
    "link": "https://www.sec.gov/Archives/edgar/data/779152/000077915224000111/0000779152-24-000111-index.htm",
    "finalLink": "https://www.sec.gov/Archives/edgar/data/779152/000077915224000111/jkhy-20240930.htm"
  },
  {
    "date": "2024-06-30",
    "symbol": "JKHY",
    "reportedCurrency": "USD",
    "cik": "0000779152",
    "fillingDate": "2024-08-26",
    "acceptedDate": "2024-08-26 13:46:30",
    "calendarYear": "2024",
    "period": "Q4",
    "revenue": 559912000,
    "costOfRevenue": 327272000,
    "grossProfit": 232640000,
    "grossProfitRatio": 0.4154938633,
    "researchAndDevelopmentExpenses": 39893000,
    "generalAndAdministrativeExpenses": 0,
    "sellingAndMarketingExpenses": 0,
    "sellingGeneralAndAdministrativeExpenses": 67121000,
    "otherExpenses": 0,
    "operatingExpenses": 107014000,
    "costAndExpenses": 434286000,
    "interestIncome": 8647000,
    "interestExpense": 3889000,
    "depreciationAndAmortization": 50691000,
    "ebitda": 184963000,
    "ebitdaratio": 0.3303429825,
    "operatingIncome": 125626000,
    "operatingIncomeRatio": 0.2243674006,
    "totalOtherIncomeExpensesNet": 4758000,
    "incomeBeforeTax": 130383999,
    "incomeBeforeTaxRatio": 0.2328651627,
    "incomeTaxExpense": 29311000,
    "netIncome": 101073000,
    "netIncomeRatio": 0.1805158668,
    "eps": 1.39,
    "epsdiluted": 1.38,
    "weightedAverageShsOut": 72867000,
    "weightedAverageShsOutDil": 73069000,
    "link": "https://www.sec.gov/Archives/edgar/data/779152/000077915224000079/0000779152-24-000079-index.htm",
    "finalLink": "https://www.sec.gov/Archives/edgar/data/779152/000077915224000079/jkhy-20240630.htm"
  },
  {
    "date": "2024-03-31",
    "symbol": "JKHY",
    "reportedCurrency": "USD",
    "cik": "0000779152",
    "fillingDate": "2024-05-09",
    "acceptedDate": "2024-05-09 15:34:10",
    "calendarYear": "2024",
    "period": "Q3",
    "revenue": 538562000,
    "costOfRevenue": 328224000,
    "grossProfit": 210338000,
    "grossProfitRatio": 0.3905548479,
    "researchAndDevelopmentExpenses": 35993000,
    "generalAndAdministrativeExpenses": 0,
    "sellingAndMarketingExpenses": 0,
    "sellingGeneralAndAdministrativeExpenses": 62246000,
    "otherExpenses": 0,
    "operatingExpenses": 98239000,
    "costAndExpenses": 426463000,
    "interestIncome": 6499000,
    "interestExpense": 4433000,
    "depreciationAndAmortization": 50082000,
    "ebitda": 168680000,
    "ebitdaratio": 0.3132044221,
    "operatingIncome": 112099000,
    "operatingIncomeRatio": 0.2081450232,
    "totalOtherIncomeExpensesNet": 2066000,
    "incomeBeforeTax": 114165000,
    "incomeBeforeTaxRatio": 0.2119811647,
    "incomeTaxExpense": 27066000,
    "netIncome": 87099000,
    "netIncomeRatio": 0.1617251124,
    "eps": 1.19,
    "epsdiluted": 1.19,
    "weightedAverageShsOut": 72899613,
    "weightedAverageShsOutDil": 73031000,
    "link": "https://www.sec.gov/Archives/edgar/data/779152/000077915224000033/0000779152-24-000033-index.htm",
    "finalLink": "https://www.sec.gov/Archives/edgar/data/779152/000077915224000033/jkhy-20240331.htm"
  },
  {
    "date": "2023-12-31",
    "symbol": "JKHY",
    "reportedCurrency": "USD",
    "cik": "0000779152",
    "fillingDate": "2024-02-08",
    "acceptedDate": "2024-02-08 16:50:04",
    "calendarYear": "2024",
    "period": "Q2",
    "revenue": 545701000,
    "costOfRevenue": 320979000,
    "grossProfit": 224722000,
    "grossProfitRatio": 0.4118042664,
    "researchAndDevelopmentExpenses": 35478000,
    "generalAndAdministrativeExpenses": 0,
    "sellingAndMarketingExpenses": 0,
    "sellingGeneralAndAdministrativeExpenses": 70277000,
    "otherExpenses": 0,
    "operatingExpenses": 105755000,
    "costAndExpenses": 426734000,
    "interestIncome": 5121000,
    "interestExpense": 3865000,
    "depreciationAndAmortization": 49896000,
    "ebitda": 173984000,
    "ebitdaratio": 0.3188266102,
    "operatingIncome": 118967000,
    "operatingIncomeRatio": 0.2180076635,
    "totalOtherIncomeExpensesNet": 1256000,
    "incomeBeforeTax": 120223000,
    "incomeBeforeTaxRatio": 0.2203092903,
    "incomeTaxExpense": 28258000,
    "netIncome": 91965000,
    "netIncomeRatio": 0.1685263542,
    "eps": 1.26,
    "epsdiluted": 1.26,
    "weightedAverageShsOut": 72857941,
    "weightedAverageShsOutDil": 72984000,
    "link": "https://www.sec.gov/Archives/edgar/data/779152/000077915224000018/0000779152-24-000018-index.htm",
    "finalLink": "https://www.sec.gov/Archives/edgar/data/779152/000077915224000018/jkhy-20231231.htm"
  },
  {
    "date": "2023-09-30",
    "symbol": "JKHY",
    "reportedCurrency": "USD",
    "cik": "0000779152",
    "fillingDate": "2023-11-09",
    "acceptedDate": "2023-11-09 14:48:31",
    "calendarYear": "2024",
    "period": "Q1",
    "revenue": 571368000,
    "costOfRevenue": 323002000,
    "grossProfit": 248366000,
    "grossProfitRatio": 0.4346865768,
    "researchAndDevelopmentExpenses": 36892000,
    "generalAndAdministrativeExpenses": 0,
    "sellingAndMarketingExpenses": 0,
    "sellingGeneralAndAdministrativeExpenses": 78774000,
    "otherExpenses": 0,
    "operatingExpenses": 115666000,
    "costAndExpenses": 438668000,
    "interestIncome": 4745000,
    "interestExpense": 4197000,
    "depreciationAndAmortization": 49235000,
    "ebitda": 186680000,
    "ebitdaratio": 0.3267246328,
    "operatingIncome": 132700000,
    "operatingIncomeRatio": 0.2322496185,
    "totalOtherIncomeExpensesNet": 548000,
    "incomeBeforeTax": 133248000,
    "incomeBeforeTaxRatio": 0.2332087201,
    "incomeTaxExpense": 31569000,
    "netIncome": 101679000,
    "netIncomeRatio": 0.1779571135,
    "eps": 1.4,
    "epsdiluted": 1.39,
    "weightedAverageShsOut": 72821430,
    "weightedAverageShsOutDil": 73014000,
    "link": "https://www.sec.gov/Archives/edgar/data/779152/000077915223000099/0000779152-23-000099-index.htm",
    "finalLink": "https://www.sec.gov/Archives/edgar/data/779152/000077915223000099/jkhy-20230930.htm"
  },
  {
    "date": "2023-06-30",
    "symbol": "JKHY",
    "reportedCurrency": "USD",
    "cik": "0000779152",
    "fillingDate": "2023-08-24",
    "acceptedDate": "2023-08-24 16:24:48",
    "calendarYear": "2023",
    "period": "Q4",
    "revenue": 534633000,
    "costOfRevenue": 308867000,
    "grossProfit": 225766000,
    "grossProfitRatio": 0.4222822011,
    "researchAndDevelopmentExpenses": 38499000,
    "generalAndAdministrativeExpenses": 0,
    "sellingAndMarketingExpenses": 0,
    "sellingGeneralAndAdministrativeExpenses": 63069000,
    "otherExpenses": 0,
    "operatingExpenses": 101568000,
    "costAndExpenses": 410435000,
    "interestIncome": 5176000,
    "interestExpense": 5424000,
    "depreciationAndAmortization": 48377000,
    "ebitda": 177752000,
    "ebitdaratio": 0.3324748005,
    "operatingIncome": 124199000,
    "operatingIncomeRatio": 0.2323070218,
    "totalOtherIncomeExpensesNet": -248000,
    "incomeBeforeTax": 123950000,
    "incomeBeforeTaxRatio": 0.2318412818,
    "incomeTaxExpense": 26177000,
    "netIncome": 97773000,
    "netIncomeRatio": 0.1828787224,
    "eps": 1.34,
    "epsdiluted": 1.34,
    "weightedAverageShsOut": 73027000,
    "weightedAverageShsOutDil": 73027000,
    "link": "https://www.sec.gov/Archives/edgar/data/779152/000077915223000062/0000779152-23-000062-index.htm",
    "finalLink": "https://www.sec.gov/Archives/edgar/data/779152/000077915223000062/jkhy-20230630.htm"
  },
  {
    "date": "2023-03-31",
    "symbol": "JKHY",
    "reportedCurrency": "USD",
    "cik": "0000779152",
    "fillingDate": "2023-05-08",
    "acceptedDate": "2023-05-08 14:10:49",
    "calendarYear": "2023",
    "period": "Q3",
    "revenue": 508552000,
    "costOfRevenue": 307345000,
    "grossProfit": 201207000,
    "grossProfitRatio": 0.3956468562,
    "researchAndDevelopmentExpenses": 34625000,
    "generalAndAdministrativeExpenses": 0,
    "sellingAndMarketingExpenses": 0,
    "sellingGeneralAndAdministrativeExpenses": 58192000,
    "otherExpenses": 0,
    "operatingExpenses": 92817000,
    "costAndExpenses": 400162000,
    "interestIncome": 2391000,
    "interestExpense": 4666000,
    "depreciationAndAmortization": 48637000,
    "ebitda": 159418000,
    "ebitdaratio": 0.313474335,
    "operatingIncome": 108390000,
    "operatingIncomeRatio": 0.2131345467,
    "totalOtherIncomeExpensesNet": -2275000,
    "incomeBeforeTax": 106115000,
    "incomeBeforeTaxRatio": 0.2086610612,
    "incomeTaxExpense": 24566000,
    "netIncome": 81549000,
    "netIncomeRatio": 0.1603552832,
    "eps": 1.12,
    "epsdiluted": 1.12,
    "weightedAverageShsOut": 72866294,
    "weightedAverageShsOutDil": 73074000,
    "link": "https://www.sec.gov/Archives/edgar/data/779152/000077915223000024/0000779152-23-000024-index.htm",
    "finalLink": "https://www.sec.gov/Archives/edgar/data/779152/000077915223000024/jkhy-20230331.htm"
  },
  {
    "date": "2022-12-31",
    "symbol": "JKHY",
    "reportedCurrency": "USD",
    "cik": "0000779152",
    "fillingDate": "2023-02-09",
    "acceptedDate": "2023-02-09 15:04:50",
    "calendarYear": "2023",
    "period": "Q2",
    "revenue": 505314000,
    "costOfRevenue": 304589000,
    "grossProfit": 200725000,
    "grossProfitRatio": 0.3972282581,
    "researchAndDevelopmentExpenses": 36561000,
    "generalAndAdministrativeExpenses": 0,
    "sellingAndMarketingExpenses": 0,
    "sellingGeneralAndAdministrativeExpenses": 56788000,
    "otherExpenses": 0,
    "operatingExpenses": 93349000,
    "costAndExpenses": 397938000,
    "interestIncome": 1240000,
    "interestExpense": 3406000,
    "depreciationAndAmortization": 48102000,
    "ebitda": 156718000,
    "ebitdaratio": 0.3101398338,
    "operatingIncome": 107376000,
    "operatingIncomeRatio": 0.2124936178,
    "totalOtherIncomeExpensesNet": -2166000,
    "incomeBeforeTax": 105210000,
    "incomeBeforeTaxRatio": 0.2082071742,
    "incomeTaxExpense": 24435000,
    "netIncome": 80775000,
    "netIncomeRatio": 0.1598511025,
    "eps": 1.11,
    "epsdiluted": 1.1,
    "weightedAverageShsOut": 72984105,
    "weightedAverageShsOutDil": 73144000,
    "link": "https://www.sec.gov/Archives/edgar/data/779152/000077915223000012/0000779152-23-000012-index.htm",
    "finalLink": "https://www.sec.gov/Archives/edgar/data/779152/000077915223000012/jkhy-20221231.htm"
  },
  {
    "date": "2022-09-30",
    "symbol": "JKHY",
    "reportedCurrency": "USD",
    "cik": "0000779152",
    "fillingDate": "2022-11-09",
    "acceptedDate": "2022-11-09 14:43:39",
    "calendarYear": "2023",
    "period": "Q1",
    "revenue": 529202000,
    "costOfRevenue": 298261000,
    "grossProfit": 230941000,
    "grossProfitRatio": 0.4363947982,
    "researchAndDevelopmentExpenses": 32993000,
    "generalAndAdministrativeExpenses": 0,
    "sellingAndMarketingExpenses": 0,
    "sellingGeneralAndAdministrativeExpenses": 57225000,
    "otherExpenses": 0,
    "operatingExpenses": 90218000,
    "costAndExpenses": 388479000,
    "interestIncome": 152000,
    "interestExpense": 1576000,
    "depreciationAndAmortization": 45610000,
    "ebitda": 186485000,
    "ebitdaratio": 0.3523890688,
    "operatingIncome": 140723000,
    "operatingIncomeRatio": 0.2659154727,
    "totalOtherIncomeExpensesNet": -1424000,
    "incomeBeforeTax": 139299000,
    "incomeBeforeTaxRatio": 0.2632246288,
    "incomeTaxExpense": 32750000,
    "netIncome": 106549000,
    "netIncomeRatio": 0.2013389972,
    "eps": 1.46,
    "epsdiluted": 1.46,
    "weightedAverageShsOut": 72910225,
    "weightedAverageShsOutDil": 73138000,
    "link": "https://www.sec.gov/Archives/edgar/data/779152/000077915222000103/0000779152-22-000103-index.htm",
    "finalLink": "https://www.sec.gov/Archives/edgar/data/779152/000077915222000103/jkhy-20220930.htm"
  },
  {
    "date": "2022-06-30",
    "symbol": "JKHY",
    "reportedCurrency": "USD",
    "cik": "0000779152",
    "fillingDate": "2022-08-25",
    "acceptedDate": "2022-08-25 16:58:34",
    "calendarYear": "2022",
    "period": "Q4",
    "revenue": 482672000,
    "costOfRevenue": 286815000,
    "grossProfit": 195857000,
    "grossProfitRatio": 0.4057765936,
    "researchAndDevelopmentExpenses": 33961000,
    "generalAndAdministrativeExpenses": 0,
    "sellingAndMarketingExpenses": 0,
    "sellingGeneralAndAdministrativeExpenses": 58124000,
    "otherExpenses": 0,
    "operatingExpenses": 92085000,
    "costAndExpenses": 378900000,
    "interestIncome": 17000,
    "interestExpense": 997000,
    "depreciationAndAmortization": 44722000,
    "ebitda": 148511000,
    "ebitdaratio": 0.3076851361,
    "operatingIncome": 103772000,
    "operatingIncomeRatio": 0.2149948619,
    "totalOtherIncomeExpensesNet": -981000,
    "incomeBeforeTax": 102792000,
    "incomeBeforeTaxRatio": 0.2129644976,
    "incomeTaxExpense": 22366000,
    "netIncome": 80426000,
    "netIncomeRatio": 0.1666266119,
    "eps": 1.1,
    "epsdiluted": 1.1,
    "weightedAverageShsOut": 72878821,
    "weightedAverageShsOutDil": 73086000,
    "link": "https://www.sec.gov/Archives/edgar/data/779152/000077915222000076/0000779152-22-000076-index.htm",
    "finalLink": "https://www.sec.gov/Archives/edgar/data/779152/000077915222000076/jkhy-20220630.htm"
  },
  {
    "date": "2022-03-31",
    "symbol": "JKHY",
    "reportedCurrency": "USD",
    "cik": "0000779152",
    "fillingDate": "2022-05-06",
    "acceptedDate": "2022-05-06 15:24:16",
    "calendarYear": "2022",
    "period": "Q3",
    "revenue": 478260000,
    "costOfRevenue": 282339000,
    "grossProfit": 195921000,
    "grossProfitRatio": 0.4096537448,
    "researchAndDevelopmentExpenses": 30725000,
    "generalAndAdministrativeExpenses": 0,
    "sellingAndMarketingExpenses": 0,
    "sellingGeneralAndAdministrativeExpenses": 53607000,
    "otherExpenses": 0,
    "operatingExpenses": 84332000,
    "costAndExpenses": 366671000,
    "interestIncome": 3000,
    "interestExpense": 691000,
    "depreciationAndAmortization": 44449000,
    "ebitda": 156038000,
    "ebitdaratio": 0.3262618659,
    "operatingIncome": 111589000,
    "operatingIncomeRatio": 0.2333228788,
    "totalOtherIncomeExpensesNet": -688000,
    "incomeBeforeTax": 110901000,
    "incomeBeforeTaxRatio": 0.2318843307,
    "incomeTaxExpense": 26194000,
    "netIncome": 84707000,
    "netIncomeRatio": 0.1771149584,
    "eps": 1.16,
    "epsdiluted": 1.16,
    "weightedAverageShsOut": 72853031,
    "weightedAverageShsOutDil": 73019000,
    "link": "https://www.sec.gov/Archives/edgar/data/779152/000077915222000039/0000779152-22-000039-index.htm",
    "finalLink": "https://www.sec.gov/Archives/edgar/data/779152/000077915222000039/jkhy-20220331.htm"
  },
  {
    "date": "2021-12-31",
    "symbol": "JKHY",
    "reportedCurrency": "USD",
    "cik": "0000779152",
    "fillingDate": "2022-02-09",
    "acceptedDate": "2022-02-09 15:49:08",
    "calendarYear": "2022",
    "period": "Q2",
    "revenue": 493896000,
    "costOfRevenue": 282825000,
    "grossProfit": 211071000,
    "grossProfitRatio": 0.4273592011,
    "researchAndDevelopmentExpenses": 29916000,
    "generalAndAdministrativeExpenses": 0,
    "sellingAndMarketingExpenses": 0,
    "sellingGeneralAndAdministrativeExpenses": 55493000,
    "otherExpenses": 0,
    "operatingExpenses": 85409000,
    "costAndExpenses": 368234000,
    "interestIncome": 6000,
    "interestExpense": 447000,
    "depreciationAndAmortization": 44280000,
    "ebitda": 169942000,
    "ebitdaratio": 0.3440845846,
    "operatingIncome": 125662000,
    "operatingIncomeRatio": 0.2544300824,
    "totalOtherIncomeExpensesNet": -441000,
    "incomeBeforeTax": 125221000,
    "incomeBeforeTaxRatio": 0.2535371819,
    "incomeTaxExpense": 29551000,
    "netIncome": 95670000,
    "netIncomeRatio": 0.1937047476,
    "eps": 1.31,
    "epsdiluted": 1.3,
    "weightedAverageShsOut": 72817343,
    "weightedAverageShsOutDil": 73697000,
    "link": "https://www.sec.gov/Archives/edgar/data/779152/000077915222000015/0000779152-22-000015-index.htm",
    "finalLink": "https://www.sec.gov/Archives/edgar/data/779152/000077915222000015/jkhy-20211231.htm"
  },
  {
    "date": "2021-09-30",
    "symbol": "JKHY",
    "reportedCurrency": "USD",
    "cik": "0000779152",
    "fillingDate": "2021-11-09",
    "acceptedDate": "2021-11-09 15:07:16",
    "calendarYear": "2022",
    "period": "Q1",
    "revenue": 488056000,
    "costOfRevenue": 276636000,
    "grossProfit": 211420000,
    "grossProfitRatio": 0.4331879948,
    "researchAndDevelopmentExpenses": 26754000,
    "generalAndAdministrativeExpenses": 0,
    "sellingAndMarketingExpenses": 0,
    "sellingGeneralAndAdministrativeExpenses": 51071000,
    "otherExpenses": 0,
    "operatingExpenses": 77825000,
    "costAndExpenses": 354461000,
    "interestIncome": 7000,
    "interestExpense": 248000,
    "depreciationAndAmortization": 44173000,
    "ebitda": 177775000,
    "ebitdaratio": 0.3642512335,
    "operatingIncome": 133595000,
    "operatingIncomeRatio": 0.2737288344,
    "totalOtherIncomeExpensesNet": -241000,
    "incomeBeforeTax": 133354000,
    "incomeBeforeTaxRatio": 0.2732350386,
    "incomeTaxExpense": 31240000,
    "netIncome": 102114000,
    "netIncomeRatio": 0.2092259905,
    "eps": 1.38,
    "epsdiluted": 1.38,
    "weightedAverageShsOut": 74016000,
    "weightedAverageShsOutDil": 74142000,
    "link": "https://www.sec.gov/Archives/edgar/data/779152/000077915221000099/0000779152-21-000099-index.htm",
    "finalLink": "https://www.sec.gov/Archives/edgar/data/779152/000077915221000099/jkhy-20210930.htm"
  },
  {
    "date": "2021-06-30",
    "symbol": "JKHY",
    "reportedCurrency": "USD",
    "cik": "0000779152",
    "fillingDate": "2021-08-25",
    "acceptedDate": "2021-08-25 14:26:03",
    "calendarYear": "2021",
    "period": "Q4",
    "revenue": 450287000,
    "costOfRevenue": 274918000,
    "grossProfit": 175369000,
    "grossProfitRatio": 0.3894604996,
    "researchAndDevelopmentExpenses": 28814000,
    "generalAndAdministrativeExpenses": 0,
    "sellingAndMarketingExpenses": 0,
    "sellingGeneralAndAdministrativeExpenses": 50259000,
    "otherExpenses": 0,
    "operatingExpenses": 79073000,
    "costAndExpenses": 353991000,
    "interestIncome": 6000,
    "interestExpense": 619000,
    "depreciationAndAmortization": 19110750,
    "ebitda": 115406750,
    "ebitdaratio": 0.2562959846,
    "operatingIncome": 96296000,
    "operatingIncomeRatio": 0.2138547193,
    "totalOtherIncomeExpensesNet": -613000,
    "incomeBeforeTax": 95683000,
    "incomeBeforeTaxRatio": 0.2124933653,
    "incomeTaxExpense": 18821000,
    "netIncome": 76862000,
    "netIncomeRatio": 0.1706955786,
    "eps": 1.04,
    "epsdiluted": 1.04,
    "weightedAverageShsOut": 74002266,
    "weightedAverageShsOutDil": 74211000,
    "link": "https://www.sec.gov/Archives/edgar/data/779152/000077915221000073/0000779152-21-000073-index.htm",
    "finalLink": "https://www.sec.gov/Archives/edgar/data/779152/000077915221000073/jkhy-20210630.htm"
  },
  {
    "date": "2021-03-31",
    "symbol": "JKHY",
    "reportedCurrency": "USD",
    "cik": "0000779152",
    "fillingDate": "2021-05-07",
    "acceptedDate": "2021-05-07 15:29:29",
    "calendarYear": "2021",
    "period": "Q3",
    "revenue": 433776000,
    "costOfRevenue": 267770000,
    "grossProfit": 166006000,
    "grossProfitRatio": 0.3826998266,
    "researchAndDevelopmentExpenses": 27395000,
    "generalAndAdministrativeExpenses": 0,
    "sellingAndMarketingExpenses": 0,
    "sellingGeneralAndAdministrativeExpenses": 47408000,
    "otherExpenses": 0,
    "operatingExpenses": 74803000,
    "costAndExpenses": 342573000,
    "interestIncome": 24000,
    "interestExpense": 290000,
    "depreciationAndAmortization": 73573000,
    "ebitda": 164800000,
    "ebitdaratio": 0.3799195898,
    "operatingIncome": 91203000,
    "operatingIncomeRatio": 0.2102536793,
    "totalOtherIncomeExpensesNet": -266000,
    "incomeBeforeTax": 90937000,
    "incomeBeforeTaxRatio": 0.2096404596,
    "incomeTaxExpense": 19528000,
    "netIncome": 71409000,
    "netIncomeRatio": 0.1646218325,
    "eps": 0.96,
    "epsdiluted": 0.95,
    "weightedAverageShsOut": 74272875,
    "weightedAverageShsOutDil": 75431000,
    "link": "https://www.sec.gov/Archives/edgar/data/779152/000077915221000027/0000779152-21-000027-index.htm",
    "finalLink": "https://www.sec.gov/Archives/edgar/data/779152/000077915221000027/jkhy-20210331.htm"
  },
  {
    "date": "2020-12-31",
    "symbol": "JKHY",
    "reportedCurrency": "USD",
    "cik": "0000779152",
    "fillingDate": "2021-02-09",
    "acceptedDate": "2021-02-09 15:26:42",
    "calendarYear": "2021",
    "period": "Q2",
    "revenue": 422361000,
    "costOfRevenue": 257782000,
    "grossProfit": 164579000,
    "grossProfitRatio": 0.3896642919,
    "researchAndDevelopmentExpenses": 26780000,
    "generalAndAdministrativeExpenses": 0,
    "sellingAndMarketingExpenses": 0,
    "sellingGeneralAndAdministrativeExpenses": 44167000,
    "otherExpenses": 0,
    "operatingExpenses": 70947000,
    "costAndExpenses": 328729000,
    "interestIncome": 52000,
    "interestExpense": 117000,
    "depreciationAndAmortization": 44073000,
    "ebitda": 137757000,
    "ebitdaratio": 0.3261593755,
    "operatingIncome": 93632000,
    "operatingIncomeRatio": 0.2216871349,
    "totalOtherIncomeExpensesNet": -65000,
    "incomeBeforeTax": 93567000,
    "incomeBeforeTaxRatio": 0.2215332382,
    "incomeTaxExpense": 21585000,
    "netIncome": 71982000,
    "netIncomeRatio": 0.1704276673,
    "eps": 0.95,
    "epsdiluted": 0.94,
    "weightedAverageShsOut": 76068800,
    "weightedAverageShsOutDil": 76280000,
    "link": "https://www.sec.gov/Archives/edgar/data/779152/000077915221000009/0000779152-21-000009-index.htm",
    "finalLink": "https://www.sec.gov/Archives/edgar/data/779152/000077915221000009/jkhy-20201231.htm"
  },
  {
    "date": "2020-09-30",
    "symbol": "JKHY",
    "reportedCurrency": "USD",
    "cik": "0000779152",
    "fillingDate": "2020-11-06",
    "acceptedDate": "2020-11-06 15:37:09",
    "calendarYear": "2021",
    "period": "Q1",
    "revenue": 451800000,
    "costOfRevenue": 262929000,
    "grossProfit": 188871000,
    "grossProfitRatio": 0.4180411687,
    "researchAndDevelopmentExpenses": 26057000,
    "generalAndAdministrativeExpenses": 0,
    "sellingAndMarketingExpenses": 0,
    "sellingGeneralAndAdministrativeExpenses": 45226000,
    "otherExpenses": 0,
    "operatingExpenses": 71283000,
    "costAndExpenses": 334212000,
    "interestIncome": 68000,
    "interestExpense": 117000,
    "depreciationAndAmortization": 43743000,
    "ebitda": 161399000,
    "ebitdaratio": 0.3572355024,
    "operatingIncome": 117588000,
    "operatingIncomeRatio": 0.2602656042,
    "totalOtherIncomeExpensesNet": -49000,
    "incomeBeforeTax": 117539000,
    "incomeBeforeTaxRatio": 0.2601571492,
    "incomeTaxExpense": 26323000,
    "netIncome": 91216000,
    "netIncomeRatio": 0.2018946436,
    "eps": 1.2,
    "epsdiluted": 1.19,
    "weightedAverageShsOut": 76304059,
    "weightedAverageShsOutDil": 76713000,
    "link": "https://www.sec.gov/Archives/edgar/data/779152/000077915220000099/0000779152-20-000099-index.htm",
    "finalLink": "https://www.sec.gov/Archives/edgar/data/779152/000077915220000099/jkhy-20200930.htm"
  },
  {
    "date": "2020-06-30",
    "symbol": "JKHY",
    "reportedCurrency": "USD",
    "cik": "0000779152",
    "fillingDate": "2020-08-25",
    "acceptedDate": "2020-08-25 14:00:22",
    "calendarYear": "2020",
    "period": "Q4",
    "revenue": 410537000,
    "costOfRevenue": 254835000,
    "grossProfit": 155702000,
    "grossProfitRatio": 0.379264232,
    "researchAndDevelopmentExpenses": 29902000,
    "generalAndAdministrativeExpenses": 52098000,
    "sellingAndMarketingExpenses": -3096000,
    "sellingGeneralAndAdministrativeExpenses": 49002000,
    "otherExpenses": 0,
    "operatingExpenses": 78904000,
    "costAndExpenses": 333739000,
    "interestIncome": 87000,
    "interestExpense": 211000,
    "depreciationAndAmortization": 16406500,
    "ebitda": 93203500,
    "ebitdaratio": 0.2270282581,
    "operatingIncome": 76797000,
    "operatingIncomeRatio": 0.1870647469,
    "totalOtherIncomeExpensesNet": -124000,
    "incomeBeforeTax": 76673000,
    "incomeBeforeTaxRatio": 0.1867627035,
    "incomeTaxExpense": 15328000,
    "netIncome": 61345000,
    "netIncomeRatio": 0.1494262393,
    "eps": 0.8,
    "epsdiluted": 0.8,
    "weightedAverageShsOut": 76629660,
    "weightedAverageShsOutDil": 76849000,
    "link": "https://www.sec.gov/Archives/edgar/data/779152/000077915220000064/0000779152-20-000064-index.htm",
    "finalLink": "https://www.sec.gov/Archives/edgar/data/779152/000077915220000064/jkhy-20200630.htm"
  },
  {
    "date": "2020-03-31",
    "symbol": "JKHY",
    "reportedCurrency": "USD",
    "cik": "0000779152",
    "fillingDate": "2020-05-08",
    "acceptedDate": "2020-05-08 14:35:27",
    "calendarYear": "2020",
    "period": "Q3",
    "revenue": 429406000,
    "costOfRevenue": 258571000,
    "grossProfit": 170835000,
    "grossProfitRatio": 0.3978402724,
    "researchAndDevelopmentExpenses": 28308000,
    "generalAndAdministrativeExpenses": 47391000,
    "sellingAndMarketingExpenses": 0,
    "sellingGeneralAndAdministrativeExpenses": 47391000,
    "otherExpenses": 3198000,
    "operatingExpenses": 78897000,
    "costAndExpenses": 337468000,
    "interestIncome": 197000,
    "interestExpense": 165000,
    "depreciationAndAmortization": 43735000,
    "ebitda": 135673000,
    "ebitdaratio": 0.3159550635,
    "operatingIncome": 91938000,
    "operatingIncomeRatio": 0.2141050661,
    "totalOtherIncomeExpensesNet": 32000,
    "incomeBeforeTax": 91970000,
    "incomeBeforeTaxRatio": 0.2141795876,
    "incomeTaxExpense": 18115000,
    "netIncome": 73855000,
    "netIncomeRatio": 0.1719934048,
    "eps": 0.96,
    "epsdiluted": 0.96,
    "weightedAverageShsOut": 76606741,
    "weightedAverageShsOutDil": 76884000,
    "link": "https://www.sec.gov/Archives/edgar/data/779152/000077915220000035/0000779152-20-000035-index.htm",
    "finalLink": "https://www.sec.gov/Archives/edgar/data/779152/000077915220000035/jkhy-20200331.htm"
  },
  {
    "date": "2019-12-31",
    "symbol": "JKHY",
    "reportedCurrency": "USD",
    "cik": "0000779152",
    "fillingDate": "2020-02-07",
    "acceptedDate": "2020-02-07 16:26:21",
    "calendarYear": "2020",
    "period": "Q2",
    "revenue": 419119000,
    "costOfRevenue": 249267000,
    "grossProfit": 169852000,
    "grossProfitRatio": 0.4052596041,
    "researchAndDevelopmentExpenses": 27187000,
    "generalAndAdministrativeExpenses": 48961000,
    "sellingAndMarketingExpenses": 0,
    "sellingGeneralAndAdministrativeExpenses": 48961000,
    "otherExpenses": 0,
    "operatingExpenses": 76148000,
    "costAndExpenses": 325415000,
    "interestIncome": 346000,
    "interestExpense": 156000,
    "depreciationAndAmortization": 42149000,
    "ebitda": 136199000,
    "ebitdaratio": 0.3249649861,
    "operatingIncome": 93704000,
    "operatingIncomeRatio": 0.2235737344,
    "totalOtherIncomeExpensesNet": 190000,
    "incomeBeforeTax": 93894000,
    "incomeBeforeTaxRatio": 0.2240270663,
    "incomeTaxExpense": 21796000,
    "netIncome": 72098000,
    "netIncomeRatio": 0.1720227429,
    "eps": 0.94,
    "epsdiluted": 0.94,
    "weightedAverageShsOut": 76714226,
    "weightedAverageShsOutDil": 76935000,
    "link": "https://www.sec.gov/Archives/edgar/data/779152/000077915220000011/0000779152-20-000011-index.htm",
    "finalLink": "https://www.sec.gov/Archives/edgar/data/779152/000077915220000011/jkhy-20191231x10q.htm"
  },
  {
    "date": "2019-09-30",
    "symbol": "JKHY",
    "reportedCurrency": "USD",
    "cik": "0000779152",
    "fillingDate": "2019-11-08",
    "acceptedDate": "2019-11-08 14:44:44",
    "calendarYear": "2020",
    "period": "Q1",
    "revenue": 438005000,
    "costOfRevenue": 245791000,
    "grossProfit": 192214000,
    "grossProfitRatio": 0.4388397393,
    "researchAndDevelopmentExpenses": 24591000,
    "generalAndAdministrativeExpenses": 49436000,
    "sellingAndMarketingExpenses": 0,
    "sellingGeneralAndAdministrativeExpenses": 49436000,
    "otherExpenses": 0,
    "operatingExpenses": 74027000,
    "costAndExpenses": 319818000,
    "interestIncome": 508000,
    "interestExpense": 156000,
    "depreciationAndAmortization": 42088000,
    "ebitda": 160783000,
    "ebitdaratio": 0.3670802845,
    "operatingIncome": 118187000,
    "operatingIncomeRatio": 0.2698302531,
    "totalOtherIncomeExpensesNet": 352000,
    "incomeBeforeTax": 118539000,
    "incomeBeforeTaxRatio": 0.2706338969,
    "incomeTaxExpense": 29169000,
    "netIncome": 89370000,
    "netIncomeRatio": 0.2040387667,
    "eps": 1.16,
    "epsdiluted": 1.16,
    "weightedAverageShsOut": 76928225,
    "weightedAverageShsOutDil": 77067000,
    "link": "https://www.sec.gov/Archives/edgar/data/779152/000077915219000086/0000779152-19-000086-index.htm",
    "finalLink": "https://www.sec.gov/Archives/edgar/data/779152/000077915219000086/jkhy-20190930x10q.htm"
  },
  {
    "date": "2019-06-30",
    "symbol": "JKHY",
    "reportedCurrency": "USD",
    "cik": "0000779152",
    "fillingDate": "2019-08-26",
    "acceptedDate": "2019-08-26 11:31:32",
    "calendarYear": "2019",
    "period": "Q4",
    "revenue": 393509000,
    "costOfRevenue": 240040000,
    "grossProfit": 153469000,
    "grossProfitRatio": 0.3900012452,
    "researchAndDevelopmentExpenses": 24920000,
    "generalAndAdministrativeExpenses": 49132000,
    "sellingAndMarketingExpenses": -1000,
    "sellingGeneralAndAdministrativeExpenses": 49131000,
    "otherExpenses": 0,
    "operatingExpenses": 74051000,
    "costAndExpenses": 314091000,
    "interestIncome": 178000,
    "interestExpense": 407000,
    "depreciationAndAmortization": 41306000,
    "ebitda": 152012000,
    "ebitdaratio": 0.3862986615,
    "operatingIncome": 79418000,
    "operatingIncomeRatio": 0.2018200346,
    "totalOtherIncomeExpensesNet": -227000,
    "incomeBeforeTax": 79189000,
    "incomeBeforeTaxRatio": 0.2012380911,
    "incomeTaxExpense": 18196000,
    "netIncome": 60993000,
    "netIncomeRatio": 0.1549977256,
    "eps": 0.79,
    "epsdiluted": 0.79,
    "weightedAverageShsOut": 76988123,
    "weightedAverageShsOutDil": 77157000,
    "link": "https://www.sec.gov/Archives/edgar/data/779152/000077915219000048/0000779152-19-000048-index.htm",
    "finalLink": "https://www.sec.gov/Archives/edgar/data/779152/000077915219000048/jkhy-20190630x10k.htm"
  },
  {
    "date": "2019-03-31",
    "symbol": "JKHY",
    "reportedCurrency": "USD",
    "cik": "0000779152",
    "fillingDate": "2019-05-09",
    "acceptedDate": "2019-05-09 10:43:37",
    "calendarYear": "2019",
    "period": "Q3",
    "revenue": 380364000,
    "costOfRevenue": 235594000,
    "grossProfit": 144770000,
    "grossProfitRatio": 0.3806091008,
    "researchAndDevelopmentExpenses": 23442000,
    "generalAndAdministrativeExpenses": 44887000,
    "sellingAndMarketingExpenses": 0,
    "sellingGeneralAndAdministrativeExpenses": 44887000,
    "otherExpenses": 0,
    "operatingExpenses": 68329000,
    "costAndExpenses": 303923000,
    "interestIncome": 155000,
    "interestExpense": 224000,
    "depreciationAndAmortization": 40711000,
    "ebitda": 117357000,
    "ebitdaratio": 0.308538663,
    "operatingIncome": 76441000,
    "operatingIncomeRatio": 0.2009680201,
    "totalOtherIncomeExpensesNet": -69000,
    "incomeBeforeTax": 76372000,
    "incomeBeforeTaxRatio": 0.2007866149,
    "incomeTaxExpense": 17120000,
    "netIncome": 59252000,
    "netIncomeRatio": 0.1557770977,
    "eps": 0.77,
    "epsdiluted": 0.77,
    "weightedAverageShsOut": 77196986,
    "weightedAverageShsOutDil": 77286000,
    "link": "https://www.sec.gov/Archives/edgar/data/779152/000077915219000027/0000779152-19-000027-index.htm",
    "finalLink": "https://www.sec.gov/Archives/edgar/data/779152/000077915219000027/jkhy-20190331x10q.htm"
  },
  {
    "date": "2018-12-31",
    "symbol": "JKHY",
    "reportedCurrency": "USD",
    "cik": "0000779152",
    "fillingDate": "2019-02-07",
    "acceptedDate": "2019-02-07 15:25:37",
    "calendarYear": "2019",
    "period": "Q2",
    "revenue": 386275000,
    "costOfRevenue": 227284000,
    "grossProfit": 158991000,
    "grossProfitRatio": 0.4116005437,
    "researchAndDevelopmentExpenses": 23990000,
    "generalAndAdministrativeExpenses": 46797000,
    "sellingAndMarketingExpenses": 0,
    "sellingGeneralAndAdministrativeExpenses": 46797000,
    "otherExpenses": 0,
    "operatingExpenses": 70787000,
    "costAndExpenses": 298071000,
    "interestIncome": 252000,
    "interestExpense": 148000,
    "depreciationAndAmortization": 39886000,
    "ebitda": 128149000,
    "ebitdaratio": 0.3317558734,
    "operatingIncome": 88204000,
    "operatingIncomeRatio": 0.2283450909,
    "totalOtherIncomeExpensesNet": 104000,
    "incomeBeforeTax": 88308000,
    "incomeBeforeTaxRatio": 0.2286143292,
    "incomeTaxExpense": 20219000,
    "netIncome": 68089000,
    "netIncomeRatio": 0.1762707915,
    "eps": 0.88,
    "epsdiluted": 0.88,
    "weightedAverageShsOut": 77170513,
    "weightedAverageShsOutDil": 77409000,
    "link": "https://www.sec.gov/Archives/edgar/data/779152/000077915219000005/0000779152-19-000005-index.htm",
    "finalLink": "https://www.sec.gov/Archives/edgar/data/779152/000077915219000005/jkhy-20181231x10q.htm"
  },
  {
    "date": "2018-09-30",
    "symbol": "JKHY",
    "reportedCurrency": "USD",
    "cik": "0000779152",
    "fillingDate": "2018-11-08",
    "acceptedDate": "2018-11-08 16:51:38",
    "calendarYear": "2019",
    "period": "Q1",
    "revenue": 392543000,
    "costOfRevenue": 220112000,
    "grossProfit": 172431000,
    "grossProfitRatio": 0.4392665262,
    "researchAndDevelopmentExpenses": 24026000,
    "generalAndAdministrativeExpenses": 45183000,
    "sellingAndMarketingExpenses": 0,
    "sellingGeneralAndAdministrativeExpenses": 45183000,
    "otherExpenses": 0,
    "operatingExpenses": 69209000,
    "costAndExpenses": 289321000,
    "interestIncome": 291000,
    "interestExpense": 147000,
    "depreciationAndAmortization": 38730000,
    "ebitda": 142243000,
    "ebitdaratio": 0.3623628494,
    "operatingIncome": 103222000,
    "operatingIncomeRatio": 0.2629571792,
    "totalOtherIncomeExpensesNet": 144000,
    "incomeBeforeTax": 103366000,
    "incomeBeforeTaxRatio": 0.263324018,
    "incomeTaxExpense": 19815000,
    "netIncome": 83551000,
    "netIncomeRatio": 0.2128454717,
    "eps": 1.08,
    "epsdiluted": 1.08,
    "weightedAverageShsOut": 77290598,
    "weightedAverageShsOutDil": 77537000,
    "link": "https://www.sec.gov/Archives/edgar/data/779152/000077915218000101/0000779152-18-000101-index.htm",
    "finalLink": "https://www.sec.gov/Archives/edgar/data/779152/000077915218000101/jkhy-20180930x10q.htm"
  },
  {
    "date": "2018-06-30",
    "symbol": "JKHY",
    "reportedCurrency": "USD",
    "cik": "0000779152",
    "fillingDate": "2018-08-24",
    "acceptedDate": "2018-08-24 14:25:56",
    "calendarYear": "2018",
    "period": "Q4",
    "revenue": 417229000,
    "costOfRevenue": 235682000,
    "grossProfit": 181547000,
    "grossProfitRatio": 0.4351255546,
    "researchAndDevelopmentExpenses": 24406000,
    "generalAndAdministrativeExpenses": 48614000,
    "sellingAndMarketingExpenses": 1000,
    "sellingGeneralAndAdministrativeExpenses": 48615000,
    "otherExpenses": 0,
    "operatingExpenses": 73021000,
    "costAndExpenses": 308703000,
    "interestIncome": 152000,
    "interestExpense": 747000,
    "depreciationAndAmortization": 39729000,
    "ebitda": 148407000,
    "ebitdaratio": 0.3556967517,
    "operatingIncome": 108526000,
    "operatingIncomeRatio": 0.2601113537,
    "totalOtherIncomeExpensesNet": -596000,
    "incomeBeforeTax": 107931000,
    "incomeBeforeTaxRatio": 0.2586852783,
    "incomeTaxExpense": 22651000,
    "netIncome": 85280000,
    "netIncomeRatio": 0.204396147,
    "eps": 1.11,
    "epsdiluted": 1.1,
    "weightedAverageShsOut": 77170659,
    "weightedAverageShsOutDil": 77585000,
    "link": "https://www.sec.gov/Archives/edgar/data/779152/000077915218000060/0000779152-18-000060-index.htm",
    "finalLink": "https://www.sec.gov/Archives/edgar/data/779152/000077915218000060/jkhy-20180630x10k.htm"
  },
  {
    "date": "2018-03-31",
    "symbol": "JKHY",
    "reportedCurrency": "USD",
    "cik": "0000779152",
    "fillingDate": "2018-05-07",
    "acceptedDate": "2018-05-07 16:25:06",
    "calendarYear": "2018",
    "period": "Q3",
    "revenue": 384684000,
    "costOfRevenue": 221592000,
    "grossProfit": 163092000,
    "grossProfitRatio": 0.4239635649,
    "researchAndDevelopmentExpenses": 22591000,
    "generalAndAdministrativeExpenses": 44185000,
    "sellingAndMarketingExpenses": 0,
    "sellingGeneralAndAdministrativeExpenses": 44185000,
    "otherExpenses": 0,
    "operatingExpenses": 66776000,
    "costAndExpenses": 288368000,
    "interestIncome": 130000,
    "interestExpense": 734000,
    "depreciationAndAmortization": 38944000,
    "ebitda": 129651000,
    "ebitdaratio": 0.3370324734,
    "operatingIncome": 96316000,
    "operatingIncomeRatio": 0.2503769328,
    "totalOtherIncomeExpensesNet": -604000,
    "incomeBeforeTax": 95712000,
    "incomeBeforeTaxRatio": 0.2488068129,
    "incomeTaxExpense": 23317000,
    "netIncome": 72395000,
    "netIncomeRatio": 0.1881934263,
    "eps": 0.94,
    "epsdiluted": 0.93,
    "weightedAverageShsOut": 77287489,
    "weightedAverageShsOutDil": 77546000,
    "link": "https://www.sec.gov/Archives/edgar/data/779152/000077915218000020/0000779152-18-000020-index.htm",
    "finalLink": "https://www.sec.gov/Archives/edgar/data/779152/000077915218000020/jkhy-20180331x10q.htm"
  },
  {
    "date": "2017-12-31",
    "symbol": "JKHY",
    "reportedCurrency": "USD",
    "cik": "0000779152",
    "fillingDate": "2018-02-08",
    "acceptedDate": "2018-02-08 12:32:05",
    "calendarYear": "2018",
    "period": "Q2",
    "revenue": 374756000,
    "costOfRevenue": 211653000,
    "grossProfit": 163103000,
    "grossProfitRatio": 0.4352245194,
    "researchAndDevelopmentExpenses": 22414000,
    "generalAndAdministrativeExpenses": 45613000,
    "sellingAndMarketingExpenses": 0,
    "sellingGeneralAndAdministrativeExpenses": 45613000,
    "otherExpenses": 0,
    "operatingExpenses": 68027000,
    "costAndExpenses": 279680000,
    "interestIncome": 146000,
    "interestExpense": 250000,
    "depreciationAndAmortization": 37038000,
    "ebitda": 121978000,
    "ebitdaratio": 0.3254864499,
    "operatingIncome": 95265000,
    "operatingIncomeRatio": 0.254205403,
    "totalOtherIncomeExpensesNet": -104000,
    "incomeBeforeTax": 95161000,
    "incomeBeforeTaxRatio": 0.2539278891,
    "incomeTaxExpense": -60413000,
    "netIncome": 155574000,
    "netIncomeRatio": 0.4151341139,
    "eps": 2.01,
    "epsdiluted": 2.01,
    "weightedAverageShsOut": 77256286,
    "weightedAverageShsOutDil": 77565000,
    "link": "https://www.sec.gov/Archives/edgar/data/779152/000077915218000004/0000779152-18-000004-index.htm",
    "finalLink": "https://www.sec.gov/Archives/edgar/data/779152/000077915218000004/jkhy-20171231x10q.htm"
  },
  {
    "date": "2017-09-30",
    "symbol": "JKHY",
    "reportedCurrency": "USD",
    "cik": "0000779152",
    "fillingDate": "2017-11-09",
    "acceptedDate": "2017-11-09 16:44:22",
    "calendarYear": "2018",
    "period": "Q1",
    "revenue": 359934000,
    "costOfRevenue": 204715000,
    "grossProfit": 155219000,
    "grossProfitRatio": 0.4312429501,
    "researchAndDevelopmentExpenses": 20929000,
    "generalAndAdministrativeExpenses": 0,
    "sellingAndMarketingExpenses": 43733000,
    "sellingGeneralAndAdministrativeExpenses": 43733000,
    "otherExpenses": 0,
    "operatingExpenses": 64662000,
    "costAndExpenses": 269377000,
    "interestIncome": 147000,
    "interestExpense": 189000,
    "depreciationAndAmortization": 36275000,
    "ebitda": 131627000,
    "ebitdaratio": 0.3656976001,
    "operatingIncome": 90557000,
    "operatingIncomeRatio": 0.2515933477,
    "totalOtherIncomeExpensesNet": -33646000,
    "incomeBeforeTax": 92220000,
    "incomeBeforeTaxRatio": 0.2562136392,
    "incomeTaxExpense": 28809000,
    "netIncome": 63411000,
    "netIncomeRatio": 0.1761739652,
    "eps": 0.82,
    "epsdiluted": 0.82,
    "weightedAverageShsOut": 77226332,
    "weightedAverageShsOutDil": 77646000,
    "link": "https://www.sec.gov/Archives/edgar/data/779152/000077915217000088/0000779152-17-000088-index.htm",
    "finalLink": "https://www.sec.gov/Archives/edgar/data/779152/000077915217000088/jkhy-20170930x10q.htm"
  },
  {
    "date": "2017-06-30",
    "symbol": "JKHY",
    "reportedCurrency": "USD",
    "cik": "0000779152",
    "fillingDate": "2017-08-25",
    "acceptedDate": "2017-08-25 15:26:36",
    "calendarYear": "2017",
    "period": "Q4",
    "revenue": 383769000,
    "costOfRevenue": 219398000,
    "grossProfit": 164371000,
    "grossProfitRatio": 0.4283071327,
    "researchAndDevelopmentExpenses": 23340000,
    "generalAndAdministrativeExpenses": 17407000,
    "sellingAndMarketingExpenses": 25696000,
    "sellingGeneralAndAdministrativeExpenses": 43103000,
    "otherExpenses": 36000,
    "operatingExpenses": 66443000,
    "costAndExpenses": 285841000,
    "interestIncome": 38000,
    "interestExpense": 392000,
    "depreciationAndAmortization": 35350000,
    "ebitda": 134336000,
    "ebitdaratio": 0.3500439066,
    "operatingIncome": 98948000,
    "operatingIncomeRatio": 0.2578321855,
    "totalOtherIncomeExpensesNet": -353000,
    "incomeBeforeTax": 98594000,
    "incomeBeforeTaxRatio": 0.2569097556,
    "incomeTaxExpense": 33903000,
    "netIncome": 64691000,
    "netIncomeRatio": 0.1685675497,
    "eps": 0.84,
    "epsdiluted": 0.83,
    "weightedAverageShsOut": 77423087,
    "weightedAverageShsOutDil": 78064000,
    "link": "https://www.sec.gov/Archives/edgar/data/779152/000077915217000040/0000779152-17-000040-index.htm",
    "finalLink": "https://www.sec.gov/Archives/edgar/data/779152/000077915217000040/jkhy-20170630x10k.htm"
  },
  {
    "date": "2017-03-31",
    "symbol": "JKHY",
    "reportedCurrency": "USD",
    "cik": "0000779152",
    "fillingDate": "2017-05-08",
    "acceptedDate": "2017-05-08 13:36:49",
    "calendarYear": "2017",
    "period": "Q3",
    "revenue": 353767000,
    "costOfRevenue": 206727000,
    "grossProfit": 147040000,
    "grossProfitRatio": 0.4156408031,
    "researchAndDevelopmentExpenses": 20801000,
    "generalAndAdministrativeExpenses": 13937000,
    "sellingAndMarketingExpenses": 23571000,
    "sellingGeneralAndAdministrativeExpenses": 37508000,
    "otherExpenses": 0,
    "operatingExpenses": 58309000,
    "costAndExpenses": 265036000,
    "interestIncome": 42000,
    "interestExpense": 278000,
    "depreciationAndAmortization": 34976000,
    "ebitda": 121421000,
    "ebitdaratio": 0.3432230819,
    "operatingIncome": 88731000,
    "operatingIncomeRatio": 0.2508176286,
    "totalOtherIncomeExpensesNet": -236000,
    "incomeBeforeTax": 88495000,
    "incomeBeforeTaxRatio": 0.2501505228,
    "incomeTaxExpense": 28451000,
    "netIncome": 60044000,
    "netIncomeRatio": 0.1697275325,
    "eps": 0.77,
    "epsdiluted": 0.77,
    "weightedAverageShsOut": 77644062,
    "weightedAverageShsOutDil": 77932000,
    "link": "https://www.sec.gov/Archives/edgar/data/779152/000077915217000018/0000779152-17-000018-index.htm",
    "finalLink": "https://www.sec.gov/Archives/edgar/data/779152/000077915217000018/jkhy-20170331x10q.htm"
  },
  {
    "date": "2016-12-31",
    "symbol": "JKHY",
    "reportedCurrency": "USD",
    "cik": "0000779152",
    "fillingDate": "2017-02-09",
    "acceptedDate": "2017-02-09 09:39:59",
    "calendarYear": "2017",
    "period": "Q2",
    "revenue": 348553000,
    "costOfRevenue": 198146000,
    "grossProfit": 150407000,
    "grossProfitRatio": 0.4315183057,
    "researchAndDevelopmentExpenses": 20873000,
    "generalAndAdministrativeExpenses": 19025000,
    "sellingAndMarketingExpenses": 21903000,
    "sellingGeneralAndAdministrativeExpenses": 40928000,
    "otherExpenses": 0,
    "operatingExpenses": 61801000,
    "costAndExpenses": 259947000,
    "interestIncome": 60000,
    "interestExpense": 184000,
    "depreciationAndAmortization": 35324000,
    "ebitda": 123930000,
    "ebitdaratio": 0.3555556831,
    "operatingIncome": 88606000,
    "operatingIncomeRatio": 0.2542109808,
    "totalOtherIncomeExpensesNet": -124000,
    "incomeBeforeTax": 88482000,
    "incomeBeforeTaxRatio": 0.2538552243,
    "incomeTaxExpense": 29668000,
    "netIncome": 58814000,
    "netIncomeRatio": 0.1687376095,
    "eps": 0.76,
    "epsdiluted": 0.75,
    "weightedAverageShsOut": 77623883,
    "weightedAverageShsOutDil": 78180000,
    "link": "https://www.sec.gov/Archives/edgar/data/779152/000077915217000007/0000779152-17-000007-index.htm",
    "finalLink": "https://www.sec.gov/Archives/edgar/data/779152/000077915217000007/jkhy-20161231x10q.htm"
  },
  {
    "date": "2016-09-30",
    "symbol": "JKHY",
    "reportedCurrency": "USD",
    "cik": "0000779152",
    "fillingDate": "2016-11-08",
    "acceptedDate": "2016-11-08 15:47:46",
    "calendarYear": "2017",
    "period": "Q1",
    "revenue": 345028000,
    "costOfRevenue": 194763000,
    "grossProfit": 150265000,
    "grossProfitRatio": 0.4355153785,
    "researchAndDevelopmentExpenses": 19739000,
    "generalAndAdministrativeExpenses": 16982000,
    "sellingAndMarketingExpenses": 22127000,
    "sellingGeneralAndAdministrativeExpenses": 39109000,
    "otherExpenses": 0,
    "operatingExpenses": 58848000,
    "costAndExpenses": 253611000,
    "interestIncome": 108000,
    "interestExpense": 142000,
    "depreciationAndAmortization": 34136000,
    "ebitda": 125553000,
    "ebitdaratio": 0.3638922058,
    "operatingIncome": 91417000,
    "operatingIncomeRatio": 0.264955308,
    "totalOtherIncomeExpensesNet": -34000,
    "incomeBeforeTax": 91383000,
    "incomeBeforeTaxRatio": 0.2648567652,
    "incomeTaxExpense": 29139000,
    "netIncome": 62244000,
    "netIncomeRatio": 0.1804027499,
    "eps": 0.8,
    "epsdiluted": 0.79,
    "weightedAverageShsOut": 78095791,
    "weightedAverageShsOutDil": 78844000,
    "link": "https://www.sec.gov/Archives/edgar/data/779152/000077915216000167/0000779152-16-000167-index.htm",
    "finalLink": "https://www.sec.gov/Archives/edgar/data/779152/000077915216000167/jkhy-20160930x10q.htm"
  },
  {
    "date": "2016-06-30",
    "symbol": "JKHY",
    "reportedCurrency": "USD",
    "cik": "0000779152",
    "fillingDate": "2016-08-29",
    "acceptedDate": "2016-08-29 14:07:34",
    "calendarYear": "2016",
    "period": "Q4",
    "revenue": 366970000,
    "costOfRevenue": 205270000,
    "grossProfit": 161700000,
    "grossProfitRatio": 0.4406354743,
    "researchAndDevelopmentExpenses": 23964000,
    "generalAndAdministrativeExpenses": 17357000,
    "sellingAndMarketingExpenses": 23365000,
    "sellingGeneralAndAdministrativeExpenses": 40722000,
    "otherExpenses": 0,
    "operatingExpenses": 64686000,
    "costAndExpenses": 269956000,
    "interestIncome": 49000,
    "interestExpense": 448000,
    "depreciationAndAmortization": 34529000,
    "ebitda": 131542000,
    "ebitdaratio": 0.3584543696,
    "operatingIncome": 116505000,
    "operatingIncomeRatio": 0.317478268,
    "totalOtherIncomeExpensesNet": -398000,
    "incomeBeforeTax": 116106000,
    "incomeBeforeTaxRatio": 0.3163909856,
    "incomeTaxExpense": 31836000,
    "netIncome": 84270000,
    "netIncomeRatio": 0.2296373001,
    "eps": 1.07,
    "epsdiluted": 1.06,
    "weightedAverageShsOut": 78695454,
    "weightedAverageShsOutDil": 79261000,
    "link": "https://www.sec.gov/Archives/edgar/data/779152/000077915216000142/0000779152-16-000142-index.htm",
    "finalLink": "https://www.sec.gov/Archives/edgar/data/779152/000077915216000142/jkhy-2016630x10k.htm"
  },
  {
    "date": "2016-03-31",
    "symbol": "JKHY",
    "reportedCurrency": "USD",
    "cik": "0000779152",
    "fillingDate": "2016-05-09",
    "acceptedDate": "2016-05-06 18:02:07",
    "calendarYear": "2016",
    "period": "Q3",
    "revenue": 333186000,
    "costOfRevenue": 194273000,
    "grossProfit": 138913000,
    "grossProfitRatio": 0.4169232801,
    "researchAndDevelopmentExpenses": 19854000,
    "generalAndAdministrativeExpenses": 16497000,
    "sellingAndMarketingExpenses": 22732000,
    "sellingGeneralAndAdministrativeExpenses": 39229000,
    "otherExpenses": 0,
    "operatingExpenses": 59083000,
    "costAndExpenses": 253356000,
    "interestIncome": 54000,
    "interestExpense": 486000,
    "depreciationAndAmortization": 32134000,
    "ebitda": 111964000,
    "ebitdaratio": 0.3360405299,
    "operatingIncome": 79830000,
    "operatingIncomeRatio": 0.2395959014,
    "totalOtherIncomeExpensesNet": -432000,
    "incomeBeforeTax": 79398000,
    "incomeBeforeTaxRatio": 0.2382993283,
    "incomeTaxExpense": 25515000,
    "netIncome": 53883000,
    "netIncomeRatio": 0.1617204805,
    "eps": 0.68,
    "epsdiluted": 0.68,
    "weightedAverageShsOut": 78877313,
    "weightedAverageShsOutDil": 79167000,
    "link": "https://www.sec.gov/Archives/edgar/data/779152/000077915216000114/0000779152-16-000114-index.htm",
    "finalLink": "https://www.sec.gov/Archives/edgar/data/779152/000077915216000114/jkhy-20160331x10q.htm"
  },
  {
    "date": "2015-12-31",
    "symbol": "JKHY",
    "reportedCurrency": "USD",
    "cik": "0000779152",
    "fillingDate": "2016-02-05",
    "acceptedDate": "2016-02-05 10:58:51",
    "calendarYear": "2016",
    "period": "Q2",
    "revenue": 332872000,
    "costOfRevenue": 190445000,
    "grossProfit": 142427000,
    "grossProfitRatio": 0.4278731765,
    "researchAndDevelopmentExpenses": 18862000,
    "generalAndAdministrativeExpenses": 16547000,
    "sellingAndMarketingExpenses": 22231000,
    "sellingGeneralAndAdministrativeExpenses": 38778000,
    "otherExpenses": 0,
    "operatingExpenses": 57640000,
    "costAndExpenses": 248085000,
    "interestIncome": 91000,
    "interestExpense": 276000,
    "depreciationAndAmortization": 31781000,
    "ebitda": 116568000,
    "ebitdaratio": 0.3501886611,
    "operatingIncome": 84787000,
    "operatingIncomeRatio": 0.2547135235,
    "totalOtherIncomeExpensesNet": -185000,
    "incomeBeforeTax": 84602000,
    "incomeBeforeTaxRatio": 0.2541577543,
    "incomeTaxExpense": 25254000,
    "netIncome": 59348000,
    "netIncomeRatio": 0.1782907544,
    "eps": 0.75,
    "epsdiluted": 0.74,
    "weightedAverageShsOut": 78854896,
    "weightedAverageShsOutDil": 79770000,
    "link": "https://www.sec.gov/Archives/edgar/data/779152/000077915216000101/0000779152-16-000101-index.htm",
    "finalLink": "https://www.sec.gov/Archives/edgar/data/779152/000077915216000101/jkhy-20151231x10q.htm"
  },
  {
    "date": "2015-09-30",
    "symbol": "JKHY",
    "reportedCurrency": "USD",
    "cik": "0000779152",
    "fillingDate": "2015-11-06",
    "acceptedDate": "2015-11-05 18:00:59",
    "calendarYear": "2016",
    "period": "Q1",
    "revenue": 321618000,
    "costOfRevenue": 183663000,
    "grossProfit": 137955000,
    "grossProfitRatio": 0.4289405444,
    "researchAndDevelopmentExpenses": 18554000,
    "generalAndAdministrativeExpenses": 17113000,
    "sellingAndMarketingExpenses": 21751000,
    "sellingGeneralAndAdministrativeExpenses": 38864000,
    "otherExpenses": 0,
    "operatingExpenses": 57418000,
    "costAndExpenses": 241081000,
    "interestIncome": 113000,
    "interestExpense": 220000,
    "depreciationAndAmortization": 31204000,
    "ebitda": 111741000,
    "ebitdaratio": 0.3474339123,
    "operatingIncome": 80537000,
    "operatingIncomeRatio": 0.2504119794,
    "totalOtherIncomeExpensesNet": -107000,
    "incomeBeforeTax": 80430000,
    "incomeBeforeTaxRatio": 0.2500792866,
    "incomeTaxExpense": 29064000,
    "netIncome": 51366000,
    "netIncomeRatio": 0.1597112102,
    "eps": 0.64,
    "epsdiluted": 0.64,
    "weightedAverageShsOut": 79932169,
    "weightedAverageShsOutDil": 80735000,
    "link": "https://www.sec.gov/Archives/edgar/data/779152/000077915215000073/0000779152-15-000073-index.htm",
    "finalLink": "https://www.sec.gov/Archives/edgar/data/779152/000077915215000073/jkhy-2015930x10q.htm"
  },
  {
    "date": "2015-06-30",
    "symbol": "JKHY",
    "reportedCurrency": "USD",
    "cik": "0000779152",
    "fillingDate": "2015-09-11",
    "acceptedDate": "2015-09-11 16:16:28",
    "calendarYear": "2015",
    "period": "Q4",
    "revenue": 333713000,
    "costOfRevenue": 187299000,
    "grossProfit": 146414000,
    "grossProfitRatio": 0.4387422726,
    "researchAndDevelopmentExpenses": 19501000,
    "generalAndAdministrativeExpenses": 14049000,
    "sellingAndMarketingExpenses": 23492000,
    "sellingGeneralAndAdministrativeExpenses": 37541000,
    "otherExpenses": 0,
    "operatingExpenses": 57042000,
    "costAndExpenses": 244341000,
    "interestIncome": 51000,
    "interestExpense": 322000,
    "depreciationAndAmortization": 29910000,
    "ebitda": 112411000,
    "ebitdaratio": 0.3368493286,
    "operatingIncome": 89372000,
    "operatingIncomeRatio": 0.2678109633,
    "totalOtherIncomeExpensesNet": -270000,
    "incomeBeforeTax": 89101000,
    "incomeBeforeTaxRatio": 0.2669988883,
    "incomeTaxExpense": 28562000,
    "netIncome": 60539000,
    "netIncomeRatio": 0.1814103736,
    "eps": 0.75,
    "epsdiluted": 0.75,
    "weightedAverageShsOut": 80852582,
    "weightedAverageShsOutDil": 81086000,
    "link": "https://www.sec.gov/Archives/edgar/data/779152/000077915215000056/0000779152-15-000056-index.htm",
    "finalLink": "https://www.sec.gov/Archives/edgar/data/779152/000077915215000056/jkhy-2015630x10k.htm"
  },
  {
    "date": "2015-03-31",
    "symbol": "JKHY",
    "reportedCurrency": "USD",
    "cik": "0000779152",
    "fillingDate": "2015-06-25",
    "acceptedDate": "2015-06-25 15:11:40",
    "calendarYear": "2015",
    "period": "Q3",
    "revenue": 309709000,
    "costOfRevenue": 177894000,
    "grossProfit": 131815000,
    "grossProfitRatio": 0.4256092009,
    "researchAndDevelopmentExpenses": 17522000,
    "generalAndAdministrativeExpenses": 15417000,
    "sellingAndMarketingExpenses": 21674000,
    "sellingGeneralAndAdministrativeExpenses": 37091000,
    "otherExpenses": 0,
    "operatingExpenses": 54613000,
    "costAndExpenses": 232507000,
    "interestIncome": 14000,
    "interestExpense": 651000,
    "depreciationAndAmortization": 29670000,
    "ebitda": 106872000,
    "ebitdaratio": 0.3450723098,
    "operatingIncome": 77202000,
    "operatingIncomeRatio": 0.2492727044,
    "totalOtherIncomeExpensesNet": -636000,
    "incomeBeforeTax": 76565000,
    "incomeBeforeTaxRatio": 0.247215935,
    "incomeTaxExpense": 25854000,
    "netIncome": 50711000,
    "netIncomeRatio": 0.163737573,
    "eps": 0.63,
    "epsdiluted": 0.63,
    "weightedAverageShsOut": 80965493,
    "weightedAverageShsOutDil": 81094000,
    "link": "https://www.sec.gov/Archives/edgar/data/779152/000077915215000042/0000779152-15-000042-index.htm",
    "finalLink": "https://www.sec.gov/Archives/edgar/data/779152/000077915215000042/jkhy-2015331x10q.htm"
  },
  {
    "date": "2014-12-31",
    "symbol": "JKHY",
    "reportedCurrency": "USD",
    "cik": "0000779152",
    "fillingDate": "2015-06-25",
    "acceptedDate": "2015-06-25 14:58:33",
    "calendarYear": "2015",
    "period": "Q2",
    "revenue": 324215000,
    "costOfRevenue": 184408000,
    "grossProfit": 139807000,
    "grossProfitRatio": 0.4312169394,
    "researchAndDevelopmentExpenses": 17681000,
    "generalAndAdministrativeExpenses": 11514000,
    "sellingAndMarketingExpenses": 22566000,
    "sellingGeneralAndAdministrativeExpenses": 34080000,
    "otherExpenses": 0,
    "operatingExpenses": 51761000,
    "costAndExpenses": 236169000,
    "interestIncome": 28000,
    "interestExpense": 337000,
    "depreciationAndAmortization": 29968000,
    "ebitda": 109633000,
    "ebitdaratio": 0.3381490677,
    "operatingIncome": 88046000,
    "operatingIncomeRatio": 0.2715667073,
    "totalOtherIncomeExpensesNet": -309000,
    "incomeBeforeTax": 87737000,
    "incomeBeforeTaxRatio": 0.270613636,
    "incomeTaxExpense": 28741000,
    "netIncome": 58996000,
    "netIncomeRatio": 0.1819656709,
    "eps": 0.73,
    "epsdiluted": 0.72,
    "weightedAverageShsOut": 80943074,
    "weightedAverageShsOutDil": 81634000,
    "link": "https://www.sec.gov/Archives/edgar/data/779152/000077915215000041/0000779152-15-000041-index.htm",
    "finalLink": "https://www.sec.gov/Archives/edgar/data/779152/000077915215000041/jkhy-20141231x10q.htm"
  },
  {
    "date": "2014-09-30",
    "symbol": "JKHY",
    "reportedCurrency": "USD",
    "cik": "0000779152",
    "fillingDate": "2014-11-05",
    "acceptedDate": "2014-11-05 17:10:08",
    "calendarYear": "2015",
    "period": "Q1",
    "revenue": 318819000,
    "costOfRevenue": 180471000,
    "grossProfit": 138348000,
    "grossProfitRatio": 0.4339390061,
    "researchAndDevelopmentExpenses": 16791000,
    "generalAndAdministrativeExpenses": 16510000,
    "sellingAndMarketingExpenses": 22408000,
    "sellingGeneralAndAdministrativeExpenses": 38918000,
    "otherExpenses": 0,
    "operatingExpenses": 55709000,
    "costAndExpenses": 236180000,
    "interestIncome": 57000,
    "interestExpense": 266000,
    "depreciationAndAmortization": 29448000,
    "ebitda": 101074000,
    "ebitdaratio": 0.3170262751,
    "operatingIncome": 82639000,
    "operatingIncomeRatio": 0.2592034979,
    "totalOtherIncomeExpensesNet": -209000,
    "incomeBeforeTax": 82430000,
    "incomeBeforeTaxRatio": 0.2585479535,
    "incomeTaxExpense": 29668000,
    "netIncome": 52762000,
    "netIncomeRatio": 0.165492019,
    "eps": 0.56,
    "epsdiluted": 0.56,
    "weightedAverageShsOut": 82195000,
    "weightedAverageShsOutDil": 82589000,
    "link": "https://www.sec.gov/Archives/edgar/data/779152/000077915214000053/0000779152-14-000053-index.htm",
    "finalLink": "https://www.sec.gov/Archives/edgar/data/779152/000077915214000053/jkhy-2014930x10q.htm"
  },
  {
    "date": "2014-06-30",
    "symbol": "JKHY",
    "reportedCurrency": "USD",
    "cik": "0000779152",
    "fillingDate": "2014-08-27",
    "acceptedDate": "2014-08-26 17:40:25",
    "calendarYear": "2014",
    "period": "Q4",
    "revenue": 310938000,
    "costOfRevenue": 178383000,
    "grossProfit": 132555000,
    "grossProfitRatio": 0.4263068522,
    "researchAndDevelopmentExpenses": 17447000,
    "generalAndAdministrativeExpenses": 13301000,
    "sellingAndMarketingExpenses": 22007000,
    "sellingGeneralAndAdministrativeExpenses": 35308000,
    "otherExpenses": 0,
    "operatingExpenses": 52755000,
    "costAndExpenses": 231138000,
    "interestIncome": 33000,
    "interestExpense": 296000,
    "depreciationAndAmortization": 28254000,
    "ebitda": 108271000,
    "ebitdaratio": 0.3482076813,
    "operatingIncome": 79800000,
    "operatingIncomeRatio": 0.2566428034,
    "totalOtherIncomeExpensesNet": -264000,
    "incomeBeforeTax": 79537000,
    "incomeBeforeTaxRatio": 0.2557969756,
    "incomeTaxExpense": 28928000,
    "netIncome": 50609000,
    "netIncomeRatio": 0.1627623513,
    "eps": 0.61,
    "epsdiluted": 0.6,
    "weightedAverageShsOut": 82635367,
    "weightedAverageShsOutDil": 84276000,
    "link": "https://www.sec.gov/Archives/edgar/data/779152/000077915214000036/0000779152-14-000036-index.htm",
    "finalLink": "https://www.sec.gov/Archives/edgar/data/779152/000077915214000036/jkhy-2014630x10k.htm"
  },
  {
    "date": "2014-03-31",
    "symbol": "JKHY",
    "reportedCurrency": "USD",
    "cik": "0000779152",
    "fillingDate": "2014-05-07",
    "acceptedDate": "2014-05-07 16:43:55",
    "calendarYear": "2014",
    "period": "Q3",
    "revenue": 300929000,
    "costOfRevenue": 176398000,
    "grossProfit": 124531000,
    "grossProfitRatio": 0.413821865,
    "researchAndDevelopmentExpenses": 17486000,
    "generalAndAdministrativeExpenses": 13629000,
    "sellingAndMarketingExpenses": 22034000,
    "sellingGeneralAndAdministrativeExpenses": 35663000,
    "otherExpenses": 0,
    "operatingExpenses": 53149000,
    "costAndExpenses": 229547000,
    "interestIncome": 84000,
    "interestExpense": 262000,
    "depreciationAndAmortization": 27395000,
    "ebitda": 91936000,
    "ebitdaratio": 0.3055072791,
    "operatingIncome": 71382000,
    "operatingIncomeRatio": 0.2372054538,
    "totalOtherIncomeExpensesNet": -178000,
    "incomeBeforeTax": 71204000,
    "incomeBeforeTaxRatio": 0.2366139521,
    "incomeTaxExpense": 24447000,
    "netIncome": 46757000,
    "netIncomeRatio": 0.1553755205,
    "eps": 0.55,
    "epsdiluted": 0.55,
    "weightedAverageShsOut": 84545000,
    "weightedAverageShsOutDil": 85467000,
    "link": "https://www.sec.gov/Archives/edgar/data/779152/000077915214000022/0000779152-14-000022-index.htm",
    "finalLink": "https://www.sec.gov/Archives/edgar/data/779152/000077915214000022/jkhy-2014331x10q.htm"
  },
  {
    "date": "2013-12-31",
    "symbol": "JKHY",
    "reportedCurrency": "USD",
    "cik": "0000779152",
    "fillingDate": "2014-02-06",
    "acceptedDate": "2014-02-06 17:01:14",
    "calendarYear": "2014",
    "period": "Q2",
    "revenue": 302525000,
    "costOfRevenue": 169707000,
    "grossProfit": 132818000,
    "grossProfitRatio": 0.439031485,
    "researchAndDevelopmentExpenses": 16142000,
    "generalAndAdministrativeExpenses": 12132000,
    "sellingAndMarketingExpenses": 21071000,
    "sellingGeneralAndAdministrativeExpenses": 33203000,
    "otherExpenses": 0,
    "operatingExpenses": 49345000,
    "costAndExpenses": 219052000,
    "interestIncome": 129000,
    "interestExpense": 267000,
    "depreciationAndAmortization": 26266000,
    "ebitda": 100509000,
    "ebitdaratio": 0.3322336997,
    "operatingIncome": 83473000,
    "operatingIncomeRatio": 0.2759209983,
    "totalOtherIncomeExpensesNet": -138000,
    "incomeBeforeTax": 83335000,
    "incomeBeforeTaxRatio": 0.2754648376,
    "incomeTaxExpense": 29353000,
    "netIncome": 53982000,
    "netIncomeRatio": 0.1784381456,
    "eps": 0.63,
    "epsdiluted": 0.63,
    "weightedAverageShsOut": 85616282,
    "weightedAverageShsOutDil": 85986000,
    "link": "https://www.sec.gov/Archives/edgar/data/779152/000077915214000006/0000779152-14-000006-index.htm",
    "finalLink": "https://www.sec.gov/Archives/edgar/data/779152/000077915214000006/jkhy-20131231x10q.htm"
  },
  {
    "date": "2013-09-30",
    "symbol": "JKHY",
    "reportedCurrency": "USD",
    "cik": "0000779152",
    "fillingDate": "2013-11-08",
    "acceptedDate": "2013-11-08 13:22:12",
    "calendarYear": "2014",
    "period": "Q1",
    "revenue": 295661000,
    "costOfRevenue": 166936000,
    "grossProfit": 128725000,
    "grossProfitRatio": 0.435380385,
    "researchAndDevelopmentExpenses": 15673000,
    "generalAndAdministrativeExpenses": 14250000,
    "sellingAndMarketingExpenses": 21458000,
    "sellingGeneralAndAdministrativeExpenses": 35708000,
    "otherExpenses": 0,
    "operatingExpenses": 51381000,
    "costAndExpenses": 218317000,
    "interestIncome": 131000,
    "interestExpense": 280000,
    "depreciationAndAmortization": 25856000,
    "ebitda": 92615000,
    "ebitdaratio": 0.3132472663,
    "operatingIncome": 77344000,
    "operatingIncomeRatio": 0.2615968964,
    "totalOtherIncomeExpensesNet": -149000,
    "incomeBeforeTax": 77195000,
    "incomeBeforeTaxRatio": 0.2610929409,
    "incomeTaxExpense": 27407000,
    "netIncome": 49788000,
    "netIncomeRatio": 0.1683955611,
    "eps": 0.58,
    "epsdiluted": 0.58,
    "weightedAverageShsOut": 85575255,
    "weightedAverageShsOutDil": 85854000,
    "link": "https://www.sec.gov/Archives/edgar/data/779152/000077915213000047/0000779152-13-000047-index.htm",
    "finalLink": "https://www.sec.gov/Archives/edgar/data/779152/000077915213000047/jkhy-2013930x10q.htm"
  },
  {
    "date": "2013-06-30",
    "symbol": "JKHY",
    "reportedCurrency": "USD",
    "cik": "0000779152",
    "fillingDate": "2013-08-27",
    "acceptedDate": "2013-08-27 15:49:43",
    "calendarYear": "2013",
    "period": "Q4",
    "revenue": 298148000,
    "costOfRevenue": 173911000,
    "grossProfit": 124237000,
    "grossProfitRatio": 0.416695735,
    "researchAndDevelopmentExpenses": 16870000,
    "generalAndAdministrativeExpenses": 13915000,
    "sellingAndMarketingExpenses": 20558000,
    "sellingGeneralAndAdministrativeExpenses": 34473000,
    "otherExpenses": 0,
    "operatingExpenses": 51343000,
    "costAndExpenses": 225254000,
    "interestIncome": 130000,
    "interestExpense": 2701000,
    "depreciationAndAmortization": 25711000,
    "ebitda": 98735000,
    "ebitdaratio": 0.3311610341,
    "operatingIncome": 72894000,
    "operatingIncomeRatio": 0.244489314,
    "totalOtherIncomeExpensesNet": -2572000,
    "incomeBeforeTax": 70323000,
    "incomeBeforeTaxRatio": 0.2358660799,
    "incomeTaxExpense": 22654000,
    "netIncome": 47669000,
    "netIncomeRatio": 0.1598836819,
    "eps": 0.56,
    "epsdiluted": 0.55,
    "weightedAverageShsOut": 85239919,
    "weightedAverageShsOutDil": 86525000,
    "link": "https://www.sec.gov/Archives/edgar/data/779152/000077915213000028/0000779152-13-000028-index.htm",
    "finalLink": "https://www.sec.gov/Archives/edgar/data/779152/000077915213000028/jkhy-2013630x10k.htm"
  },
  {
    "date": "2013-03-31",
    "symbol": "JKHY",
    "reportedCurrency": "USD",
    "cik": "0000779152",
    "fillingDate": "2013-05-06",
    "acceptedDate": "2013-05-06 16:48:59",
    "calendarYear": "2013",
    "period": "Q3",
    "revenue": 281543000,
    "costOfRevenue": 166953000,
    "grossProfit": 114590000,
    "grossProfitRatio": 0.4070071002,
    "researchAndDevelopmentExpenses": 15996000,
    "generalAndAdministrativeExpenses": 11950000,
    "sellingAndMarketingExpenses": 20935000,
    "sellingGeneralAndAdministrativeExpenses": 32885000,
    "otherExpenses": 0,
    "operatingExpenses": 48881000,
    "costAndExpenses": 215834000,
    "interestIncome": 133000,
    "interestExpense": 1034000,
    "depreciationAndAmortization": 26173000,
    "ebitda": 92015000,
    "ebitdaratio": 0.3268239665,
    "operatingIncome": 65709000,
    "operatingIncomeRatio": 0.2333888607,
    "totalOtherIncomeExpensesNet": -901000,
    "incomeBeforeTax": 64808000,
    "incomeBeforeTaxRatio": 0.230188639,
    "incomeTaxExpense": 18812000,
    "netIncome": 45996000,
    "netIncomeRatio": 0.1633711369,
    "eps": 0.53,
    "epsdiluted": 0.53,
    "weightedAverageShsOut": 86095279,
    "weightedAverageShsOutDil": 86705000,
    "link": "https://www.sec.gov/Archives/edgar/data/779152/000077915213000018/0000779152-13-000018-index.htm",
    "finalLink": "https://www.sec.gov/Archives/edgar/data/779152/000077915213000018/jkhy-2013331x10q.htm"
  },
  {
    "date": "2012-12-31",
    "symbol": "JKHY",
    "reportedCurrency": "USD",
    "cik": "0000779152",
    "fillingDate": "2013-02-07",
    "acceptedDate": "2013-02-07 15:46:17",
    "calendarYear": "2013",
    "period": "Q2",
    "revenue": 278694000,
    "costOfRevenue": 156457000,
    "grossProfit": 122237000,
    "grossProfitRatio": 0.4386065003,
    "researchAndDevelopmentExpenses": 15691000,
    "generalAndAdministrativeExpenses": 27181000,
    "sellingAndMarketingExpenses": 19937000,
    "sellingGeneralAndAdministrativeExpenses": 47118000,
    "otherExpenses": 0,
    "operatingExpenses": 62809000,
    "costAndExpenses": 219266000,
    "interestIncome": 190000,
    "interestExpense": 1261000,
    "depreciationAndAmortization": 24239000,
    "ebitda": 83857000,
    "ebitdaratio": 0.3008927354,
    "operatingIncome": 59428000,
    "operatingIncomeRatio": 0.2132374576,
    "totalOtherIncomeExpensesNet": -1071000,
    "incomeBeforeTax": 58357000,
    "incomeBeforeTaxRatio": 0.2093945331,
    "incomeTaxExpense": 17852000,
    "netIncome": 40505000,
    "netIncomeRatio": 0.1453386151,
    "eps": 0.47,
    "epsdiluted": 0.47,
    "weightedAverageShsOut": 86129687,
    "weightedAverageShsOutDil": 86639000,
    "link": "https://www.sec.gov/Archives/edgar/data/779152/000077915213000004/0000779152-13-000004-index.htm",
    "finalLink": "https://www.sec.gov/Archives/edgar/data/779152/000077915213000004/jkhy-20121231x10q.htm"
  },
  {
    "date": "2012-09-30",
    "symbol": "JKHY",
    "reportedCurrency": "USD",
    "cik": "0000779152",
    "fillingDate": "2012-11-07",
    "acceptedDate": "2012-11-07 15:14:47",
    "calendarYear": "2013",
    "period": "Q1",
    "revenue": 271001000,
    "costOfRevenue": 155073000,
    "grossProfit": 115928000,
    "grossProfitRatio": 0.4277770193,
    "researchAndDevelopmentExpenses": 14645000,
    "generalAndAdministrativeExpenses": 13578000,
    "sellingAndMarketingExpenses": 20189000,
    "sellingGeneralAndAdministrativeExpenses": 33767000,
    "otherExpenses": 0,
    "operatingExpenses": 48412000,
    "costAndExpenses": 203485000,
    "interestIncome": 187000,
    "interestExpense": 1341000,
    "depreciationAndAmortization": 24218000,
    "ebitda": 91921000,
    "ebitdaratio": 0.3391906303,
    "operatingIncome": 67516000,
    "operatingIncomeRatio": 0.249135612,
    "totalOtherIncomeExpensesNet": -1154000,
    "incomeBeforeTax": 66362000,
    "incomeBeforeTaxRatio": 0.2448773252,
    "incomeTaxExpense": 23887000,
    "netIncome": 42475000,
    "netIncomeRatio": 0.156733739,
    "eps": 0.49,
    "epsdiluted": 0.49,
    "weightedAverageShsOut": 86147118,
    "weightedAverageShsOutDil": 86605000,
    "link": "https://www.sec.gov/Archives/edgar/data/779152/000077915212000070/0000779152-12-000070-index.htm",
    "finalLink": "https://www.sec.gov/Archives/edgar/data/779152/000077915212000070/jkhy-2012930x10q.htm"
  },
  {
    "date": "2012-06-30",
    "symbol": "JKHY",
    "reportedCurrency": "USD",
    "cik": "0000779152",
    "fillingDate": "2012-08-27",
    "acceptedDate": "2012-08-27 16:38:02",
    "calendarYear": "2012",
    "period": "Q4",
    "revenue": 266609000,
    "costOfRevenue": 158097000,
    "grossProfit": 108512000,
    "grossProfitRatio": 0.4070080155,
    "researchAndDevelopmentExpenses": 15394000,
    "generalAndAdministrativeExpenses": 11377000,
    "sellingAndMarketingExpenses": 20588000,
    "sellingGeneralAndAdministrativeExpenses": 31965000,
    "otherExpenses": 0,
    "operatingExpenses": 47359000,
    "costAndExpenses": 205456000,
    "interestIncome": 856000,
    "interestExpense": 1375000,
    "depreciationAndAmortization": 24154000,
    "ebitda": 86162000,
    "ebitdaratio": 0.3231773871,
    "operatingIncome": 61153000,
    "operatingIncomeRatio": 0.229373352,
    "totalOtherIncomeExpensesNet": -519000,
    "incomeBeforeTax": 60634000,
    "incomeBeforeTaxRatio": 0.227426681,
    "incomeTaxExpense": 17307000,
    "netIncome": 43327000,
    "netIncomeRatio": 0.1625113931,
    "eps": 0.5,
    "epsdiluted": 0.5,
    "weightedAverageShsOut": 86030397,
    "weightedAverageShsOutDil": 87051000,
    "link": "https://www.sec.gov/Archives/edgar/data/779152/000077915212000051/0000779152-12-000051-index.htm",
    "finalLink": "https://www.sec.gov/Archives/edgar/data/779152/000077915212000051/jkhy-2012630x10k.htm"
  },
  {
    "date": "2012-03-31",
    "symbol": "JKHY",
    "reportedCurrency": "USD",
    "cik": "0000779152",
    "fillingDate": "2012-05-04",
    "acceptedDate": "2012-05-04 12:06:57",
    "calendarYear": "2012",
    "period": "Q3",
    "revenue": 256304000,
    "costOfRevenue": 152921000,
    "grossProfit": 103383000,
    "grossProfitRatio": 0.4033608527,
    "researchAndDevelopmentExpenses": 15471000,
    "generalAndAdministrativeExpenses": 12421000,
    "sellingAndMarketingExpenses": 18994000,
    "sellingGeneralAndAdministrativeExpenses": 31415000,
    "otherExpenses": 0,
    "operatingExpenses": 46886000,
    "costAndExpenses": 199807000,
    "interestIncome": 85000,
    "interestExpense": 1464000,
    "depreciationAndAmortization": 23052000,
    "ebitda": 79634000,
    "ebitdaratio": 0.3107013546,
    "operatingIncome": 56497000,
    "operatingIncomeRatio": 0.220429646,
    "totalOtherIncomeExpensesNet": -1379000,
    "incomeBeforeTax": 55118000,
    "incomeBeforeTaxRatio": 0.2150493164,
    "incomeTaxExpense": 18461000,
    "netIncome": 36657000,
    "netIncomeRatio": 0.1430215681,
    "eps": 0.42,
    "epsdiluted": 0.42,
    "weightedAverageShsOut": 86824000,
    "weightedAverageShsOutDil": 87592000,
    "link": "https://www.sec.gov/Archives/edgar/data/779152/000077915212000028/0000779152-12-000028-index.htm",
    "finalLink": "https://www.sec.gov/Archives/edgar/data/779152/000077915212000028/jkhy-2012331x10q.htm"
  },
  {
    "date": "2011-12-31",
    "symbol": "JKHY",
    "reportedCurrency": "USD",
    "cik": "0000779152",
    "fillingDate": "2012-02-06",
    "acceptedDate": "2012-02-06 16:34:20",
    "calendarYear": "2012",
    "period": "Q2",
    "revenue": 255858000,
    "costOfRevenue": 148449000,
    "grossProfit": 107409000,
    "grossProfitRatio": 0.4197992637,
    "researchAndDevelopmentExpenses": 15075000,
    "generalAndAdministrativeExpenses": 13382000,
    "sellingAndMarketingExpenses": 18164000,
    "sellingGeneralAndAdministrativeExpenses": 31546000,
    "otherExpenses": 0,
    "operatingExpenses": 46621000,
    "costAndExpenses": 195070000,
    "interestIncome": 106000,
    "interestExpense": 1448000,
    "depreciationAndAmortization": 23719000,
    "ebitda": 84613000,
    "ebitdaratio": 0.3307029681,
    "operatingIncome": 60788000,
    "operatingIncomeRatio": 0.2375849104,
    "totalOtherIncomeExpensesNet": -1342000,
    "incomeBeforeTax": 59446000,
    "incomeBeforeTaxRatio": 0.2323398135,
    "incomeTaxExpense": 20921000,
    "netIncome": 38525000,
    "netIncomeRatio": 0.1505718015,
    "eps": 0.44,
    "epsdiluted": 0.44,
    "weightedAverageShsOut": 86663565,
    "weightedAverageShsOutDil": 87371000,
    "link": "https://www.sec.gov/Archives/edgar/data/779152/000077915212000011/0000779152-12-000011-index.htm",
    "finalLink": "https://www.sec.gov/Archives/edgar/data/779152/000077915212000011/jkhy-20111231x10q.htm"
  },
  {
    "date": "2011-09-30",
    "symbol": "JKHY",
    "reportedCurrency": "USD",
    "cik": "0000779152",
    "fillingDate": "2011-11-07",
    "acceptedDate": "2011-11-07 14:50:26",
    "calendarYear": "2012",
    "period": "Q1",
    "revenue": 248338000,
    "costOfRevenue": 143912000,
    "grossProfit": 104426000,
    "grossProfitRatio": 0.4204994805,
    "researchAndDevelopmentExpenses": 14936000,
    "generalAndAdministrativeExpenses": 12939000,
    "sellingAndMarketingExpenses": 18754000,
    "sellingGeneralAndAdministrativeExpenses": 31693000,
    "otherExpenses": 0,
    "operatingExpenses": 46629000,
    "costAndExpenses": 190541000,
    "interestIncome": 129000,
    "interestExpense": 1456000,
    "depreciationAndAmortization": 23694000,
    "ebitda": 81620000,
    "ebitdaratio": 0.3286649647,
    "operatingIncome": 57797000,
    "operatingIncomeRatio": 0.2327352238,
    "totalOtherIncomeExpensesNet": -1327000,
    "incomeBeforeTax": 56470000,
    "incomeBeforeTaxRatio": 0.2273917,
    "incomeTaxExpense": 19995000,
    "netIncome": 36475000,
    "netIncomeRatio": 0.1468764345,
    "eps": 0.42,
    "epsdiluted": 0.42,
    "weightedAverageShsOut": 86484836,
    "weightedAverageShsOutDil": 87134000,
    "link": "https://www.sec.gov/Archives/edgar/data/779152/000077915211000016/0000779152-11-000016-index.htm",
    "finalLink": "https://www.sec.gov/Archives/edgar/data/779152/000077915211000016/jkhy-2011930x10q.htm"
  },
  {
    "date": "2011-06-30",
    "symbol": "JKHY",
    "reportedCurrency": "USD",
    "cik": "0000779152",
    "fillingDate": "2011-08-29",
    "acceptedDate": "2011-08-29 16:11:19",
    "calendarYear": "2011",
    "period": "Q4",
    "revenue": 249255000,
    "costOfRevenue": 145063000,
    "grossProfit": 104192000,
    "grossProfitRatio": 0.4180136808,
    "researchAndDevelopmentExpenses": 16452000,
    "generalAndAdministrativeExpenses": 11899000,
    "sellingAndMarketingExpenses": 17791000,
    "sellingGeneralAndAdministrativeExpenses": 29690000,
    "otherExpenses": 0,
    "operatingExpenses": 46142000,
    "costAndExpenses": 191205000,
    "interestIncome": 15000,
    "interestExpense": 1841000,
    "depreciationAndAmortization": 22897000,
    "ebitda": 80962000,
    "ebitdaratio": 0.3248159515,
    "operatingIncome": 58050000,
    "operatingIncomeRatio": 0.2328940242,
    "totalOtherIncomeExpensesNet": -1826000,
    "incomeBeforeTax": 56224000,
    "incomeBeforeTaxRatio": 0.2255681932,
    "incomeTaxExpense": 19650000,
    "netIncome": 36574000,
    "netIncomeRatio": 0.1467332651,
    "eps": 0.42,
    "epsdiluted": 0.42,
    "weightedAverageShsOut": 86335000,
    "weightedAverageShsOutDil": 86484836,
    "link": "https://www.sec.gov/Archives/edgar/data/779152/000092623611000072/0000926236-11-000072-index.htm",
    "finalLink": "https://www.sec.gov/Archives/edgar/data/779152/000092623611000072/jkhy2011q4.htm"
  },
  {
    "date": "2011-03-31",
    "symbol": "JKHY",
    "reportedCurrency": "USD",
    "cik": "0000779152",
    "fillingDate": "2011-05-06",
    "acceptedDate": "2011-05-06 16:15:53",
    "calendarYear": "2011",
    "period": "Q3",
    "revenue": 240185000,
    "costOfRevenue": 144895000,
    "grossProfit": 95290000,
    "grossProfitRatio": 0.3967358494,
    "researchAndDevelopmentExpenses": 15716000,
    "generalAndAdministrativeExpenses": 12142000,
    "sellingAndMarketingExpenses": 16929000,
    "sellingGeneralAndAdministrativeExpenses": 29071000,
    "otherExpenses": 0,
    "operatingExpenses": 44787000,
    "costAndExpenses": 189682000,
    "interestIncome": 61000,
    "interestExpense": 1710000,
    "depreciationAndAmortization": 22575000,
    "ebitda": 73139000,
    "ebitdaratio": 0.304511106,
    "operatingIncome": 50503000,
    "operatingIncomeRatio": 0.2102670858,
    "totalOtherIncomeExpensesNet": -1649000,
    "incomeBeforeTax": 48854000,
    "incomeBeforeTaxRatio": 0.2034015446,
    "incomeTaxExpense": 15773000,
    "netIncome": 33081000,
    "netIncomeRatio": 0.1377313321,
    "eps": 0.38,
    "epsdiluted": 0.38,
    "weightedAverageShsOut": 86218000,
    "weightedAverageShsOutDil": 86972000,
    "link": "https://www.sec.gov/Archives/edgar/data/779152/000092623611000032/0000926236-11-000032-index.htm",
    "finalLink": "https://www.sec.gov/Archives/edgar/data/779152/000092623611000032/jkhy2011q3.htm"
  },
  {
    "date": "2010-12-31",
    "symbol": "JKHY",
    "reportedCurrency": "USD",
    "cik": "0000779152",
    "fillingDate": "2011-02-04",
    "acceptedDate": "2011-02-04 16:27:48",
    "calendarYear": "2011",
    "period": "Q2",
    "revenue": 242635000,
    "costOfRevenue": 139816000,
    "grossProfit": 102819000,
    "grossProfitRatio": 0.4237599687,
    "researchAndDevelopmentExpenses": 15837000,
    "generalAndAdministrativeExpenses": 15014000,
    "sellingAndMarketingExpenses": 16979000,
    "sellingGeneralAndAdministrativeExpenses": 31993000,
    "otherExpenses": 0,
    "operatingExpenses": 47830000,
    "costAndExpenses": 187646000,
    "interestIncome": 32000,
    "interestExpense": 2487000,
    "depreciationAndAmortization": 22871000,
    "ebitda": 55021000,
    "ebitdaratio": 0.2267644816,
    "operatingIncome": 54989000,
    "operatingIncomeRatio": 0.2266325963,
    "totalOtherIncomeExpensesNet": -2455000,
    "incomeBeforeTax": 52534000,
    "incomeBeforeTaxRatio": 0.2165145177,
    "incomeTaxExpense": 16489000,
    "netIncome": 36045000,
    "netIncomeRatio": 0.1485564737,
    "eps": 0.42,
    "epsdiluted": 0.42,
    "weightedAverageShsOut": 86090547,
    "weightedAverageShsOutDil": 86523000,
    "link": "https://www.sec.gov/Archives/edgar/data/779152/000092623611000014/0000926236-11-000014-index.htm",
    "finalLink": "https://www.sec.gov/Archives/edgar/data/779152/000092623611000014/jkhy2011q2.htm"
  },
  {
    "date": "2010-09-30",
    "symbol": "JKHY",
    "reportedCurrency": "USD",
    "cik": "0000779152",
    "fillingDate": "2010-11-05",
    "acceptedDate": "2010-11-05 12:01:12",
    "calendarYear": "2011",
    "period": "Q1",
    "revenue": 234822000,
    "costOfRevenue": 137789000,
    "grossProfit": 97033000,
    "grossProfitRatio": 0.4132193747,
    "researchAndDevelopmentExpenses": 15390000,
    "generalAndAdministrativeExpenses": 12506000,
    "sellingAndMarketingExpenses": 16362000,
    "sellingGeneralAndAdministrativeExpenses": 28868000,
    "otherExpenses": 0,
    "operatingExpenses": 44258000,
    "costAndExpenses": 182047000,
    "interestIncome": 17000,
    "interestExpense": 2892000,
    "depreciationAndAmortization": 22171000,
    "ebitda": 52792000,
    "ebitdaratio": 0.2248170955,
    "operatingIncome": 52775000,
    "operatingIncomeRatio": 0.2247447002,
    "totalOtherIncomeExpensesNet": -2875000,
    "incomeBeforeTax": 49900000,
    "incomeBeforeTaxRatio": 0.212501384,
    "incomeTaxExpense": 18129000,
    "netIncome": 31771000,
    "netIncomeRatio": 0.1352982259,
    "eps": 0.37,
    "epsdiluted": 0.37,
    "weightedAverageShsOut": 85560919,
    "weightedAverageShsOutDil": 86147000,
    "link": "https://www.sec.gov/Archives/edgar/data/779152/000092623610000049/0000926236-10-000049-index.htm",
    "finalLink": "https://www.sec.gov/Archives/edgar/data/779152/000092623610000049/jkhy2011q1.htm"
  },
  {
    "date": "2010-06-30",
    "symbol": "JKHY",
    "reportedCurrency": "USD",
    "cik": "0000779152",
    "fillingDate": "2010-08-27",
    "acceptedDate": "2010-08-27 13:09:57",
    "calendarYear": "2010",
    "period": "Q4",
    "revenue": 227845000,
    "costOfRevenue": 132709000,
    "grossProfit": 95136000,
    "grossProfitRatio": 0.4175470166,
    "researchAndDevelopmentExpenses": 14332000,
    "generalAndAdministrativeExpenses": 14391000,
    "sellingAndMarketingExpenses": 17119000,
    "sellingGeneralAndAdministrativeExpenses": 31510000,
    "otherExpenses": 0,
    "operatingExpenses": 45842000,
    "costAndExpenses": 178551000,
    "interestIncome": 107000,
    "interestExpense": 1199000,
    "depreciationAndAmortization": 19479000,
    "ebitda": 68880000,
    "ebitdaratio": 0.3023107815,
    "operatingIncome": 49294000,
    "operatingIncomeRatio": 0.2163488336,
    "totalOtherIncomeExpensesNet": -1092000,
    "incomeBeforeTax": 48202000,
    "incomeBeforeTaxRatio": 0.2115561017,
    "incomeTaxExpense": 18218000,
    "netIncome": 29984000,
    "netIncomeRatio": 0.1315982356,
    "eps": 0.35,
    "epsdiluted": 0.35,
    "weightedAverageShsOut": 85326000,
    "weightedAverageShsOutDil": 85560919,
    "link": "https://www.sec.gov/Archives/edgar/data/779152/000092623610000031/0000926236-10-000031-index.htm",
    "finalLink": "https://www.sec.gov/Archives/edgar/data/779152/000092623610000031/jha2010q4.htm"
  },
  {
    "date": "2010-03-31",
    "symbol": "JKHY",
    "reportedCurrency": "USD",
    "cik": "0000779152",
    "fillingDate": "2010-05-07",
    "acceptedDate": "2010-05-07 14:11:33",
    "calendarYear": "2010",
    "period": "Q3",
    "revenue": 215549000,
    "costOfRevenue": 129036000,
    "grossProfit": 86513000,
    "grossProfitRatio": 0.4013611754,
    "researchAndDevelopmentExpenses": 14001000,
    "generalAndAdministrativeExpenses": 12088000,
    "sellingAndMarketingExpenses": 16765000,
    "sellingGeneralAndAdministrativeExpenses": 28853000,
    "otherExpenses": 0,
    "operatingExpenses": 42854000,
    "costAndExpenses": 171890000,
    "interestIncome": 9000,
    "interestExpense": 186000,
    "depreciationAndAmortization": 18374000,
    "ebitda": 62042000,
    "ebitdaratio": 0.287832465,
    "operatingIncome": 43659000,
    "operatingIncomeRatio": 0.2025479125,
    "totalOtherIncomeExpensesNet": -177000,
    "incomeBeforeTax": 43482000,
    "incomeBeforeTaxRatio": 0.2017267535,
    "incomeTaxExpense": 11847000,
    "netIncome": 31635000,
    "netIncomeRatio": 0.1467647727,
    "eps": 0.37,
    "epsdiluted": 0.37,
    "weightedAverageShsOut": 84106000,
    "weightedAverageShsOutDil": 85480000,
    "link": "https://www.sec.gov/Archives/edgar/data/779152/000092623610000017/0000926236-10-000017-index.htm",
    "finalLink": "https://www.sec.gov/Archives/edgar/data/779152/000092623610000017/jha2010q3.htm"
  },
  {
    "date": "2009-12-31",
    "symbol": "JKHY",
    "reportedCurrency": "USD",
    "cik": "0000779152",
    "fillingDate": "2010-02-08",
    "acceptedDate": "2010-02-08 15:21:53",
    "calendarYear": "2010",
    "period": "Q2",
    "revenue": 210861000,
    "costOfRevenue": 121781000,
    "grossProfit": 89080000,
    "grossProfitRatio": 0.4224583968,
    "researchAndDevelopmentExpenses": 12339000,
    "generalAndAdministrativeExpenses": 14512000,
    "sellingAndMarketingExpenses": 14866000,
    "sellingGeneralAndAdministrativeExpenses": 29378000,
    "otherExpenses": 0,
    "operatingExpenses": 41717000,
    "costAndExpenses": 163498000,
    "interestIncome": 4000,
    "interestExpense": 143000,
    "depreciationAndAmortization": 17826000,
    "ebitda": 65193000,
    "ebitdaratio": 0.3091752387,
    "operatingIncome": 47363000,
    "operatingIncomeRatio": 0.2246171649,
    "totalOtherIncomeExpensesNet": -139000,
    "incomeBeforeTax": 47224000,
    "incomeBeforeTaxRatio": 0.2239579628,
    "incomeTaxExpense": 17247000,
    "netIncome": 29977000,
    "netIncomeRatio": 0.1421647436,
    "eps": 0.35,
    "epsdiluted": 0.35,
    "weightedAverageShsOut": 83870000,
    "weightedAverageShsOutDil": 85224000,
    "link": "https://www.sec.gov/Archives/edgar/data/779152/000092623610000007/0000926236-10-000007-index.htm",
    "finalLink": "https://www.sec.gov/Archives/edgar/data/779152/000092623610000007/jha10q2.htm"
  },
  {
    "date": "2009-09-30",
    "symbol": "JKHY",
    "reportedCurrency": "USD",
    "cik": "0000779152",
    "fillingDate": "2009-11-06",
    "acceptedDate": "2009-11-06 16:30:28",
    "calendarYear": "2010",
    "period": "Q1",
    "revenue": 182331000,
    "costOfRevenue": 107940000,
    "grossProfit": 74391000,
    "grossProfitRatio": 0.4079997367,
    "researchAndDevelopmentExpenses": 10148000,
    "generalAndAdministrativeExpenses": 10181000,
    "sellingAndMarketingExpenses": 12125000,
    "sellingGeneralAndAdministrativeExpenses": 22306000,
    "otherExpenses": 0,
    "operatingExpenses": 32454000,
    "costAndExpenses": 140394000,
    "interestIncome": 41000,
    "interestExpense": 90000,
    "depreciationAndAmortization": 15829000,
    "ebitda": 57807000,
    "ebitdaratio": 0.3170442766,
    "operatingIncome": 41937000,
    "operatingIncomeRatio": 0.2300047715,
    "totalOtherIncomeExpensesNet": -49000,
    "incomeBeforeTax": 41888000,
    "incomeBeforeTaxRatio": 0.2297360295,
    "incomeTaxExpense": 15614000,
    "netIncome": 26274000,
    "netIncomeRatio": 0.1441005644,
    "eps": 0.31,
    "epsdiluted": 0.31,
    "weightedAverageShsOut": 84206501,
    "weightedAverageShsOutDil": 84823000,
    "link": "https://www.sec.gov/Archives/edgar/data/779152/000092623609000048/0000926236-09-000048-index.htm",
    "finalLink": "https://www.sec.gov/Archives/edgar/data/779152/000092623609000048/jha10q1.htm"
  },
  {
    "date": "2009-06-30",
    "symbol": "JKHY",
    "reportedCurrency": "USD",
    "cik": "0000779152",
    "fillingDate": "2009-08-28",
    "acceptedDate": "2009-08-28 14:41:39",
    "calendarYear": "2009",
    "period": "Q4",
    "revenue": 191883000,
    "costOfRevenue": 112624000,
    "grossProfit": 79259000,
    "grossProfitRatio": 0.4130589995,
    "researchAndDevelopmentExpenses": 10470000,
    "generalAndAdministrativeExpenses": 10902000,
    "sellingAndMarketingExpenses": 14281000,
    "sellingGeneralAndAdministrativeExpenses": 25183000,
    "otherExpenses": 0,
    "operatingExpenses": 35653000,
    "costAndExpenses": 148277000,
    "interestIncome": 16000,
    "interestExpense": 165000,
    "depreciationAndAmortization": 15888000,
    "ebitda": 59510000,
    "ebitdaratio": 0.3101369063,
    "operatingIncome": 43606000,
    "operatingIncomeRatio": 0.2272530657,
    "totalOtherIncomeExpensesNet": -149000,
    "incomeBeforeTax": 43457000,
    "incomeBeforeTaxRatio": 0.2264765508,
    "incomeTaxExpense": 15651000,
    "netIncome": 27806000,
    "netIncomeRatio": 0.1449112219,
    "eps": 0.33,
    "epsdiluted": 0.33,
    "weightedAverageShsOut": 83542000,
    "weightedAverageShsOutDil": 84206501,
    "link": "https://www.sec.gov/Archives/edgar/data/779152/000092623609000039/0000926236-09-000039-index.htm",
    "finalLink": "https://www.sec.gov/Archives/edgar/data/779152/000092623609000039/jha09q4.htm"
  },
  {
    "date": "2009-03-31",
    "symbol": "JKHY",
    "reportedCurrency": "USD",
    "cik": "0000779152",
    "fillingDate": "2009-05-11",
    "acceptedDate": "2009-05-11 12:06:15",
    "calendarYear": "2009",
    "period": "Q3",
    "revenue": 180408000,
    "costOfRevenue": 110170000,
    "grossProfit": 70238000,
    "grossProfitRatio": 0.3893286329,
    "researchAndDevelopmentExpenses": 10694000,
    "generalAndAdministrativeExpenses": 9595000,
    "sellingAndMarketingExpenses": 12873000,
    "sellingGeneralAndAdministrativeExpenses": 22468000,
    "otherExpenses": 0,
    "operatingExpenses": 33162000,
    "costAndExpenses": 143332000,
    "interestIncome": 56000,
    "interestExpense": 241000,
    "depreciationAndAmortization": 16311000,
    "ebitda": 53443000,
    "ebitdaratio": 0.2962340916,
    "operatingIncome": 37076000,
    "operatingIncomeRatio": 0.2055119507,
    "totalOtherIncomeExpensesNet": -185000,
    "incomeBeforeTax": 36891000,
    "incomeBeforeTaxRatio": 0.2044864973,
    "incomeTaxExpense": 12089000,
    "netIncome": 24802000,
    "netIncomeRatio": 0.1374772737,
    "eps": 0.3,
    "epsdiluted": 0.3,
    "weightedAverageShsOut": 82873000,
    "weightedAverageShsOutDil": 83480000,
    "link": "https://www.sec.gov/Archives/edgar/data/779152/000092623609000026/0000926236-09-000026-index.htm",
    "finalLink": "https://www.sec.gov/Archives/edgar/data/779152/000092623609000026/jha09q3.htm"
  },
  {
    "date": "2008-12-31",
    "symbol": "JKHY",
    "reportedCurrency": "USD",
    "cik": "0000779152",
    "fillingDate": "2009-02-06",
    "acceptedDate": "2009-02-06 11:49:36",
    "calendarYear": "2009",
    "period": "Q2",
    "revenue": 190204000,
    "costOfRevenue": 112831000,
    "grossProfit": 77373000,
    "grossProfitRatio": 0.4067895523,
    "researchAndDevelopmentExpenses": 10191000,
    "generalAndAdministrativeExpenses": 25570000,
    "sellingAndMarketingExpenses": 0,
    "sellingGeneralAndAdministrativeExpenses": 25570000,
    "otherExpenses": 0,
    "operatingExpenses": 35761000,
    "costAndExpenses": 148592000,
    "interestIncome": 146000,
    "interestExpense": 524000,
    "depreciationAndAmortization": 16121000,
    "ebitda": 57879000,
    "ebitdaratio": 0.3042995941,
    "operatingIncome": 41612000,
    "operatingIncomeRatio": 0.2187756304,
    "totalOtherIncomeExpensesNet": -378000,
    "incomeBeforeTax": 41234000,
    "incomeBeforeTaxRatio": 0.2167882905,
    "incomeTaxExpense": 13249000,
    "netIncome": 27985000,
    "netIncomeRatio": 0.1471315009,
    "eps": 0.33,
    "epsdiluted": 0.33,
    "weightedAverageShsOut": 84314000,
    "weightedAverageShsOutDil": 84958000,
    "link": "https://www.sec.gov/Archives/edgar/data/779152/000092623609000008/0000926236-09-000008-index.htm",
    "finalLink": "https://www.sec.gov/Archives/edgar/data/779152/000092623609000008/jha09q2.htm"
  },
  {
    "date": "2008-09-30",
    "symbol": "JKHY",
    "reportedCurrency": "USD",
    "cik": "0000779152",
    "fillingDate": "2008-11-07",
    "acceptedDate": "2008-11-06 18:14:13",
    "calendarYear": "2009",
    "period": "Q1",
    "revenue": 183098000,
    "costOfRevenue": 110569000,
    "grossProfit": 72529000,
    "grossProfitRatio": 0.3961212029,
    "researchAndDevelopmentExpenses": 11546000,
    "generalAndAdministrativeExpenses": 25391000,
    "sellingAndMarketingExpenses": 0,
    "sellingGeneralAndAdministrativeExpenses": 25391000,
    "otherExpenses": 0,
    "operatingExpenses": 36937000,
    "costAndExpenses": 147506000,
    "interestIncome": 0,
    "interestExpense": 0,
    "depreciationAndAmortization": 15827000,
    "ebitda": 35592000,
    "ebitdaratio": 0.1943877049,
    "operatingIncome": 35592000,
    "operatingIncomeRatio": 0.1943877049,
    "totalOtherIncomeExpensesNet": 136000,
    "incomeBeforeTax": 35728000,
    "incomeBeforeTaxRatio": 0.1951304766,
    "incomeTaxExpense": 13219000,
    "netIncome": 22509000,
    "netIncomeRatio": 0.1229341664,
    "eps": 0.26,
    "epsdiluted": 0.26,
    "weightedAverageShsOut": 85744000,
    "weightedAverageShsOutDil": 86622000,
    "link": "https://www.sec.gov/Archives/edgar/data/779152/000092623608000066/0000926236-08-000066-index.htm",
    "finalLink": "https://www.sec.gov/Archives/edgar/data/779152/000092623608000066/jha09q1.htm"
  },
  {
    "date": "2008-06-30",
    "symbol": "JKHY",
    "reportedCurrency": "USD",
    "cik": "0000779152",
    "fillingDate": "2008-08-29",
    "acceptedDate": "2008-08-28 17:44:09",
    "calendarYear": "2008",
    "period": "Q4",
    "revenue": 187488000,
    "costOfRevenue": 111535000,
    "grossProfit": 75953000,
    "grossProfitRatio": 0.4051085936,
    "researchAndDevelopmentExpenses": 10624000,
    "generalAndAdministrativeExpenses": 25010000,
    "sellingAndMarketingExpenses": 0,
    "sellingGeneralAndAdministrativeExpenses": 25010000,
    "otherExpenses": 21191000,
    "operatingExpenses": 56825000,
    "costAndExpenses": 168360000,
    "interestIncome": 0,
    "interestExpense": 0,
    "depreciationAndAmortization": 15761000,
    "ebitda": 34889000,
    "ebitdaratio": 0.1860865762,
    "operatingIncome": 19108000,
    "operatingIncomeRatio": 0.1019158559,
    "totalOtherIncomeExpensesNet": -968000,
    "incomeBeforeTax": 39332000,
    "incomeBeforeTaxRatio": 0.2097840928,
    "incomeTaxExpense": 13347000,
    "netIncome": 24920000,
    "netIncomeRatio": 0.1329151732,
    "eps": 0.29,
    "epsdiluted": 0.29,
    "weightedAverageShsOut": 85744000,
    "weightedAverageShsOutDil": 85744000,
    "link": "https://www.sec.gov/Archives/edgar/data/779152/000092623608000050/0000926236-08-000050-index.htm",
    "finalLink": "https://www.sec.gov/Archives/edgar/data/779152/000092623608000050/jha08q4.htm"
  },
  {
    "date": "2008-03-31",
    "symbol": "JKHY",
    "reportedCurrency": "USD",
    "cik": "0000779152",
    "fillingDate": "2008-05-09",
    "acceptedDate": "2008-05-09 10:45:09",
    "calendarYear": "2008",
    "period": "Q3",
    "revenue": 187906000,
    "costOfRevenue": 110955000,
    "grossProfit": 76951000,
    "grossProfitRatio": 0.4095185891,
    "researchAndDevelopmentExpenses": 11340000,
    "generalAndAdministrativeExpenses": 23360000,
    "sellingAndMarketingExpenses": 0,
    "sellingGeneralAndAdministrativeExpenses": 23360000,
    "otherExpenses": 0,
    "operatingExpenses": 34700000,
    "costAndExpenses": 145655000,
    "interestIncome": 0,
    "interestExpense": 0,
    "depreciationAndAmortization": 16123000,
    "ebitda": 42251000,
    "ebitdaratio": 0.2248517876,
    "operatingIncome": 42251000,
    "operatingIncomeRatio": 0.2248517876,
    "totalOtherIncomeExpensesNet": -316000,
    "incomeBeforeTax": 41935000,
    "incomeBeforeTaxRatio": 0.2231700957,
    "incomeTaxExpense": 15323000,
    "netIncome": 26612000,
    "netIncomeRatio": 0.1416240035,
    "eps": 0.3,
    "epsdiluted": 0.3,
    "weightedAverageShsOut": 87615000,
    "weightedAverageShsOutDil": 88907000,
    "link": "https://www.sec.gov/Archives/edgar/data/779152/000092623608000033/0000926236-08-000033-index.htm",
    "finalLink": "https://www.sec.gov/Archives/edgar/data/779152/000092623608000033/jha08q3.htm"
  },
  {
    "date": "2007-12-31",
    "symbol": "JKHY",
    "reportedCurrency": "USD",
    "cik": "0000779152",
    "fillingDate": "2008-02-08",
    "acceptedDate": "2008-02-08 11:21:09",
    "calendarYear": "2008",
    "period": "Q2",
    "revenue": 192226000,
    "costOfRevenue": 107406000,
    "grossProfit": 84820000,
    "grossProfitRatio": 0.4412514436,
    "researchAndDevelopmentExpenses": 11404000,
    "generalAndAdministrativeExpenses": 27561000,
    "sellingAndMarketingExpenses": 0,
    "sellingGeneralAndAdministrativeExpenses": 27561000,
    "otherExpenses": 0,
    "operatingExpenses": 38965000,
    "costAndExpenses": 146371000,
    "interestIncome": 0,
    "interestExpense": 0,
    "depreciationAndAmortization": 15717000,
    "ebitda": 61572000,
    "ebitdaratio": 0.3203104679,
    "operatingIncome": 45855000,
    "operatingIncomeRatio": 0.2385473349,
    "totalOtherIncomeExpensesNet": 235000,
    "incomeBeforeTax": 46090000,
    "incomeBeforeTaxRatio": 0.2397698542,
    "incomeTaxExpense": 16939000,
    "netIncome": 29151000,
    "netIncomeRatio": 0.1516496208,
    "eps": 0.33,
    "epsdiluted": 0.32,
    "weightedAverageShsOut": 89393000,
    "weightedAverageShsOutDil": 90922000,
    "link": "https://www.sec.gov/Archives/edgar/data/779152/000092623608000014/0000926236-08-000014-index.htm",
    "finalLink": "https://www.sec.gov/Archives/edgar/data/779152/000092623608000014/jha08q2.htm"
  },
  {
    "date": "2007-09-30",
    "symbol": "JKHY",
    "reportedCurrency": "USD",
    "cik": "0000779152",
    "fillingDate": "2007-11-08",
    "acceptedDate": "2007-11-08 17:21:08",
    "calendarYear": "2008",
    "period": "Q1",
    "revenue": 175326000,
    "costOfRevenue": 105804000,
    "grossProfit": 69522000,
    "grossProfitRatio": 0.3965298929,
    "researchAndDevelopmentExpenses": 9959000,
    "generalAndAdministrativeExpenses": 23760000,
    "sellingAndMarketingExpenses": 0,
    "sellingGeneralAndAdministrativeExpenses": 23760000,
    "otherExpenses": 0,
    "operatingExpenses": 33719000,
    "costAndExpenses": 139523000,
    "interestIncome": 0,
    "interestExpense": 0,
    "depreciationAndAmortization": 14405000,
    "ebitda": 35803000,
    "ebitdaratio": 0.2042081608,
    "operatingIncome": 35803000,
    "operatingIncomeRatio": 0.2042081608,
    "totalOtherIncomeExpensesNet": 1266000,
    "incomeBeforeTax": 37069000,
    "incomeBeforeTaxRatio": 0.2114289951,
    "incomeTaxExpense": 13530000,
    "netIncome": 23539000,
    "netIncomeRatio": 0.1342584671,
    "eps": 0.26,
    "epsdiluted": 0.26,
    "weightedAverageShsOut": 89168000,
    "weightedAverageShsOutDil": 90833000,
    "link": "https://www.sec.gov/Archives/edgar/data/779152/000092623607000107/0000926236-07-000107-index.htm",
    "finalLink": "https://www.sec.gov/Archives/edgar/data/779152/000092623607000107/jha08q1.htm"
  },
  {
    "date": "2007-06-30",
    "symbol": "JKHY",
    "reportedCurrency": "USD",
    "cik": "0000779152",
    "fillingDate": "2007-08-30",
    "acceptedDate": "2007-08-30 12:04:59",
    "calendarYear": "2007",
    "period": "Q4",
    "revenue": 181300000,
    "costOfRevenue": 103101000,
    "grossProfit": 78199000,
    "grossProfitRatio": 0.4313237728,
    "researchAndDevelopmentExpenses": 9453000,
    "generalAndAdministrativeExpenses": 23505000,
    "sellingAndMarketingExpenses": 0,
    "sellingGeneralAndAdministrativeExpenses": 23505000,
    "otherExpenses": 0,
    "operatingExpenses": 32958000,
    "costAndExpenses": 136059000,
    "interestIncome": 0,
    "interestExpense": 0,
    "depreciationAndAmortization": 13587000,
    "ebitda": 58828000,
    "ebitdaratio": 0.3244787645,
    "operatingIncome": 45241000,
    "operatingIncomeRatio": 0.2495366795,
    "totalOtherIncomeExpensesNet": -17000,
    "incomeBeforeTax": 45224000,
    "incomeBeforeTaxRatio": 0.2494429123,
    "incomeTaxExpense": 16123000,
    "netIncome": 29101000,
    "netIncomeRatio": 0.1605129619,
    "eps": 0.33,
    "epsdiluted": 0.33,
    "weightedAverageShsOut": 89168000,
    "weightedAverageShsOutDil": 89168000,
    "link": "https://www.sec.gov/Archives/edgar/data/779152/000092623607000089/0000926236-07-000089-index.htm",
    "finalLink": "https://www.sec.gov/Archives/edgar/data/779152/000092623607000089/jha07q4.htm"
  },
  {
    "date": "2007-03-31",
    "symbol": "JKHY",
    "reportedCurrency": "USD",
    "cik": "0000779152",
    "fillingDate": "2007-05-10",
    "acceptedDate": "2007-05-10 14:49:13",
    "calendarYear": "2007",
    "period": "Q3",
    "revenue": 168903000,
    "costOfRevenue": 97219000,
    "grossProfit": 71684000,
    "grossProfitRatio": 0.4244092763,
    "researchAndDevelopmentExpenses": 9004000,
    "generalAndAdministrativeExpenses": 21905000,
    "sellingAndMarketingExpenses": 0,
    "sellingGeneralAndAdministrativeExpenses": 21905000,
    "otherExpenses": 0,
    "operatingExpenses": 30909000,
    "costAndExpenses": 128128000,
    "interestIncome": 0,
    "interestExpense": 0,
    "depreciationAndAmortization": 13509000,
    "ebitda": 40775000,
    "ebitdaratio": 0.2414107505,
    "operatingIncome": 40775000,
    "operatingIncomeRatio": 0.2414107505,
    "totalOtherIncomeExpensesNet": 219000,
    "incomeBeforeTax": 40994000,
    "incomeBeforeTaxRatio": 0.2427073527,
    "incomeTaxExpense": 14614000,
    "netIncome": 26380000,
    "netIncomeRatio": 0.1561843188,
    "eps": 0.29,
    "epsdiluted": 0.29,
    "weightedAverageShsOut": 89893000,
    "weightedAverageShsOutDil": 91753000,
    "link": "https://www.sec.gov/Archives/edgar/data/779152/000092623607000039/0000926236-07-000039-index.htm",
    "finalLink": "https://www.sec.gov/Archives/edgar/data/779152/000092623607000039/jha07q3.htm"
  },
  {
    "date": "2006-12-31",
    "symbol": "JKHY",
    "reportedCurrency": "USD",
    "cik": "0000779152",
    "fillingDate": "2007-02-09",
    "acceptedDate": "2007-02-09 10:18:23",
    "calendarYear": "2007",
    "period": "Q2",
    "revenue": 167244000,
    "costOfRevenue": 94256000,
    "grossProfit": 72988000,
    "grossProfitRatio": 0.4364162541,
    "researchAndDevelopmentExpenses": 8989000,
    "generalAndAdministrativeExpenses": 24380000,
    "sellingAndMarketingExpenses": 0,
    "sellingGeneralAndAdministrativeExpenses": 24380000,
    "otherExpenses": 0,
    "operatingExpenses": 33369000,
    "costAndExpenses": 127625000,
    "interestIncome": 0,
    "interestExpense": 0,
    "depreciationAndAmortization": 11940000,
    "ebitda": 39619000,
    "ebitdaratio": 0.2368934013,
    "operatingIncome": 39619000,
    "operatingIncomeRatio": 0.2368934013,
    "totalOtherIncomeExpensesNet": 107000,
    "incomeBeforeTax": 39726000,
    "incomeBeforeTaxRatio": 0.237533185,
    "incomeTaxExpense": 11938000,
    "netIncome": 27788000,
    "netIncomeRatio": 0.1661524479,
    "eps": 0.31,
    "epsdiluted": 0.3,
    "weightedAverageShsOut": 90211000,
    "weightedAverageShsOutDil": 92246000,
    "link": "https://www.sec.gov/Archives/edgar/data/779152/000092623607000013/0000926236-07-000013-index.htm",
    "finalLink": "https://www.sec.gov/Archives/edgar/data/779152/000092623607000013/jha07q2.htm"
  },
  {
    "date": "2006-09-30",
    "symbol": "JKHY",
    "reportedCurrency": "USD",
    "cik": "0000779152",
    "fillingDate": "2006-11-08",
    "acceptedDate": "2006-11-08 16:05:47",
    "calendarYear": "2007",
    "period": "Q1",
    "revenue": 150615000,
    "costOfRevenue": 87308000,
    "grossProfit": 63307000,
    "grossProfitRatio": 0.420323341,
    "researchAndDevelopmentExpenses": 8516000,
    "generalAndAdministrativeExpenses": 21872000,
    "sellingAndMarketingExpenses": 0,
    "sellingGeneralAndAdministrativeExpenses": 21872000,
    "otherExpenses": 0,
    "operatingExpenses": 30388000,
    "costAndExpenses": 117696000,
    "interestIncome": 0,
    "interestExpense": 0,
    "depreciationAndAmortization": 11918000,
    "ebitda": 44837000,
    "ebitdaratio": 0.2976927929,
    "operatingIncome": 32919000,
    "operatingIncomeRatio": 0.2185638881,
    "totalOtherIncomeExpensesNet": 1340000,
    "incomeBeforeTax": 34259000,
    "incomeBeforeTaxRatio": 0.2274607443,
    "incomeTaxExpense": 12847000,
    "netIncome": 21412000,
    "netIncomeRatio": 0.1421637951,
    "eps": 0.24,
    "epsdiluted": 0.23,
    "weightedAverageShsOut": 91056000,
    "weightedAverageShsOutDil": 92893000,
    "link": "https://www.sec.gov/Archives/edgar/data/779152/000092623606000133/0000926236-06-000133-index.htm",
    "finalLink": "https://www.sec.gov/Archives/edgar/data/779152/000092623606000133/jha07q1.txt"
  },
  {
    "date": "2006-06-30",
    "symbol": "JKHY",
    "reportedCurrency": "USD",
    "cik": "0000779152",
    "fillingDate": "2006-09-12",
    "acceptedDate": "2006-09-12 17:04:42",
    "calendarYear": "2006",
    "period": "Q4",
    "revenue": 162310000,
    "costOfRevenue": 91583000,
    "grossProfit": 70727000,
    "grossProfitRatio": 0.4357525722,
    "researchAndDevelopmentExpenses": 8687000,
    "generalAndAdministrativeExpenses": 22010000,
    "sellingAndMarketingExpenses": 0,
    "sellingGeneralAndAdministrativeExpenses": 22010000,
    "otherExpenses": 0,
    "operatingExpenses": 30697000,
    "costAndExpenses": 122280000,
    "interestIncome": 0,
    "interestExpense": 0,
    "depreciationAndAmortization": 11242000,
    "ebitda": 51272000,
    "ebitdaratio": 0.3158893475,
    "operatingIncome": 40030000,
    "operatingIncomeRatio": 0.2466268252,
    "totalOtherIncomeExpensesNet": 9000,
    "incomeBeforeTax": 40039000,
    "incomeBeforeTaxRatio": 0.2466822747,
    "incomeTaxExpense": 14634000,
    "netIncome": 25405000,
    "netIncomeRatio": 0.1565214713,
    "eps": 0.28,
    "epsdiluted": 0.28,
    "weightedAverageShsOut": 91056000,
    "weightedAverageShsOutDil": 91056000,
    "link": "https://www.sec.gov/Archives/edgar/data/779152/000092623606000116/0000926236-06-000116-index.htm",
    "finalLink": "https://www.sec.gov/Archives/edgar/data/779152/000092623606000116/jha06q4.txt"
  },
  {
    "date": "2006-03-31",
    "symbol": "JKHY",
    "reportedCurrency": "USD",
    "cik": "0000779152",
    "fillingDate": "2006-05-10",
    "acceptedDate": "2006-05-10 15:38:20",
    "calendarYear": "2006",
    "period": "Q3",
    "revenue": 145495000,
    "costOfRevenue": 81813000,
    "grossProfit": 63682000,
    "grossProfitRatio": 0.4376920169,
    "researchAndDevelopmentExpenses": 8435000,
    "generalAndAdministrativeExpenses": 20531000,
    "sellingAndMarketingExpenses": 0,
    "sellingGeneralAndAdministrativeExpenses": 20531000,
    "otherExpenses": 0,
    "operatingExpenses": 28966000,
    "costAndExpenses": 110779000,
    "interestIncome": 0,
    "interestExpense": 0,
    "depreciationAndAmortization": 11222000,
    "ebitda": 45938000,
    "ebitdaratio": 0.3157359359,
    "operatingIncome": 34716000,
    "operatingIncomeRatio": 0.2386061377,
    "totalOtherIncomeExpensesNet": 141000,
    "incomeBeforeTax": 34857000,
    "incomeBeforeTaxRatio": 0.2395752431,
    "incomeTaxExpense": 11397000,
    "netIncome": 23460000,
    "netIncomeRatio": 0.1612426544,
    "eps": 0.26,
    "epsdiluted": 0.25,
    "weightedAverageShsOut": 91952000,
    "weightedAverageShsOutDil": 94390000,
    "link": "https://www.sec.gov/Archives/edgar/data/779152/000092623606000064/0000926236-06-000064-index.htm",
    "finalLink": "https://www.sec.gov/Archives/edgar/data/779152/000092623606000064/jha06q3.txt"
  },
  {
    "date": "2005-12-31",
    "symbol": "JKHY",
    "reportedCurrency": "USD",
    "cik": "0000779152",
    "fillingDate": "2006-02-08",
    "acceptedDate": "2006-02-08 11:47:58",
    "calendarYear": "2006",
    "period": "Q2",
    "revenue": 147417000,
    "costOfRevenue": 81934000,
    "grossProfit": 65483000,
    "grossProfitRatio": 0.4442025004,
    "researchAndDevelopmentExpenses": 8003000,
    "generalAndAdministrativeExpenses": 23430000,
    "sellingAndMarketingExpenses": 0,
    "sellingGeneralAndAdministrativeExpenses": 23430000,
    "otherExpenses": 0,
    "operatingExpenses": 31433000,
    "costAndExpenses": 113367000,
    "interestIncome": 0,
    "interestExpense": 0,
    "depreciationAndAmortization": 10657000,
    "ebitda": 44707000,
    "ebitdaratio": 0.3032689581,
    "operatingIncome": 34050000,
    "operatingIncomeRatio": 0.2309774314,
    "totalOtherIncomeExpensesNet": 293000,
    "incomeBeforeTax": 34343000,
    "incomeBeforeTaxRatio": 0.2329649905,
    "incomeTaxExpense": 12707000,
    "netIncome": 21636000,
    "netIncomeRatio": 0.1467673335,
    "eps": 0.24,
    "epsdiluted": 0.23,
    "weightedAverageShsOut": 91352000,
    "weightedAverageShsOutDil": 93637000,
    "link": "https://www.sec.gov/Archives/edgar/data/779152/000092623606000021/0000926236-06-000021-index.htm",
    "finalLink": "https://www.sec.gov/Archives/edgar/data/779152/000092623606000021/jha06q2.txt"
  },
  {
    "date": "2005-09-30",
    "symbol": "JKHY",
    "reportedCurrency": "USD",
    "cik": "0000779152",
    "fillingDate": "2005-11-09",
    "acceptedDate": "2005-11-09 09:29:32",
    "calendarYear": "2006",
    "period": "Q1",
    "revenue": 136983000,
    "costOfRevenue": 80428000,
    "grossProfit": 56555000,
    "grossProfitRatio": 0.41286145,
    "researchAndDevelopmentExpenses": 6749000,
    "generalAndAdministrativeExpenses": 19245000,
    "sellingAndMarketingExpenses": 0,
    "sellingGeneralAndAdministrativeExpenses": 19245000,
    "otherExpenses": 0,
    "operatingExpenses": 25994000,
    "costAndExpenses": 106422000,
    "interestIncome": 0,
    "interestExpense": 0,
    "depreciationAndAmortization": 10653000,
    "ebitda": 41214000,
    "ebitdaratio": 0.300869451,
    "operatingIncome": 30561000,
    "operatingIncomeRatio": 0.2231006767,
    "totalOtherIncomeExpensesNet": 268000,
    "incomeBeforeTax": 30829000,
    "incomeBeforeTaxRatio": 0.2250571239,
    "incomeTaxExpense": 11407000,
    "netIncome": 19422000,
    "netIncomeRatio": 0.141784017,
    "eps": 0.21,
    "epsdiluted": 0.21,
    "weightedAverageShsOut": 91562000,
    "weightedAverageShsOutDil": 93998000,
    "link": "https://www.sec.gov/Archives/edgar/data/779152/000092623605000142/0000926236-05-000142-index.htm",
    "finalLink": "https://www.sec.gov/Archives/edgar/data/779152/000092623605000142/jhao6q1.txt"
  },
  {
    "date": "2005-06-30",
    "symbol": "JKHY",
    "reportedCurrency": "USD",
    "cik": "0000779152",
    "fillingDate": "2005-09-13",
    "acceptedDate": "2005-09-13 15:28:43",
    "calendarYear": "2005",
    "period": "Q4",
    "revenue": 141425000,
    "costOfRevenue": 81563000,
    "grossProfit": 59862000,
    "grossProfitRatio": 0.4232773555,
    "researchAndDevelopmentExpenses": 7043000,
    "generalAndAdministrativeExpenses": 18960000,
    "sellingAndMarketingExpenses": 0,
    "sellingGeneralAndAdministrativeExpenses": 18960000,
    "otherExpenses": 0,
    "operatingExpenses": 26003000,
    "costAndExpenses": 107566000,
    "interestIncome": 0,
    "interestExpense": 0,
    "depreciationAndAmortization": 10463000,
    "ebitda": 44322000,
    "ebitdaratio": 0.3133957928,
    "operatingIncome": 33859000,
    "operatingIncomeRatio": 0.2394131165,
    "totalOtherIncomeExpensesNet": -88000,
    "incomeBeforeTax": 33771000,
    "incomeBeforeTaxRatio": 0.2387908786,
    "incomeTaxExpense": 12065000,
    "netIncome": 21706000,
    "netIncomeRatio": 0.1534806435,
    "eps": 0.24,
    "epsdiluted": 0.24,
    "weightedAverageShsOut": 91416000,
    "weightedAverageShsOutDil": 91562000,
    "link": "https://www.sec.gov/Archives/edgar/data/779152/000092623605000118/0000926236-05-000118-index.htm",
    "finalLink": "https://www.sec.gov/Archives/edgar/data/779152/000092623605000118/jha05q4.txt"
  },
  {
    "date": "2005-03-31",
    "symbol": "JKHY",
    "reportedCurrency": "USD",
    "cik": "0000779152",
    "fillingDate": "2005-05-06",
    "acceptedDate": "2005-05-06 09:34:30",
    "calendarYear": "2005",
    "period": "Q3",
    "revenue": 134382000,
    "costOfRevenue": 77105000,
    "grossProfit": 57277000,
    "grossProfitRatio": 0.4262252385,
    "researchAndDevelopmentExpenses": 7738000,
    "generalAndAdministrativeExpenses": 18513000,
    "sellingAndMarketingExpenses": 0,
    "sellingGeneralAndAdministrativeExpenses": 18513000,
    "otherExpenses": 0,
    "operatingExpenses": 26251000,
    "costAndExpenses": 103356000,
    "interestIncome": 0,
    "interestExpense": 0,
    "depreciationAndAmortization": 9631000,
    "ebitda": 40657000,
    "ebitdaratio": 0.3025479603,
    "operatingIncome": 31026000,
    "operatingIncomeRatio": 0.2308791356,
    "totalOtherIncomeExpensesNet": 61000,
    "incomeBeforeTax": 31087000,
    "incomeBeforeTaxRatio": 0.2313330654,
    "incomeTaxExpense": 11658000,
    "netIncome": 19429000,
    "netIncomeRatio": 0.1445803753,
    "eps": 0.21,
    "epsdiluted": 0.21,
    "weightedAverageShsOut": 91212000,
    "weightedAverageShsOutDil": 93421000,
    "link": "https://www.sec.gov/Archives/edgar/data/779152/000092623605000054/0000926236-05-000054-index.htm",
    "finalLink": "https://www.sec.gov/Archives/edgar/data/779152/000092623605000054/jha05q3.txt"
  },
  {
    "date": "2004-12-31",
    "symbol": "JKHY",
    "reportedCurrency": "USD",
    "cik": "0000779152",
    "fillingDate": "2005-02-09",
    "acceptedDate": "2005-02-09 14:16:18",
    "calendarYear": "2005",
    "period": "Q2",
    "revenue": 135960000,
    "costOfRevenue": 81211000,
    "grossProfit": 54749000,
    "grossProfitRatio": 0.4026846131,
    "researchAndDevelopmentExpenses": 6741000,
    "generalAndAdministrativeExpenses": 20047000,
    "sellingAndMarketingExpenses": 0,
    "sellingGeneralAndAdministrativeExpenses": 20047000,
    "otherExpenses": 0,
    "operatingExpenses": 26788000,
    "costAndExpenses": 107999000,
    "interestIncome": 0,
    "interestExpense": 0,
    "depreciationAndAmortization": 9860000,
    "ebitda": 37821000,
    "ebitdaratio": 0.2781774051,
    "operatingIncome": 27961000,
    "operatingIncomeRatio": 0.2056560753,
    "totalOtherIncomeExpensesNet": 345000,
    "incomeBeforeTax": 28306000,
    "incomeBeforeTaxRatio": 0.2081935863,
    "incomeTaxExpense": 10614000,
    "netIncome": 17692000,
    "netIncomeRatio": 0.1301265078,
    "eps": 0.2,
    "epsdiluted": 0.19,
    "weightedAverageShsOut": 90650000,
    "weightedAverageShsOutDil": 92957000,
    "link": "https://www.sec.gov/Archives/edgar/data/779152/000092623605000013/0000926236-05-000013-index.htm",
    "finalLink": "https://www.sec.gov/Archives/edgar/data/779152/000092623605000013/jha05q2.txt"
  },
  {
    "date": "2004-09-30",
    "symbol": "JKHY",
    "reportedCurrency": "USD",
    "cik": "0000779152",
    "fillingDate": "2004-11-09",
    "acceptedDate": "2004-11-09 15:10:09",
    "calendarYear": "2005",
    "period": "Q1",
    "revenue": 124096000,
    "costOfRevenue": 73534000,
    "grossProfit": 50562000,
    "grossProfitRatio": 0.4074426251,
    "researchAndDevelopmentExpenses": 6142000,
    "generalAndAdministrativeExpenses": 18197000,
    "sellingAndMarketingExpenses": 0,
    "sellingGeneralAndAdministrativeExpenses": 18197000,
    "otherExpenses": 0,
    "operatingExpenses": 24339000,
    "costAndExpenses": 97873000,
    "interestIncome": 0,
    "interestExpense": 0,
    "depreciationAndAmortization": 8957000,
    "ebitda": 35180000,
    "ebitdaratio": 0.2834902011,
    "operatingIncome": 26223000,
    "operatingIncomeRatio": 0.2113122099,
    "totalOtherIncomeExpensesNet": 456000,
    "incomeBeforeTax": 26679000,
    "incomeBeforeTaxRatio": 0.2149867844,
    "incomeTaxExpense": 10005000,
    "netIncome": 16674000,
    "netIncomeRatio": 0.1343637184,
    "eps": 0.18,
    "epsdiluted": 0.18,
    "weightedAverageShsOut": 90286000,
    "weightedAverageShsOutDil": 92485000,
    "link": "https://www.sec.gov/Archives/edgar/data/779152/000092623604000172/0000926236-04-000172-index.htm",
    "finalLink": "https://www.sec.gov/Archives/edgar/data/779152/000092623604000172/jha05q1.txt"
  },
  {
    "date": "2004-06-30",
    "symbol": "JKHY",
    "reportedCurrency": "USD",
    "cik": "0000779152",
    "fillingDate": "2004-08-30",
    "acceptedDate": "2004-08-30 17:02:55",
    "calendarYear": "2004",
    "period": "Q4",
    "revenue": 126037000,
    "costOfRevenue": 72744000,
    "grossProfit": 53293000,
    "grossProfitRatio": 0.4228361513,
    "researchAndDevelopmentExpenses": 6099000,
    "generalAndAdministrativeExpenses": 18041000,
    "sellingAndMarketingExpenses": 0,
    "sellingGeneralAndAdministrativeExpenses": 18041000,
    "otherExpenses": 0,
    "operatingExpenses": 24140000,
    "costAndExpenses": 96884000,
    "interestIncome": 0,
    "interestExpense": 0,
    "depreciationAndAmortization": 8728000,
    "ebitda": 37881000,
    "ebitdaratio": 0.300554599,
    "operatingIncome": 29153000,
    "operatingIncomeRatio": 0.2313050929,
    "totalOtherIncomeExpensesNet": 164000,
    "incomeBeforeTax": 29317000,
    "incomeBeforeTaxRatio": 0.2326062982,
    "incomeTaxExpense": 11698000,
    "netIncome": 17619000,
    "netIncomeRatio": 0.1397922832,
    "eps": 0.2,
    "epsdiluted": 0.2,
    "weightedAverageShsOut": 89901000,
    "weightedAverageShsOutDil": 90286000,
    "link": "https://www.sec.gov/Archives/edgar/data/779152/000092623604000130/0000926236-04-000130-index.htm",
    "finalLink": "https://www.sec.gov/Archives/edgar/data/779152/000092623604000130/jha04q4.txt"
  },
  {
    "date": "2004-03-31",
    "symbol": "JKHY",
    "reportedCurrency": "USD",
    "cik": "0000779152",
    "fillingDate": "2004-05-07",
    "acceptedDate": "2004-05-07 10:06:15",
    "calendarYear": "2004",
    "period": "Q3",
    "revenue": 119708000,
    "costOfRevenue": 72389000,
    "grossProfit": 47319000,
    "grossProfitRatio": 0.3952868647,
    "researchAndDevelopmentExpenses": 6344000,
    "generalAndAdministrativeExpenses": 15476000,
    "sellingAndMarketingExpenses": 0,
    "sellingGeneralAndAdministrativeExpenses": 15476000,
    "otherExpenses": 0,
    "operatingExpenses": 21820000,
    "costAndExpenses": 94209000,
    "interestIncome": 0,
    "interestExpense": 0,
    "depreciationAndAmortization": 8286000,
    "ebitda": 33785000,
    "ebitdaratio": 0.2822284225,
    "operatingIncome": 25499000,
    "operatingIncomeRatio": 0.213009991,
    "totalOtherIncomeExpensesNet": 196000,
    "incomeBeforeTax": 25695000,
    "incomeBeforeTaxRatio": 0.2146473085,
    "incomeTaxExpense": 9379000,
    "netIncome": 16316000,
    "netIncomeRatio": 0.1362983259,
    "eps": 0.18,
    "epsdiluted": 0.18,
    "weightedAverageShsOut": 89654000,
    "weightedAverageShsOutDil": 92077000,
    "link": "https://www.sec.gov/Archives/edgar/data/779152/000092623604000069/0000926236-04-000069-index.htm",
    "finalLink": "https://www.sec.gov/Archives/edgar/data/779152/000092623604000069/jha04q3.txt"
  },
  {
    "date": "2003-12-31",
    "symbol": "JKHY",
    "reportedCurrency": "USD",
    "cik": "0000779152",
    "fillingDate": "2004-02-05",
    "acceptedDate": "2004-02-05 15:23:34",
    "calendarYear": "2004",
    "period": "Q2",
    "revenue": 112730000,
    "costOfRevenue": 68021000,
    "grossProfit": 44709000,
    "grossProfitRatio": 0.3966025016,
    "researchAndDevelopmentExpenses": 5912000,
    "generalAndAdministrativeExpenses": 16204000,
    "sellingAndMarketingExpenses": 0,
    "sellingGeneralAndAdministrativeExpenses": 16204000,
    "otherExpenses": 0,
    "operatingExpenses": 22116000,
    "costAndExpenses": 90137000,
    "interestIncome": 0,
    "interestExpense": 0,
    "depreciationAndAmortization": 8568000,
    "ebitda": 31161000,
    "ebitdaratio": 0.2764215382,
    "operatingIncome": 22593000,
    "operatingIncomeRatio": 0.2004169254,
    "totalOtherIncomeExpensesNet": 278000,
    "incomeBeforeTax": 22871000,
    "incomeBeforeTaxRatio": 0.2028829948,
    "incomeTaxExpense": 8348000,
    "netIncome": 14523000,
    "netIncomeRatio": 0.1288299477,
    "eps": 0.16,
    "epsdiluted": 0.16,
    "weightedAverageShsOut": 89231000,
    "weightedAverageShsOutDil": 92000000,
    "link": "https://www.sec.gov/Archives/edgar/data/779152/000092623604000016/0000926236-04-000016-index.htm",
    "finalLink": "https://www.sec.gov/Archives/edgar/data/779152/000092623604000016/jha04q2.txt"
  },
  {
    "date": "2003-09-30",
    "symbol": "JKHY",
    "reportedCurrency": "USD",
    "cik": "0000779152",
    "fillingDate": "2003-11-12",
    "acceptedDate": "2003-11-12 11:33:48",
    "calendarYear": "2004",
    "period": "Q1",
    "revenue": 108940000,
    "costOfRevenue": 66283000,
    "grossProfit": 42657000,
    "grossProfitRatio": 0.3915641638,
    "researchAndDevelopmentExpenses": 5319000,
    "generalAndAdministrativeExpenses": 15777000,
    "sellingAndMarketingExpenses": 0,
    "sellingGeneralAndAdministrativeExpenses": 15777000,
    "otherExpenses": 0,
    "operatingExpenses": 21096000,
    "costAndExpenses": 87379000,
    "interestIncome": 0,
    "interestExpense": 0,
    "depreciationAndAmortization": 7958000,
    "ebitda": 29519000,
    "ebitdaratio": 0.2709656692,
    "operatingIncome": 21561000,
    "operatingIncomeRatio": 0.1979162842,
    "totalOtherIncomeExpensesNet": 261000,
    "incomeBeforeTax": 21822000,
    "incomeBeforeTaxRatio": 0.2003120984,
    "incomeTaxExpense": 7965000,
    "netIncome": 13857000,
    "netIncomeRatio": 0.1271984579,
    "eps": 0.16,
    "epsdiluted": 0.15,
    "weightedAverageShsOut": 88515000,
    "weightedAverageShsOutDil": 91069000,
    "link": "https://www.sec.gov/Archives/edgar/data/779152/000092623603000168/0000926236-03-000168-index.htm",
    "finalLink": "https://www.sec.gov/Archives/edgar/data/779152/000092623603000168/jha04q1.txt"
  },
  {
    "date": "2003-06-30",
    "symbol": "JKHY",
    "reportedCurrency": "USD",
    "cik": "0000779152",
    "fillingDate": "2003-09-22",
    "acceptedDate": "2003-09-22 17:01:44",
    "calendarYear": "2003",
    "period": "Q4",
    "revenue": 109188000,
    "costOfRevenue": 66234000,
    "grossProfit": 42954000,
    "grossProfitRatio": 0.3933948786,
    "researchAndDevelopmentExpenses": 4327000,
    "generalAndAdministrativeExpenses": 16505000,
    "sellingAndMarketingExpenses": 0,
    "sellingGeneralAndAdministrativeExpenses": 16505000,
    "otherExpenses": 0,
    "operatingExpenses": 20832000,
    "costAndExpenses": 87066000,
    "interestIncome": 0,
    "interestExpense": 0,
    "depreciationAndAmortization": 7795000,
    "ebitda": 29917000,
    "ebitdaratio": 0.2739953108,
    "operatingIncome": 22122000,
    "operatingIncomeRatio": 0.2026046818,
    "totalOtherIncomeExpensesNet": 92000,
    "incomeBeforeTax": 22214000,
    "incomeBeforeTaxRatio": 0.2034472653,
    "incomeTaxExpense": 8108000,
    "netIncome": 14106000,
    "netIncomeRatio": 0.1291900209,
    "eps": 0.16,
    "epsdiluted": 0.16,
    "weightedAverageShsOut": 87956000,
    "weightedAverageShsOutDil": 88515000,
    "link": "https://www.sec.gov/Archives/edgar/data/779152/000092623603000149/0000926236-03-000149-index.htm",
    "finalLink": "https://www.sec.gov/Archives/edgar/data/779152/000092623603000149/jha03q4.txt"
  },
  {
    "date": "2003-03-31",
    "symbol": "JKHY",
    "reportedCurrency": "USD",
    "cik": "0000779152",
    "fillingDate": "2003-05-15",
    "acceptedDate": "2003-05-15 12:05:41",
    "calendarYear": "2003",
    "period": "Q3",
    "revenue": 98898000,
    "costOfRevenue": 60495000,
    "grossProfit": 38403000,
    "grossProfitRatio": 0.388309167,
    "researchAndDevelopmentExpenses": 4052000,
    "generalAndAdministrativeExpenses": 15060000,
    "sellingAndMarketingExpenses": 0,
    "sellingGeneralAndAdministrativeExpenses": 15060000,
    "otherExpenses": 0,
    "operatingExpenses": 19112000,
    "costAndExpenses": 79607000,
    "interestIncome": 0,
    "interestExpense": 0,
    "depreciationAndAmortization": 7356000,
    "ebitda": 26647000,
    "ebitdaratio": 0.2694392202,
    "operatingIncome": 19291000,
    "operatingIncomeRatio": 0.1950595563,
    "totalOtherIncomeExpensesNet": 105000,
    "incomeBeforeTax": 19396000,
    "incomeBeforeTaxRatio": 0.1961212562,
    "incomeTaxExpense": 7080000,
    "netIncome": 12316000,
    "netIncomeRatio": 0.1245323465,
    "eps": 0.14,
    "epsdiluted": 0.14,
    "weightedAverageShsOut": 87742000,
    "weightedAverageShsOutDil": 88940000,
    "link": "https://www.sec.gov/Archives/edgar/data/779152/000092623603000070/0000926236-03-000070-index.htm",
    "finalLink": "https://www.sec.gov/Archives/edgar/data/779152/000092623603000070/jha03q3.txt"
  },
  {
    "date": "2002-12-31",
    "symbol": "JKHY",
    "reportedCurrency": "USD",
    "cik": "0000779152",
    "fillingDate": "2003-02-14",
    "acceptedDate": "2003-02-14 11:07:37",
    "calendarYear": "2003",
    "period": "Q2",
    "revenue": 102563000,
    "costOfRevenue": 65697000,
    "grossProfit": 36866000,
    "grossProfitRatio": 0.3594473641,
    "researchAndDevelopmentExpenses": 3962000,
    "generalAndAdministrativeExpenses": 14673000,
    "sellingAndMarketingExpenses": 0,
    "sellingGeneralAndAdministrativeExpenses": 14673000,
    "otherExpenses": 0,
    "operatingExpenses": 18635000,
    "costAndExpenses": 84332000,
    "interestIncome": 0,
    "interestExpense": 0,
    "depreciationAndAmortization": 7727000,
    "ebitda": 25958000,
    "ebitdaratio": 0.2530932208,
    "operatingIncome": 18231000,
    "operatingIncomeRatio": 0.1777541609,
    "totalOtherIncomeExpensesNet": 159000,
    "incomeBeforeTax": 18390000,
    "incomeBeforeTaxRatio": 0.1793044275,
    "incomeTaxExpense": 6713000,
    "netIncome": 11677000,
    "netIncomeRatio": 0.1138519739,
    "eps": 0.13,
    "epsdiluted": 0.13,
    "weightedAverageShsOut": 87680000,
    "weightedAverageShsOutDil": 88812000,
    "link": "https://www.sec.gov/Archives/edgar/data/779152/000092623603000023/0000926236-03-000023-index.htm",
    "finalLink": "https://www.sec.gov/Archives/edgar/data/779152/000092623603000023/jha03q2.txt"
  },
  {
    "date": "2002-09-30",
    "symbol": "JKHY",
    "reportedCurrency": "USD",
    "cik": "0000779152",
    "fillingDate": "2002-11-14",
    "acceptedDate": "2002-11-14 11:21:01",
    "calendarYear": "2003",
    "period": "Q1",
    "revenue": 93978000,
    "costOfRevenue": 58865000,
    "grossProfit": 35113000,
    "grossProfitRatio": 0.3736299985,
    "researchAndDevelopmentExpenses": 3551000,
    "generalAndAdministrativeExpenses": 13935000,
    "sellingAndMarketingExpenses": 0,
    "sellingGeneralAndAdministrativeExpenses": 13935000,
    "otherExpenses": 0,
    "operatingExpenses": 17486000,
    "costAndExpenses": 76351000,
    "interestIncome": 0,
    "interestExpense": 0,
    "depreciationAndAmortization": 7316000,
    "ebitda": 24943000,
    "ebitdaratio": 0.2654131818,
    "operatingIncome": 17627000,
    "operatingIncomeRatio": 0.1875651748,
    "totalOtherIncomeExpensesNet": 164000,
    "incomeBeforeTax": 17791000,
    "incomeBeforeTaxRatio": 0.1893102641,
    "incomeTaxExpense": 6493000,
    "netIncome": 11298000,
    "netIncomeRatio": 0.1202196259,
    "eps": 0.13,
    "epsdiluted": 0.13,
    "weightedAverageShsOut": 88085000,
    "weightedAverageShsOutDil": 89579000,
    "link": "https://www.sec.gov/Archives/edgar/data/779152/000092623602000199/0000926236-02-000199-index.htm",
    "finalLink": "https://www.sec.gov/Archives/edgar/data/779152/000092623602000199/jha03q1.txt"
  },
  {
    "date": "2002-06-30",
    "symbol": "JKHY",
    "reportedCurrency": "USD",
    "cik": "0000779152",
    "fillingDate": "2002-09-26",
    "acceptedDate": "2002-09-26 11:49:54",
    "calendarYear": "2002",
    "period": "Q4",
    "revenue": 126428000,
    "costOfRevenue": 83360000,
    "grossProfit": 43068000,
    "grossProfitRatio": 0.3406523871,
    "researchAndDevelopmentExpenses": 3121000,
    "generalAndAdministrativeExpenses": 16074000,
    "sellingAndMarketingExpenses": 0,
    "sellingGeneralAndAdministrativeExpenses": 16074000,
    "otherExpenses": 0,
    "operatingExpenses": 19195000,
    "costAndExpenses": 102555000,
    "interestIncome": 0,
    "interestExpense": 0,
    "depreciationAndAmortization": 7205000,
    "ebitda": 31078000,
    "ebitdaratio": 0.2458158003,
    "operatingIncome": 23873000,
    "operatingIncomeRatio": 0.1888268422,
    "totalOtherIncomeExpensesNet": 213000,
    "incomeBeforeTax": 24086000,
    "incomeBeforeTaxRatio": 0.1905115955,
    "incomeTaxExpense": 8229000,
    "netIncome": 15857000,
    "netIncomeRatio": 0.1254231658,
    "eps": 0.18,
    "epsdiluted": 0.18,
    "weightedAverageShsOut": 88085000,
    "weightedAverageShsOutDil": 88085000,
    "link": "https://www.sec.gov/Archives/edgar/data/779152/000092623602000174/0000926236-02-000174-index.htm",
    "finalLink": "https://www.sec.gov/Archives/edgar/data/779152/000092623602000174/jha02q4.txt"
  },
  {
    "date": "2002-03-31",
    "symbol": "JKHY",
    "reportedCurrency": "USD",
    "cik": "0000779152",
    "fillingDate": "2002-05-14",
    "acceptedDate": "2002-05-14 14:33:40",
    "calendarYear": "2002",
    "period": "Q3",
    "revenue": 92552000,
    "costOfRevenue": 52460000,
    "grossProfit": 40092000,
    "grossProfitRatio": 0.4331835076,
    "researchAndDevelopmentExpenses": 2952000,
    "generalAndAdministrativeExpenses": 16268000,
    "sellingAndMarketingExpenses": 0,
    "sellingGeneralAndAdministrativeExpenses": 16268000,
    "otherExpenses": 0,
    "operatingExpenses": 19220000,
    "costAndExpenses": 71680000,
    "interestIncome": 0,
    "interestExpense": 0,
    "depreciationAndAmortization": 10344000,
    "ebitda": 31216000,
    "ebitdaratio": 0.3372806638,
    "operatingIncome": 20872000,
    "operatingIncomeRatio": 0.2255164664,
    "totalOtherIncomeExpensesNet": 312000,
    "incomeBeforeTax": 21184000,
    "incomeBeforeTaxRatio": 0.2288875443,
    "incomeTaxExpense": 7626000,
    "netIncome": 13558000,
    "netIncomeRatio": 0.1464906215,
    "eps": 0.15,
    "epsdiluted": 0.15,
    "weightedAverageShsOut": 92483000,
    "weightedAverageShsOutDil": 92483000,
    "link": "https://www.sec.gov/Archives/edgar/data/779152/000092623602000096/0000926236-02-000096-index.htm",
    "finalLink": "https://www.sec.gov/Archives/edgar/data/779152/000092623602000096/jha02q3.txt"
  },
  {
    "date": "2001-12-31",
    "symbol": "JKHY",
    "reportedCurrency": "USD",
    "cik": "0000779152",
    "fillingDate": "2002-02-14",
    "acceptedDate": "2002-02-14 00:00:00",
    "calendarYear": "2002",
    "period": "Q2",
    "revenue": 91545000,
    "costOfRevenue": 52534000,
    "grossProfit": 39011000,
    "grossProfitRatio": 0.4261401497,
    "researchAndDevelopmentExpenses": 3543000,
    "generalAndAdministrativeExpenses": 15632000,
    "sellingAndMarketingExpenses": 0,
    "sellingGeneralAndAdministrativeExpenses": 15632000,
    "otherExpenses": 0,
    "operatingExpenses": 19175000,
    "costAndExpenses": 71709000,
    "interestIncome": 0,
    "interestExpense": 0,
    "depreciationAndAmortization": 3574000,
    "ebitda": 23410000,
    "ebitdaratio": 0.25572123,
    "operatingIncome": 19836000,
    "operatingIncomeRatio": 0.2166803212,
    "totalOtherIncomeExpensesNet": 530000,
    "incomeBeforeTax": 20366000,
    "incomeBeforeTaxRatio": 0.2224698236,
    "incomeTaxExpense": 7332000,
    "netIncome": 13034000,
    "netIncomeRatio": 0.1423780654,
    "eps": 0.15,
    "epsdiluted": 0.14,
    "weightedAverageShsOut": 88982000,
    "weightedAverageShsOutDil": 92247000,
    "link": "https://www.sec.gov/Archives/edgar/data/779152/000092623602000030/0000926236-02-000030-index.htm",
    "finalLink": "https://www.sec.gov/Archives/edgar/data/779152/000092623602000030/jha02q02.txt"
  },
  {
    "date": "2001-09-30",
    "symbol": "JKHY",
    "reportedCurrency": "USD",
    "cik": "0000779152",
    "fillingDate": "2001-11-14",
    "acceptedDate": "2001-11-14 00:00:00",
    "calendarYear": "2002",
    "period": "Q1",
    "revenue": 86132000,
    "costOfRevenue": 47083000,
    "grossProfit": 39049000,
    "grossProfitRatio": 0.4533622811,
    "researchAndDevelopmentExpenses": 2910000,
    "generalAndAdministrativeExpenses": 14074000,
    "sellingAndMarketingExpenses": 0,
    "sellingGeneralAndAdministrativeExpenses": 14074000,
    "otherExpenses": 0,
    "operatingExpenses": 16984000,
    "costAndExpenses": 64067000,
    "interestIncome": 0,
    "interestExpense": 0,
    "depreciationAndAmortization": 6347000,
    "ebitda": 28412000,
    "ebitdaratio": 0.3298657874,
    "operatingIncome": 22065000,
    "operatingIncomeRatio": 0.2561765662,
    "totalOtherIncomeExpensesNet": 772000,
    "incomeBeforeTax": 22837000,
    "incomeBeforeTaxRatio": 0.2651395532,
    "incomeTaxExpense": 8221000,
    "netIncome": 14616000,
    "netIncomeRatio": 0.1696930293,
    "eps": 0.16,
    "epsdiluted": 0.16,
    "weightedAverageShsOut": 88952000,
    "weightedAverageShsOutDil": 92724000,
    "link": "https://www.sec.gov/Archives/edgar/data/779152/000092623601500210/0000926236-01-500210-index.htm",
    "finalLink": "https://www.sec.gov/Archives/edgar/data/779152/000092623601500210/jha02q1a.txt"
  },
  {
    "date": "2001-06-30",
    "symbol": "JKHY",
    "reportedCurrency": "USD",
    "cik": "0000779152",
    "fillingDate": "2001-09-25",
    "acceptedDate": "2001-09-25 00:00:00",
    "calendarYear": "2001",
    "period": "Q4",
    "revenue": 94917000,
    "costOfRevenue": 68069000,
    "grossProfit": 26848000,
    "grossProfitRatio": 0.2828576546,
    "researchAndDevelopmentExpenses": 2776000,
    "generalAndAdministrativeExpenses": 15876000,
    "sellingAndMarketingExpenses": 0,
    "sellingGeneralAndAdministrativeExpenses": 15876000,
    "otherExpenses": 0,
    "operatingExpenses": 18652000,
    "costAndExpenses": 86721000,
    "interestIncome": 0,
    "interestExpense": 0,
    "depreciationAndAmortization": 6220000,
    "ebitda": 14416000,
    "ebitdaratio": 0.1518800636,
    "operatingIncome": 23864000,
    "operatingIncomeRatio": 0.2514196614,
    "totalOtherIncomeExpensesNet": 399000,
    "incomeBeforeTax": 24263000,
    "incomeBeforeTaxRatio": 0.2556233341,
    "incomeTaxExpense": 8734000,
    "netIncome": 15529000,
    "netIncomeRatio": 0.163606098,
    "eps": 0.17,
    "epsdiluted": 0.17,
    "weightedAverageShsOut": 88574000,
    "weightedAverageShsOutDil": 88952000,
    "link": "https://www.sec.gov/Archives/edgar/data/779152/000092623601500169/0000926236-01-500169-index.htm",
    "finalLink": "https://www.sec.gov/Archives/edgar/data/779152/000092623601500169/jha01q4b.txt"
  },
  {
    "date": "2001-03-31",
    "symbol": "JKHY",
    "reportedCurrency": "USD",
    "cik": "0000779152",
    "fillingDate": "2001-05-14",
    "acceptedDate": "2001-05-14 00:00:00",
    "calendarYear": "2001",
    "period": "Q3",
    "revenue": 92811000,
    "costOfRevenue": 47373000,
    "grossProfit": 45438000,
    "grossProfitRatio": 0.4895755891,
    "researchAndDevelopmentExpenses": 2883000,
    "generalAndAdministrativeExpenses": 13443000,
    "sellingAndMarketingExpenses": 0,
    "sellingGeneralAndAdministrativeExpenses": 13443000,
    "otherExpenses": 0,
    "operatingExpenses": 16326000,
    "costAndExpenses": 63699000,
    "interestIncome": 0,
    "interestExpense": 0,
    "depreciationAndAmortization": 5756000,
    "ebitda": 34868000,
    "ebitdaratio": 0.3756882266,
    "operatingIncome": 23356000,
    "operatingIncomeRatio": 0.2516512051,
    "totalOtherIncomeExpensesNet": 610000,
    "incomeBeforeTax": 23966000,
    "incomeBeforeTaxRatio": 0.2582237019,
    "incomeTaxExpense": 8628000,
    "netIncome": 15338000,
    "netIncomeRatio": 0.1652605833,
    "eps": 0.17,
    "epsdiluted": 0.17,
    "weightedAverageShsOut": 87935000,
    "weightedAverageShsOutDil": 91966000,
    "link": "https://www.sec.gov/Archives/edgar/data/779152/000092623601500067/0000926236-01-500067-index.htm",
    "finalLink": "https://www.sec.gov/Archives/edgar/data/779152/000092623601500067/jha01q3b.txt"
  },
  {
    "date": "2000-12-31",
    "symbol": "JKHY",
    "reportedCurrency": "USD",
    "cik": "0000779152",
    "fillingDate": "2001-02-14",
    "acceptedDate": "2001-02-14 00:00:00",
    "calendarYear": "2001",
    "period": "Q2",
    "revenue": 80732000,
    "costOfRevenue": 40622000,
    "grossProfit": 40110000,
    "grossProfitRatio": 0.4968290145,
    "researchAndDevelopmentExpenses": 2828000,
    "generalAndAdministrativeExpenses": 12106000,
    "sellingAndMarketingExpenses": 0,
    "sellingGeneralAndAdministrativeExpenses": 12106000,
    "otherExpenses": 5343000,
    "operatingExpenses": 20277000,
    "costAndExpenses": 60899000,
    "interestIncome": 0,
    "interestExpense": 0,
    "depreciationAndAmortization": 5343000,
    "ebitda": 25176000,
    "ebitdaratio": 0.3118466036,
    "operatingIncome": 19833000,
    "operatingIncomeRatio": 0.2456646683,
    "totalOtherIncomeExpensesNet": 292000,
    "incomeBeforeTax": 20125000,
    "incomeBeforeTaxRatio": 0.2492815736,
    "incomeTaxExpense": 7245000,
    "netIncome": 12880000,
    "netIncomeRatio": 0.1595402071,
    "eps": 0.15,
    "epsdiluted": 0.14,
    "weightedAverageShsOut": 86518000,
    "weightedAverageShsOutDil": 91668000,
    "link": "https://www.sec.gov/Archives/edgar/data/779152/000077915201000002/0000779152-01-000002-index.htm",
    "finalLink": "https://www.sec.gov/Archives/edgar/data/779152/000077915201000002/0000779152-01-000002-0001.txt"
  },
  {
    "date": "2000-09-30",
    "symbol": "JKHY",
    "reportedCurrency": "USD",
    "cik": "0000779152",
    "fillingDate": "2000-11-14",
    "acceptedDate": "2000-11-14 00:00:00",
    "calendarYear": "2001",
    "period": "Q1",
    "revenue": 77008000,
    "costOfRevenue": 37807000,
    "grossProfit": 39201000,
    "grossProfitRatio": 0.5090510077,
    "researchAndDevelopmentExpenses": 2383000,
    "generalAndAdministrativeExpenses": 13561000,
    "sellingAndMarketingExpenses": 0,
    "sellingGeneralAndAdministrativeExpenses": 13561000,
    "otherExpenses": 4569000,
    "operatingExpenses": 20513000,
    "costAndExpenses": 58320000,
    "interestIncome": 0,
    "interestExpense": 0,
    "depreciationAndAmortization": 4569000,
    "ebitda": 23257000,
    "ebitdaratio": 0.3020075836,
    "operatingIncome": 18688000,
    "operatingIncomeRatio": 0.2426760856,
    "totalOtherIncomeExpensesNet": -119000,
    "incomeBeforeTax": 18569000,
    "incomeBeforeTaxRatio": 0.2411307916,
    "incomeTaxExpense": 6685000,
    "netIncome": 11884000,
    "netIncomeRatio": 0.1543216289,
    "eps": 0.14,
    "epsdiluted": 0.14,
    "weightedAverageShsOut": 84310000,
    "weightedAverageShsOutDil": 89090000,
    "link": "https://www.sec.gov/Archives/edgar/data/779152/000077915200000022/0000779152-00-000022-index.htm",
    "finalLink": "https://www.sec.gov/Archives/edgar/data/779152/000077915200000022/0000779152-00-000022-0001.txt"
  },
  {
    "date": "2000-06-30",
    "symbol": "JKHY",
    "reportedCurrency": "USD",
    "cik": "0000779152",
    "fillingDate": "2000-09-27",
    "acceptedDate": "2000-09-27 00:00:00",
    "calendarYear": "2000",
    "period": "Q4",
    "revenue": 75061000,
    "costOfRevenue": 36908000,
    "grossProfit": 38153000,
    "grossProfitRatio": 0.5082932548,
    "researchAndDevelopmentExpenses": 2242000,
    "generalAndAdministrativeExpenses": 13334000,
    "sellingAndMarketingExpenses": 0,
    "sellingGeneralAndAdministrativeExpenses": 13334000,
    "otherExpenses": 4822000,
    "operatingExpenses": 20398000,
    "costAndExpenses": 57306000,
    "interestIncome": 0,
    "interestExpense": 0,
    "depreciationAndAmortization": 4822000,
    "ebitda": 22577000,
    "ebitdaratio": 0.3007820306,
    "operatingIncome": 17755000,
    "operatingIncomeRatio": 0.2365409467,
    "totalOtherIncomeExpensesNet": -513000,
    "incomeBeforeTax": 17242000,
    "incomeBeforeTaxRatio": 0.2297065054,
    "incomeTaxExpense": 5812000,
    "netIncome": 11430000,
    "netIncomeRatio": 0.1522761487,
    "eps": 0.14,
    "epsdiluted": 0.14,
    "weightedAverageShsOut": 84310000,
    "weightedAverageShsOutDil": 84310000,
    "link": "https://www.sec.gov/Archives/edgar/data/779152/000077915200000020/0000779152-00-000020-index.htm",
    "finalLink": "https://www.sec.gov/Archives/edgar/data/779152/000077915200000020/0000779152-00-000020-0001.txt"
  },
  {
    "date": "2000-03-31",
    "symbol": "JKHY",
    "reportedCurrency": "USD",
    "cik": "0000779152",
    "fillingDate": "2000-05-05",
    "acceptedDate": "2000-05-05 00:00:00",
    "calendarYear": "2000",
    "period": "Q3",
    "revenue": 56406000,
    "costOfRevenue": 25721000,
    "grossProfit": 30685000,
    "grossProfitRatio": 0.5440024111,
    "researchAndDevelopmentExpenses": 2242000,
    "generalAndAdministrativeExpenses": 9234000,
    "sellingAndMarketingExpenses": 0,
    "sellingGeneralAndAdministrativeExpenses": 9234000,
    "otherExpenses": 3725000,
    "operatingExpenses": 15201000,
    "costAndExpenses": 40922000,
    "interestIncome": 0,
    "interestExpense": 0,
    "depreciationAndAmortization": 3751000,
    "ebitda": 19290000,
    "ebitdaratio": 0.3419848952,
    "operatingIncome": 15484000,
    "operatingIncomeRatio": 0.2745098039,
    "totalOtherIncomeExpensesNet": -165000,
    "incomeBeforeTax": 15335000,
    "incomeBeforeTaxRatio": 0.271868241,
    "incomeTaxExpense": 5214000,
    "netIncome": 10121000,
    "netIncomeRatio": 0.1794312662,
    "eps": 0.12,
    "epsdiluted": 0.12,
    "weightedAverageShsOut": 81900000,
    "weightedAverageShsOutDil": 85699000,
    "link": "https://www.sec.gov/Archives/edgar/data/779152/000077915200000002/0000779152-00-000002-index.html",
    "finalLink": "https://www.sec.gov/Archives/edgar/data/779152/000077915200000002/"
  },
  {
    "date": "1999-12-31",
    "symbol": "JKHY",
    "reportedCurrency": "USD",
    "cik": "0000779152",
    "fillingDate": "2000-02-11",
    "acceptedDate": "2000-02-11 00:00:00",
    "calendarYear": "2000",
    "period": "Q2",
    "revenue": 51500000,
    "costOfRevenue": 29900000,
    "grossProfit": 21600000,
    "grossProfitRatio": 0.4194174757,
    "researchAndDevelopmentExpenses": 1900000,
    "generalAndAdministrativeExpenses": 9500000,
    "sellingAndMarketingExpenses": 0,
    "sellingGeneralAndAdministrativeExpenses": 9500000,
    "otherExpenses": 3900000,
    "operatingExpenses": 15300000,
    "costAndExpenses": 45200000,
    "interestIncome": 0,
    "interestExpense": 0,
    "depreciationAndAmortization": 3900000,
    "ebitda": 10389000,
    "ebitdaratio": 0.2017281553,
    "operatingIncome": 6300000,
    "operatingIncomeRatio": 0.1223300971,
    "totalOtherIncomeExpensesNet": -40000,
    "incomeBeforeTax": 6100000,
    "incomeBeforeTaxRatio": 0.1184466019,
    "incomeTaxExpense": 2100000,
    "netIncome": 4000000,
    "netIncomeRatio": 0.0776699029,
    "eps": 0.05,
    "epsdiluted": 0.05,
    "weightedAverageShsOut": 84020000,
    "weightedAverageShsOutDil": 84020000,
    "link": "https://www.sec.gov/Archives/edgar/data/779152/000077915200000001/0000779152-00-000001-index.html",
    "finalLink": "https://www.sec.gov/Archives/edgar/data/779152/000077915200000001/"
  },
  {
    "date": "1999-09-30",
    "symbol": "JKHY",
    "reportedCurrency": "USD",
    "cik": "0000779152",
    "fillingDate": "1999-11-15",
    "acceptedDate": "1999-11-15 00:00:00",
    "calendarYear": "2000",
    "period": "Q1",
    "revenue": 42400000,
    "costOfRevenue": 19200000,
    "grossProfit": 23200000,
    "grossProfitRatio": 0.5471698113,
    "researchAndDevelopmentExpenses": 1700000,
    "generalAndAdministrativeExpenses": 7000000,
    "sellingAndMarketingExpenses": 0,
    "sellingGeneralAndAdministrativeExpenses": 7000000,
    "otherExpenses": 3000000,
    "operatingExpenses": 11700000,
    "costAndExpenses": 30900000,
    "interestIncome": 0,
    "interestExpense": 0,
    "depreciationAndAmortization": 3000000,
    "ebitda": 14159000,
    "ebitdaratio": 0.3339386792,
    "operatingIncome": 11500000,
    "operatingIncomeRatio": 0.2712264151,
    "totalOtherIncomeExpensesNet": 1234000,
    "incomeBeforeTax": 13100000,
    "incomeBeforeTaxRatio": 0.3089622642,
    "incomeTaxExpense": 4300000,
    "netIncome": 8500000,
    "netIncomeRatio": 0.2004716981,
    "eps": 0.09,
    "epsdiluted": 0.09,
    "weightedAverageShsOut": 81312000,
    "weightedAverageShsOutDil": 84032000,
    "link": "https://www.sec.gov/Archives/edgar/data/779152/000077915299000011/0000779152-99-000011-index.html",
    "finalLink": "https://www.sec.gov/Archives/edgar/data/779152/000077915299000011/"
  },
  {
    "date": "1999-06-30",
    "symbol": "JKHY",
    "reportedCurrency": "USD",
    "cik": "0000779152",
    "fillingDate": "1999-09-24",
    "acceptedDate": "1999-09-24 00:00:00",
    "calendarYear": "1999",
    "period": "Q4",
    "revenue": 44900000,
    "costOfRevenue": 23000000,
    "grossProfit": 21900000,
    "grossProfitRatio": 0.4877505568,
    "researchAndDevelopmentExpenses": 500000,
    "generalAndAdministrativeExpenses": 7200000,
    "sellingAndMarketingExpenses": 0,
    "sellingGeneralAndAdministrativeExpenses": 7200000,
    "otherExpenses": 1700000,
    "operatingExpenses": 9400000,
    "costAndExpenses": 32400000,
    "interestIncome": 0,
    "interestExpense": 0,
    "depreciationAndAmortization": 1700000,
    "ebitda": 14200000,
    "ebitdaratio": 0.3162583519,
    "operatingIncome": 12500000,
    "operatingIncomeRatio": 0.2783964365,
    "totalOtherIncomeExpensesNet": 200000,
    "incomeBeforeTax": 12700000,
    "incomeBeforeTaxRatio": 0.2828507795,
    "incomeTaxExpense": 4400000,
    "netIncome": 8300000,
    "netIncomeRatio": 0.1848552339,
    "eps": 0.0976,
    "epsdiluted": 0.0976,
    "weightedAverageShsOut": 83704000,
    "weightedAverageShsOutDil": 85000000,
    "link": "https://www.sec.gov/Archives/edgar/data/779152/000077915299000007/0000779152-99-000007-index.html",
    "finalLink": "https://www.sec.gov/Archives/edgar/data/779152/000077915299000007/"
  },
  {
    "date": "1999-03-31",
    "symbol": "JKHY",
    "reportedCurrency": "USD",
    "cik": "0000779152",
    "fillingDate": "1999-05-14",
    "acceptedDate": "1999-05-14 00:00:00",
    "calendarYear": "1999",
    "period": "Q3",
    "revenue": 43500000,
    "costOfRevenue": 23100000,
    "grossProfit": 20400000,
    "grossProfitRatio": 0.4689655172,
    "researchAndDevelopmentExpenses": 1600000,
    "generalAndAdministrativeExpenses": 6700000,
    "sellingAndMarketingExpenses": 0,
    "sellingGeneralAndAdministrativeExpenses": 6700000,
    "otherExpenses": 0,
    "operatingExpenses": 8300000,
    "costAndExpenses": 31400000,
    "interestIncome": 0,
    "interestExpense": 0,
    "depreciationAndAmortization": -600000,
    "ebitda": 11500000,
    "ebitdaratio": 0.2643678161,
    "operatingIncome": 12100000,
    "operatingIncomeRatio": 0.2781609195,
    "totalOtherIncomeExpensesNet": 646000,
    "incomeBeforeTax": 12800000,
    "incomeBeforeTaxRatio": 0.2942528736,
    "incomeTaxExpense": 4500000,
    "netIncome": 7800000,
    "netIncomeRatio": 0.1793103448,
    "eps": 0.1,
    "epsdiluted": 0.09,
    "weightedAverageShsOut": 80022000,
    "weightedAverageShsOutDil": 84756000,
    "link": "https://www.sec.gov/Archives/edgar/data/779152/000077915299000004/0000779152-99-000004-index.html",
    "finalLink": "https://www.sec.gov/Archives/edgar/data/779152/"
  },
  {
    "date": "1998-12-31",
    "symbol": "JKHY",
    "reportedCurrency": "USD",
    "cik": "0000779152",
    "fillingDate": "1999-02-12",
    "acceptedDate": "1999-02-12 00:00:00",
    "calendarYear": "1999",
    "period": "Q2",
    "revenue": 47300000,
    "costOfRevenue": 25400000,
    "grossProfit": 21900000,
    "grossProfitRatio": 0.4630021142,
    "researchAndDevelopmentExpenses": 1500000,
    "generalAndAdministrativeExpenses": 9400000,
    "sellingAndMarketingExpenses": 0,
    "sellingGeneralAndAdministrativeExpenses": 9400000,
    "otherExpenses": 0,
    "operatingExpenses": 10900000,
    "costAndExpenses": 36300000,
    "interestIncome": 0,
    "interestExpense": 0,
    "depreciationAndAmortization": -700000,
    "ebitda": 10300000,
    "ebitdaratio": 0.2177589852,
    "operatingIncome": 11000000,
    "operatingIncomeRatio": 0.2325581395,
    "totalOtherIncomeExpensesNet": 600000,
    "incomeBeforeTax": 11600000,
    "incomeBeforeTaxRatio": 0.245243129,
    "incomeTaxExpense": 4500000,
    "netIncome": 6900000,
    "netIncomeRatio": 0.1458773784,
    "eps": 0.08,
    "epsdiluted": 0.08,
    "weightedAverageShsOut": 86250000,
    "weightedAverageShsOutDil": 86250000,
    "link": "https://www.sec.gov/Archives/edgar/data/779152/000077915299000003/0000779152-99-000003-index.html",
    "finalLink": "https://www.sec.gov/Archives/edgar/data/779152/"
  },
  {
    "date": "1998-09-30",
    "symbol": "JKHY",
    "reportedCurrency": "USD",
    "cik": "0000779152",
    "fillingDate": "1998-11-12",
    "acceptedDate": "1998-11-12 00:00:00",
    "calendarYear": "1999",
    "period": "Q1",
    "revenue": 40700000,
    "costOfRevenue": 20900000,
    "grossProfit": 19800000,
    "grossProfitRatio": 0.4864864865,
    "researchAndDevelopmentExpenses": 1000000,
    "generalAndAdministrativeExpenses": 5900000,
    "sellingAndMarketingExpenses": 0,
    "sellingGeneralAndAdministrativeExpenses": 5900000,
    "otherExpenses": 0,
    "operatingExpenses": 6900000,
    "costAndExpenses": 27800000,
    "interestIncome": 0,
    "interestExpense": 0,
    "depreciationAndAmortization": -500000,
    "ebitda": 12400000,
    "ebitdaratio": 0.3046683047,
    "operatingIncome": 12900000,
    "operatingIncomeRatio": 0.316953317,
    "totalOtherIncomeExpensesNet": 500000,
    "incomeBeforeTax": 13400000,
    "incomeBeforeTaxRatio": 0.3292383292,
    "incomeTaxExpense": 5100000,
    "netIncome": 8300000,
    "netIncomeRatio": 0.2039312039,
    "eps": 0.11,
    "epsdiluted": 0.11,
    "weightedAverageShsOut": 80000000,
    "weightedAverageShsOutDil": 80000000,
    "link": "https://www.sec.gov/Archives/edgar/data/779152/000077915298000010/0000779152-98-000010-index.html",
    "finalLink": "https://www.sec.gov/Archives/edgar/data/779152/"
  },
  {
    "date": "1998-06-30",
    "symbol": "JKHY",
    "reportedCurrency": "USD",
    "cik": "0000779152",
    "fillingDate": "1998-09-25",
    "acceptedDate": "1998-09-25 00:00:00",
    "calendarYear": "1998",
    "period": "Q4",
    "revenue": 38700000,
    "costOfRevenue": 15200000,
    "grossProfit": 23500000,
    "grossProfitRatio": 0.6072351421,
    "researchAndDevelopmentExpenses": 800000,
    "generalAndAdministrativeExpenses": 6300000,
    "sellingAndMarketingExpenses": 0,
    "sellingGeneralAndAdministrativeExpenses": 6300000,
    "otherExpenses": 5100000,
    "operatingExpenses": 12200000,
    "costAndExpenses": 27400000,
    "interestIncome": 0,
    "interestExpense": 0,
    "depreciationAndAmortization": -400000,
    "ebitda": 10900000,
    "ebitdaratio": 0.2816537468,
    "operatingIncome": 11300000,
    "operatingIncomeRatio": 0.2919896641,
    "totalOtherIncomeExpensesNet": 300000,
    "incomeBeforeTax": 11600000,
    "incomeBeforeTaxRatio": 0.2997416021,
    "incomeTaxExpense": 4300000,
    "netIncome": 7000000,
    "netIncomeRatio": 0.180878553,
    "eps": 0.0928,
    "epsdiluted": 0.0928,
    "weightedAverageShsOut": 75454545,
    "weightedAverageShsOutDil": 75454545,
    "link": "https://www.sec.gov/Archives/edgar/data/779152/000077915298000007/0000779152-98-000007-index.html",
    "finalLink": "https://www.sec.gov/Archives/edgar/data/779152/"
  },
  {
    "date": "1998-03-31",
    "symbol": "JKHY",
    "reportedCurrency": "USD",
    "cik": "0000779152",
    "fillingDate": "1998-05-14",
    "acceptedDate": "1998-05-14 00:00:00",
    "calendarYear": "1998",
    "period": "Q3",
    "revenue": 27200000,
    "costOfRevenue": 12700000,
    "grossProfit": 14500000,
    "grossProfitRatio": 0.5330882353,
    "researchAndDevelopmentExpenses": 800000,
    "generalAndAdministrativeExpenses": 5500000,
    "sellingAndMarketingExpenses": 0,
    "sellingGeneralAndAdministrativeExpenses": 5500000,
    "otherExpenses": 0,
    "operatingExpenses": 6300000,
    "costAndExpenses": 19000000,
    "interestIncome": 0,
    "interestExpense": 0,
    "depreciationAndAmortization": -400000,
    "ebitda": 8900000,
    "ebitdaratio": 0.3272058824,
    "operatingIncome": 8200000,
    "operatingIncomeRatio": 0.3014705882,
    "totalOtherIncomeExpensesNet": -300000,
    "incomeBeforeTax": 8600000,
    "incomeBeforeTaxRatio": 0.3161764706,
    "incomeTaxExpense": 3200000,
    "netIncome": 5200000,
    "netIncomeRatio": 0.1911764706,
    "eps": 0.07,
    "epsdiluted": 0.06,
    "weightedAverageShsOut": 80000000,
    "weightedAverageShsOutDil": 93333333,
    "link": "https://www.sec.gov/Archives/edgar/data/779152/000077915298000003/0000779152-98-000003-index.html",
    "finalLink": "https://www.sec.gov/Archives/edgar/data/779152/"
  },
  {
    "date": "1997-12-31",
    "symbol": "JKHY",
    "reportedCurrency": "USD",
    "cik": "0000779152",
    "fillingDate": "1998-02-12",
    "acceptedDate": "1998-02-12 00:00:00",
    "calendarYear": "1998",
    "period": "Q2",
    "revenue": 27400000,
    "costOfRevenue": 13700000,
    "grossProfit": 13700000,
    "grossProfitRatio": 0.5,
    "researchAndDevelopmentExpenses": 800000,
    "generalAndAdministrativeExpenses": 5100000,
    "sellingAndMarketingExpenses": 0,
    "sellingGeneralAndAdministrativeExpenses": 5100000,
    "otherExpenses": 0,
    "operatingExpenses": 5900000,
    "costAndExpenses": 19600000,
    "interestIncome": 0,
    "interestExpense": 0,
    "depreciationAndAmortization": -400000,
    "ebitda": 8300000,
    "ebitdaratio": 0.302919708,
    "operatingIncome": 7800000,
    "operatingIncomeRatio": 0.2846715328,
    "totalOtherIncomeExpensesNet": -100000,
    "incomeBeforeTax": 8200000,
    "incomeBeforeTaxRatio": 0.299270073,
    "incomeTaxExpense": 3100000,
    "netIncome": 5200000,
    "netIncomeRatio": 0.1897810219,
    "eps": 0.07,
    "epsdiluted": 0.07,
    "weightedAverageShsOut": 80000000,
    "weightedAverageShsOutDil": 80000000,
    "link": "https://www.sec.gov/Archives/edgar/data/779152/000077915298000001/0000779152-98-000001-index.html",
    "finalLink": "https://www.sec.gov/Archives/edgar/data/779152/"
  },
  {
    "date": "1997-09-30",
    "symbol": "JKHY",
    "reportedCurrency": "USD",
    "cik": "0000779152",
    "fillingDate": "1997-11-14",
    "acceptedDate": "1997-11-14 00:00:00",
    "calendarYear": "1998",
    "period": "Q1",
    "revenue": 20100000,
    "costOfRevenue": 8800000,
    "grossProfit": 11300000,
    "grossProfitRatio": 0.5621890547,
    "researchAndDevelopmentExpenses": 700000,
    "generalAndAdministrativeExpenses": 4000000,
    "sellingAndMarketingExpenses": 0,
    "sellingGeneralAndAdministrativeExpenses": 4000000,
    "otherExpenses": 0,
    "operatingExpenses": 4700000,
    "costAndExpenses": 13500000,
    "interestIncome": 0,
    "interestExpense": 0,
    "depreciationAndAmortization": -400000,
    "ebitda": 6200000,
    "ebitdaratio": 0.3084577114,
    "operatingIncome": 6600000,
    "operatingIncomeRatio": 0.328358209,
    "totalOtherIncomeExpensesNet": 400000,
    "incomeBeforeTax": 7000000,
    "incomeBeforeTaxRatio": 0.3482587065,
    "incomeTaxExpense": 2600000,
    "netIncome": 4100000,
    "netIncomeRatio": 0.2039800995,
    "eps": 0.05,
    "epsdiluted": 0.05,
    "weightedAverageShsOut": 82000000,
    "weightedAverageShsOutDil": 82000000,
    "link": "https://www.sec.gov/Archives/edgar/data/779152/000077915297000017/0000779152-97-000017-index.html",
    "finalLink": "https://www.sec.gov/Archives/edgar/data/779152/"
  },
  {
    "date": "1997-06-30",
    "symbol": "JKHY",
    "reportedCurrency": "USD",
    "cik": "0000779152",
    "fillingDate": "1997-09-26",
    "acceptedDate": "1997-09-26 00:00:00",
    "calendarYear": "1997",
    "period": "Q4",
    "revenue": 20800000,
    "costOfRevenue": 5400000,
    "grossProfit": 15400000,
    "grossProfitRatio": 0.7403846154,
    "researchAndDevelopmentExpenses": 500000,
    "generalAndAdministrativeExpenses": 4200000,
    "sellingAndMarketingExpenses": 0,
    "sellingGeneralAndAdministrativeExpenses": 4200000,
    "otherExpenses": 4100000,
    "operatingExpenses": 8800000,
    "costAndExpenses": 14200000,
    "interestIncome": 0,
    "interestExpense": 0,
    "depreciationAndAmortization": -100000,
    "ebitda": 6500000,
    "ebitdaratio": 0.3125,
    "operatingIncome": 6600000,
    "operatingIncomeRatio": 0.3173076923,
    "totalOtherIncomeExpensesNet": 200000,
    "incomeBeforeTax": 6800000,
    "incomeBeforeTaxRatio": 0.3269230769,
    "incomeTaxExpense": 2300000,
    "netIncome": 4200000,
    "netIncomeRatio": 0.2019230769,
    "eps": 0.0512,
    "epsdiluted": 0.0512,
    "weightedAverageShsOut": 82000000,
    "weightedAverageShsOutDil": 82000000,
    "link": "https://www.sec.gov/Archives/edgar/data/779152/000077915297000012/0000779152-97-000012-index.html",
    "finalLink": "https://www.sec.gov/Archives/edgar/data/779152/"
  },
  {
    "date": "1997-03-31",
    "symbol": "JKHY",
    "reportedCurrency": "USD",
    "cik": "0000779152",
    "fillingDate": "1997-05-15",
    "acceptedDate": "1997-05-15 00:00:00",
    "calendarYear": "1997",
    "period": "Q3",
    "revenue": 22100000,
    "costOfRevenue": 11700000,
    "grossProfit": 10400000,
    "grossProfitRatio": 0.4705882353,
    "researchAndDevelopmentExpenses": 500000,
    "generalAndAdministrativeExpenses": 3900000,
    "sellingAndMarketingExpenses": 0,
    "sellingGeneralAndAdministrativeExpenses": 3900000,
    "otherExpenses": 0,
    "operatingExpenses": 4400000,
    "costAndExpenses": 16100000,
    "interestIncome": 0,
    "interestExpense": 0,
    "depreciationAndAmortization": -200000,
    "ebitda": 5800000,
    "ebitdaratio": 0.2624434389,
    "operatingIncome": 6000000,
    "operatingIncomeRatio": 0.2714932127,
    "totalOtherIncomeExpensesNet": 0,
    "incomeBeforeTax": 6000000,
    "incomeBeforeTaxRatio": 0.2714932127,
    "incomeTaxExpense": 2300000,
    "netIncome": 3600000,
    "netIncomeRatio": 0.1628959276,
    "eps": 0.05,
    "epsdiluted": 0.05,
    "weightedAverageShsOut": 72000000,
    "weightedAverageShsOutDil": 72000000,
    "link": "https://www.sec.gov/Archives/edgar/data/779152/000077915297000008/0000779152-97-000008-index.html",
    "finalLink": "https://www.sec.gov/Archives/edgar/data/779152/"
  },
  {
    "date": "1996-12-31",
    "symbol": "JKHY",
    "reportedCurrency": "USD",
    "cik": "0000779152",
    "fillingDate": "1997-02-14",
    "acceptedDate": "1997-02-14 00:00:00",
    "calendarYear": "1997",
    "period": "Q2",
    "revenue": 21300000,
    "costOfRevenue": 11200000,
    "grossProfit": 10100000,
    "grossProfitRatio": 0.4741784038,
    "researchAndDevelopmentExpenses": 700000,
    "generalAndAdministrativeExpenses": 3600000,
    "sellingAndMarketingExpenses": 0,
    "sellingGeneralAndAdministrativeExpenses": 3600000,
    "otherExpenses": 0,
    "operatingExpenses": 4300000,
    "costAndExpenses": 15500000,
    "interestIncome": 0,
    "interestExpense": 0,
    "depreciationAndAmortization": -300000,
    "ebitda": 5500000,
    "ebitdaratio": 0.2582159624,
    "operatingIncome": 5800000,
    "operatingIncomeRatio": 0.2723004695,
    "totalOtherIncomeExpensesNet": 300000,
    "incomeBeforeTax": 6100000,
    "incomeBeforeTaxRatio": 0.2863849765,
    "incomeTaxExpense": 2300000,
    "netIncome": 3600000,
    "netIncomeRatio": 0.1690140845,
    "eps": 0.04,
    "epsdiluted": 0.04,
    "weightedAverageShsOut": 90000000,
    "weightedAverageShsOutDil": 90000000,
    "link": "https://www.sec.gov/Archives/edgar/data/779152/000077915297000001/0000779152-97-000001-index.html",
    "finalLink": "https://www.sec.gov/Archives/edgar/data/779152/"
  },
  {
    "date": "1996-09-30",
    "symbol": "JKHY",
    "reportedCurrency": "USD",
    "cik": "0000779152",
    "fillingDate": "1996-11-14",
    "acceptedDate": "1996-11-14 00:00:00",
    "calendarYear": "1997",
    "period": "Q1",
    "revenue": 18400000,
    "costOfRevenue": 8300000,
    "grossProfit": 10100000,
    "grossProfitRatio": 0.5489130435,
    "researchAndDevelopmentExpenses": 500000,
    "generalAndAdministrativeExpenses": 3600000,
    "sellingAndMarketingExpenses": 0,
    "sellingGeneralAndAdministrativeExpenses": 3600000,
    "otherExpenses": 0,
    "operatingExpenses": 4100000,
    "costAndExpenses": 12400000,
    "interestIncome": 0,
    "interestExpense": 0,
    "depreciationAndAmortization": -300000,
    "ebitda": 5700000,
    "ebitdaratio": 0.3097826087,
    "operatingIncome": 6000000,
    "operatingIncomeRatio": 0.3260869565,
    "totalOtherIncomeExpensesNet": 100000,
    "incomeBeforeTax": 6100000,
    "incomeBeforeTaxRatio": 0.3315217391,
    "incomeTaxExpense": 2300000,
    "netIncome": 3800000,
    "netIncomeRatio": 0.2065217391,
    "eps": 0.05,
    "epsdiluted": 0.05,
    "weightedAverageShsOut": 76000000,
    "weightedAverageShsOutDil": 76000000,
    "link": "https://www.sec.gov/Archives/edgar/data/779152/000077915296000011/0000779152-96-000011-index.html",
    "finalLink": "https://www.sec.gov/Archives/edgar/data/779152/"
  },
  {
    "date": "1996-06-30",
    "symbol": "JKHY",
    "reportedCurrency": "USD",
    "cik": "0000779152",
    "fillingDate": "1996-09-26",
    "acceptedDate": "1996-09-26 00:00:00",
    "calendarYear": "1996",
    "period": "Q4",
    "revenue": 18400000,
    "costOfRevenue": 5100000,
    "grossProfit": 13300000,
    "grossProfitRatio": 0.722826087,
    "researchAndDevelopmentExpenses": 400000,
    "generalAndAdministrativeExpenses": 3500000,
    "sellingAndMarketingExpenses": 0,
    "sellingGeneralAndAdministrativeExpenses": 3500000,
    "otherExpenses": 3600000,
    "operatingExpenses": 7500000,
    "costAndExpenses": 12600000,
    "interestIncome": 0,
    "interestExpense": 0,
    "depreciationAndAmortization": -200000,
    "ebitda": 5600000,
    "ebitdaratio": 0.3043478261,
    "operatingIncome": 5800000,
    "operatingIncomeRatio": 0.3152173913,
    "totalOtherIncomeExpensesNet": 200000,
    "incomeBeforeTax": 6000000,
    "incomeBeforeTaxRatio": 0.3260869565,
    "incomeTaxExpense": 2300000,
    "netIncome": 1100000,
    "netIncomeRatio": 0.0597826087,
    "eps": 0.0145,
    "epsdiluted": 0.0145,
    "weightedAverageShsOut": 76000000,
    "weightedAverageShsOutDil": 76000000,
    "link": "https://www.sec.gov/Archives/edgar/data/779152/000077915296000009/0000779152-96-000009-index.html",
    "finalLink": "https://www.sec.gov/Archives/edgar/data/779152/"
  },
  {
    "date": "1996-03-31",
    "symbol": "JKHY",
    "reportedCurrency": "USD",
    "cik": "0000779152",
    "fillingDate": "1996-05-15",
    "acceptedDate": "1996-05-15 00:00:00",
    "calendarYear": "1996",
    "period": "Q3",
    "revenue": 16600000,
    "costOfRevenue": 8700000,
    "grossProfit": 7900000,
    "grossProfitRatio": 0.4759036145,
    "researchAndDevelopmentExpenses": 400000,
    "generalAndAdministrativeExpenses": 3100000,
    "sellingAndMarketingExpenses": 0,
    "sellingGeneralAndAdministrativeExpenses": 3100000,
    "otherExpenses": 0,
    "operatingExpenses": 3500000,
    "costAndExpenses": 12200000,
    "interestIncome": 0,
    "interestExpense": 0,
    "depreciationAndAmortization": -200000,
    "ebitda": 4200000,
    "ebitdaratio": 0.2530120482,
    "operatingIncome": 4400000,
    "operatingIncomeRatio": 0.265060241,
    "totalOtherIncomeExpensesNet": 100000,
    "incomeBeforeTax": 4500000,
    "incomeBeforeTaxRatio": 0.2710843373,
    "incomeTaxExpense": 1700000,
    "netIncome": 2800000,
    "netIncomeRatio": 0.1686746988,
    "eps": 0.04,
    "epsdiluted": 0.04,
    "weightedAverageShsOut": 70000000,
    "weightedAverageShsOutDil": 70000000,
    "link": "https://www.sec.gov/Archives/edgar/data/779152/000077915296000006/0000779152-96-000006-index.html",
    "finalLink": "https://www.sec.gov/Archives/edgar/data/779152/"
  },
  {
    "date": "1995-12-31",
    "symbol": "JKHY",
    "reportedCurrency": "USD",
    "cik": "0000779152",
    "fillingDate": "1996-02-14",
    "acceptedDate": "1996-02-14 00:00:00",
    "calendarYear": "1996",
    "period": "Q2",
    "revenue": 16500000,
    "costOfRevenue": 8300000,
    "grossProfit": 8200000,
    "grossProfitRatio": 0.496969697,
    "researchAndDevelopmentExpenses": 500000,
    "generalAndAdministrativeExpenses": 3300000,
    "sellingAndMarketingExpenses": 0,
    "sellingGeneralAndAdministrativeExpenses": 3300000,
    "otherExpenses": 0,
    "operatingExpenses": 3800000,
    "costAndExpenses": 12100000,
    "interestIncome": 0,
    "interestExpense": 0,
    "depreciationAndAmortization": -100000,
    "ebitda": 4300000,
    "ebitdaratio": 0.2606060606,
    "operatingIncome": 4400000,
    "operatingIncomeRatio": 0.2666666667,
    "totalOtherIncomeExpensesNet": 100000,
    "incomeBeforeTax": 4500000,
    "incomeBeforeTaxRatio": 0.2727272727,
    "incomeTaxExpense": 1700000,
    "netIncome": 2800000,
    "netIncomeRatio": 0.1696969697,
    "eps": 0.04,
    "epsdiluted": 0.04,
    "weightedAverageShsOut": 70000000,
    "weightedAverageShsOutDil": 70000000,
    "link": "https://www.sec.gov/Archives/edgar/data/779152/000077915296000003/0000779152-96-000003-index.html",
    "finalLink": "https://www.sec.gov/Archives/edgar/data/779152/"
  },
  {
    "date": "1995-09-30",
    "symbol": "JKHY",
    "reportedCurrency": "USD",
    "cik": "0000779152",
    "fillingDate": "1995-11-14",
    "acceptedDate": "1995-11-14 00:00:00",
    "calendarYear": "1996",
    "period": "Q1",
    "revenue": 16200000,
    "costOfRevenue": 7900000,
    "grossProfit": 8300000,
    "grossProfitRatio": 0.512345679,
    "researchAndDevelopmentExpenses": 500000,
    "generalAndAdministrativeExpenses": 3000000,
    "sellingAndMarketingExpenses": 0,
    "sellingGeneralAndAdministrativeExpenses": 3000000,
    "otherExpenses": 0,
    "operatingExpenses": 3500000,
    "costAndExpenses": 11400000,
    "interestIncome": 0,
    "interestExpense": 0,
    "depreciationAndAmortization": -200000,
    "ebitda": 4600000,
    "ebitdaratio": 0.2839506173,
    "operatingIncome": 4800000,
    "operatingIncomeRatio": 0.2962962963,
    "totalOtherIncomeExpensesNet": 200000,
    "incomeBeforeTax": 5000000,
    "incomeBeforeTaxRatio": 0.3086419753,
    "incomeTaxExpense": 1900000,
    "netIncome": 3100000,
    "netIncomeRatio": 0.1913580247,
    "eps": 0.05,
    "epsdiluted": 0.05,
    "weightedAverageShsOut": 62000000,
    "weightedAverageShsOutDil": 62000000,
    "link": "https://www.sec.gov/Archives/edgar/data/779152/000077915295000013/0000779152-95-000013-index.html",
    "finalLink": "https://www.sec.gov/Archives/edgar/data/779152/"
  }
]