[
  {
    "date": "2025-06-29",
    "symbol": "JNJ",
    "reportedCurrency": "USD",
    "cik": "0000200406",
    "fillingDate": "2025-07-24",
    "acceptedDate": "2025-07-24 16:04:24",
    "calendarYear": "2025",
    "period": "Q2",
    "revenue": 23743000000,
    "costOfRevenue": 7628000000,
    "grossProfit": 16115000000,
    "grossProfitRatio": 0.6787263615,
    "researchAndDevelopmentExpenses": 3516000000,
    "generalAndAdministrativeExpenses": 5789000000,
    "sellingAndMarketingExpenses": 0,
    "sellingGeneralAndAdministrativeExpenses": 5789000000,
    "otherExpenses": 0,
    "operatingExpenses": 9305000000,
    "costAndExpenses": 16933000000,
    "interestIncome": 260000000,
    "interestExpense": 308000000,
    "depreciationAndAmortization": 1943000000,
    "ebitda": 8742000000,
    "ebitdaratio": 0.3681927305,
    "operatingIncome": 6810000000,
    "operatingIncomeRatio": 0.2868213789,
    "totalOtherIncomeExpensesNet": -319000000,
    "incomeBeforeTax": 6491000000,
    "incomeBeforeTaxRatio": 0.27338584,
    "incomeTaxExpense": 954000000,
    "netIncome": 5537000000,
    "netIncomeRatio": 0.2332055764,
    "eps": 2.29,
    "epsdiluted": 2.29,
    "weightedAverageShsOut": 2419100000,
    "weightedAverageShsOutDil": 2419100000,
    "link": "https://www.sec.gov/Archives/edgar/data/200406/000020040625000178/0000200406-25-000178-index.htm",
    "finalLink": "https://www.sec.gov/Archives/edgar/data/200406/000020040625000178/jnj-20250629.htm"
  },
  {
    "date": "2025-03-30",
    "symbol": "JNJ",
    "reportedCurrency": "USD",
    "cik": "0000200406",
    "fillingDate": "2025-04-23",
    "acceptedDate": "2025-04-23 16:04:45",
    "calendarYear": "2025",
    "period": "Q1",
    "revenue": 21893000000,
    "costOfRevenue": 7357000000,
    "grossProfit": 14536000000,
    "grossProfitRatio": 0.6639565158,
    "researchAndDevelopmentExpenses": 3225000000,
    "generalAndAdministrativeExpenses": 5012000000,
    "sellingAndMarketingExpenses": 0,
    "sellingGeneralAndAdministrativeExpenses": 5012000000,
    "otherExpenses": 0,
    "operatingExpenses": 8237000000,
    "costAndExpenses": 15594000000,
    "interestIncome": 332000000,
    "interestExpense": 204000000,
    "depreciationAndAmortization": 1772000000,
    "ebitda": 15607000000,
    "ebitdaratio": 0.7128762618,
    "operatingIncome": 6299000000,
    "operatingIncomeRatio": 0.2877175353,
    "totalOtherIncomeExpensesNet": 7332000000,
    "incomeBeforeTax": 13631000000,
    "incomeBeforeTaxRatio": 0.622619102,
    "incomeTaxExpense": 2632000000,
    "netIncome": 10999000000,
    "netIncomeRatio": 0.5023980268,
    "eps": 4.57,
    "epsdiluted": 4.54,
    "weightedAverageShsOut": 2405625000,
    "weightedAverageShsOutDil": 2423800000,
    "link": "https://www.sec.gov/Archives/edgar/data/200406/000020040625000119/0000200406-25-000119-index.htm",
    "finalLink": "https://www.sec.gov/Archives/edgar/data/200406/000020040625000119/jnj-20250330.htm"
  },
  {
    "date": "2024-12-29",
    "symbol": "JNJ",
    "reportedCurrency": "USD",
    "cik": "0000200406",
    "fillingDate": "2025-02-13",
    "acceptedDate": "2025-02-13 16:07:39",
    "calendarYear": "2024",
    "period": "Q4",
    "revenue": 22520000000,
    "costOfRevenue": 7128000000,
    "grossProfit": 15392000000,
    "grossProfitRatio": 0.6834813499,
    "researchAndDevelopmentExpenses": 5298000000,
    "generalAndAdministrativeExpenses": 6253000000,
    "sellingAndMarketingExpenses": 0,
    "sellingGeneralAndAdministrativeExpenses": 6253000000,
    "otherExpenses": 0,
    "operatingExpenses": 11551000000,
    "costAndExpenses": 18679000000,
    "interestIncome": 281000000,
    "interestExpense": 137000000,
    "depreciationAndAmortization": 1896000000,
    "ebitda": 5920000000,
    "ebitdaratio": 0.2628774423,
    "operatingIncome": 3841000000,
    "operatingIncomeRatio": 0.1705595027,
    "totalOtherIncomeExpensesNet": 46000000,
    "incomeBeforeTax": 3887000000,
    "incomeBeforeTaxRatio": 0.1726021314,
    "incomeTaxExpense": 456000000,
    "netIncome": 3431000000,
    "netIncomeRatio": 0.1523534636,
    "eps": 1.43,
    "epsdiluted": 1.41,
    "weightedAverageShsOut": 2406922000,
    "weightedAverageShsOutDil": 2427100000,
    "link": "https://www.sec.gov/Archives/edgar/data/200406/000020040625000038/0000200406-25-000038-index.htm",
    "finalLink": "https://www.sec.gov/Archives/edgar/data/200406/000020040625000038/jnj-20241229.htm"
  },
  {
    "date": "2024-09-29",
    "symbol": "JNJ",
    "reportedCurrency": "USD",
    "cik": "0000200406",
    "fillingDate": "2024-10-23",
    "acceptedDate": "2024-10-23 16:02:27",
    "calendarYear": "2024",
    "period": "Q3",
    "revenue": 22471000000,
    "costOfRevenue": 6963000000,
    "grossProfit": 15508000000,
    "grossProfitRatio": 0.6901339504,
    "researchAndDevelopmentExpenses": 4952000000,
    "generalAndAdministrativeExpenses": 5278000000,
    "sellingAndMarketingExpenses": 0,
    "sellingGeneralAndAdministrativeExpenses": 5278000000,
    "otherExpenses": 0,
    "operatingExpenses": 10230000000,
    "costAndExpenses": 17193000000,
    "interestIncome": 292000000,
    "interestExpense": 193000000,
    "depreciationAndAmortization": 1846000000,
    "ebitda": 5377000000,
    "ebitdaratio": 0.2392861911,
    "operatingIncome": 5278000000,
    "operatingIncomeRatio": 0.2348805127,
    "totalOtherIncomeExpensesNet": -1940000000,
    "incomeBeforeTax": 3338000000,
    "incomeBeforeTaxRatio": 0.1485470162,
    "incomeTaxExpense": 644000000,
    "netIncome": 2694000000,
    "netIncomeRatio": 0.1198878555,
    "eps": 1.12,
    "epsdiluted": 1.11,
    "weightedAverageShsOut": 2407298000,
    "weightedAverageShsOutDil": 2427900000,
    "link": "https://www.sec.gov/Archives/edgar/data/200406/000020040624000096/0000200406-24-000096-index.htm",
    "finalLink": "https://www.sec.gov/Archives/edgar/data/200406/000020040624000096/jnj-20240929.htm"
  },
  {
    "date": "2024-06-30",
    "symbol": "JNJ",
    "reportedCurrency": "USD",
    "cik": "0000200406",
    "fillingDate": "2024-07-25",
    "acceptedDate": "2024-07-25 16:02:29",
    "calendarYear": "2024",
    "period": "Q2",
    "revenue": 22447000000,
    "costOfRevenue": 6869000000,
    "grossProfit": 15578000000,
    "grossProfitRatio": 0.6939902882,
    "researchAndDevelopmentExpenses": 3440000000,
    "generalAndAdministrativeExpenses": 5481000000,
    "sellingAndMarketingExpenses": 0,
    "sellingGeneralAndAdministrativeExpenses": 5481000000,
    "otherExpenses": 0,
    "operatingExpenses": 8921000000,
    "costAndExpenses": 15790000000,
    "interestIncome": 395000000,
    "interestExpense": 270000000,
    "depreciationAndAmortization": 1782000000,
    "ebitda": 7800000000,
    "ebitdaratio": 0.3474851873,
    "operatingIncome": 6657000000,
    "operatingIncomeRatio": 0.2965652426,
    "totalOtherIncomeExpensesNet": -909000000,
    "incomeBeforeTax": 5748000000,
    "incomeBeforeTaxRatio": 0.2560698534,
    "incomeTaxExpense": 1062000000,
    "netIncome": 4686000000,
    "netIncomeRatio": 0.2087584087,
    "eps": 1.95,
    "epsdiluted": 1.93,
    "weightedAverageShsOut": 2406800000,
    "weightedAverageShsOutDil": 2422000000,
    "link": "https://www.sec.gov/Archives/edgar/data/200406/000020040624000075/0000200406-24-000075-index.htm",
    "finalLink": "https://www.sec.gov/Archives/edgar/data/200406/000020040624000075/jnj-20240630.htm"
  },
  {
    "date": "2024-03-31",
    "symbol": "JNJ",
    "reportedCurrency": "USD",
    "cik": "0000200406",
    "fillingDate": "2024-05-01",
    "acceptedDate": "2024-05-01 07:09:36",
    "calendarYear": "2024",
    "period": "Q1",
    "revenue": 21383000000,
    "costOfRevenue": 6511000000,
    "grossProfit": 14872000000,
    "grossProfitRatio": 0.6955057756,
    "researchAndDevelopmentExpenses": 3542000000,
    "generalAndAdministrativeExpenses": 5057000000,
    "sellingAndMarketingExpenses": 0,
    "sellingGeneralAndAdministrativeExpenses": 5057000000,
    "otherExpenses": 0,
    "operatingExpenses": 8599000000,
    "costAndExpenses": 15110000000,
    "interestIncome": 364000000,
    "interestExpense": 155000000,
    "depreciationAndAmortization": 1815000000,
    "ebitda": 5684000000,
    "ebitdaratio": 0.265818641,
    "operatingIncome": 6273000000,
    "operatingIncomeRatio": 0.2933638872,
    "totalOtherIncomeExpensesNet": -2559000000,
    "incomeBeforeTax": 3714000000,
    "incomeBeforeTaxRatio": 0.1736893794,
    "incomeTaxExpense": 459000000,
    "netIncome": 3255000000,
    "netIncomeRatio": 0.1522237291,
    "eps": 1.35,
    "epsdiluted": 1.34,
    "weightedAverageShsOut": 2408200000,
    "weightedAverageShsOutDil": 2430100000,
    "link": "https://www.sec.gov/Archives/edgar/data/200406/000020040624000049/0000200406-24-000049-index.htm",
    "finalLink": "https://www.sec.gov/Archives/edgar/data/200406/000020040624000049/jnj-20240331.htm"
  },
  {
    "date": "2023-12-31",
    "symbol": "JNJ",
    "reportedCurrency": "USD",
    "cik": "0000200406",
    "fillingDate": "2024-02-16",
    "acceptedDate": "2024-02-16 16:12:22",
    "calendarYear": "2023",
    "period": "Q4",
    "revenue": 21395000000,
    "costOfRevenue": 6798000000,
    "grossProfit": 14597000000,
    "grossProfitRatio": 0.6822622108,
    "researchAndDevelopmentExpenses": 4480000000,
    "generalAndAdministrativeExpenses": 5510000000,
    "sellingAndMarketingExpenses": 0,
    "sellingGeneralAndAdministrativeExpenses": 5510000000,
    "otherExpenses": 0,
    "operatingExpenses": 9990000000,
    "costAndExpenses": 16788000000,
    "interestIncome": 363000000,
    "interestExpense": 151000000,
    "depreciationAndAmortization": 1843000000,
    "ebitda": 6820000000,
    "ebitdaratio": 0.3187660668,
    "operatingIncome": 4607000000,
    "operatingIncomeRatio": 0.2153306847,
    "totalOtherIncomeExpensesNet": 219000000,
    "incomeBeforeTax": 4826000000,
    "incomeBeforeTaxRatio": 0.2255667212,
    "incomeTaxExpense": 694000000,
    "netIncome": 4049000000,
    "netIncomeRatio": 0.1892498247,
    "eps": 1.68,
    "epsdiluted": 1.67,
    "weightedAverageShsOut": 2407200000,
    "weightedAverageShsOutDil": 2430700000,
    "link": "https://www.sec.gov/Archives/edgar/data/200406/000020040624000013/0000200406-24-000013-index.htm",
    "finalLink": "https://www.sec.gov/Archives/edgar/data/200406/000020040624000013/jnj-20231231.htm"
  },
  {
    "date": "2023-10-01",
    "symbol": "JNJ",
    "reportedCurrency": "USD",
    "cik": "0000200406",
    "fillingDate": "2023-10-27",
    "acceptedDate": "2023-10-27 16:11:34",
    "calendarYear": "2023",
    "period": "Q3",
    "revenue": 21351000000,
    "costOfRevenue": 6606000000,
    "grossProfit": 14745000000,
    "grossProfitRatio": 0.6905999719,
    "researchAndDevelopmentExpenses": 3447000000,
    "generalAndAdministrativeExpenses": 5100000000,
    "sellingAndMarketingExpenses": 0,
    "sellingGeneralAndAdministrativeExpenses": 5100000000,
    "otherExpenses": 0,
    "operatingExpenses": 8547000000,
    "costAndExpenses": 15153000000,
    "interestIncome": 374000000,
    "interestExpense": 192000000,
    "depreciationAndAmortization": 1829000000,
    "ebitda": 7238000000,
    "ebitdaratio": 0.3390005152,
    "operatingIncome": 6198000000,
    "operatingIncomeRatio": 0.2902908529,
    "totalOtherIncomeExpensesNet": -981000000,
    "incomeBeforeTax": 5217000000,
    "incomeBeforeTaxRatio": 0.2443445272,
    "incomeTaxExpense": 908000000,
    "netIncome": 26028000000,
    "netIncomeRatio": 1.2190529718,
    "eps": 10.32,
    "epsdiluted": 10.21,
    "weightedAverageShsOut": 2522900000,
    "weightedAverageShsOutDil": 2549700000,
    "link": "https://www.sec.gov/Archives/edgar/data/200406/000020040623000102/0000200406-23-000102-index.htm",
    "finalLink": "https://www.sec.gov/Archives/edgar/data/200406/000020040623000102/jnj-20231001.htm"
  },
  {
    "date": "2023-07-02",
    "symbol": "JNJ",
    "reportedCurrency": "USD",
    "cik": "0000200406",
    "fillingDate": "2023-07-31",
    "acceptedDate": "2023-07-31 16:06:04",
    "calendarYear": "2023",
    "period": "Q2",
    "revenue": 21519000000,
    "costOfRevenue": 6462000000,
    "grossProfit": 15057000000,
    "grossProfitRatio": 0.6997072355,
    "researchAndDevelopmentExpenses": 3703000000,
    "generalAndAdministrativeExpenses": 4996000000,
    "sellingAndMarketingExpenses": 0,
    "sellingGeneralAndAdministrativeExpenses": 4996000000,
    "otherExpenses": 0,
    "operatingExpenses": 8699000000,
    "costAndExpenses": 15161000000,
    "interestIncome": 326000000,
    "interestExpense": 217000000,
    "depreciationAndAmortization": 1934000000,
    "ebitda": 8457000000,
    "ebitdaratio": 0.3930015335,
    "operatingIncome": 6358000000,
    "operatingIncomeRatio": 0.2954598262,
    "totalOtherIncomeExpensesNet": -52000000,
    "incomeBeforeTax": 6306000000,
    "incomeBeforeTaxRatio": 0.293043357,
    "incomeTaxExpense": 930000000,
    "netIncome": 5144000000,
    "netIncomeRatio": 0.2390445653,
    "eps": 1.98,
    "epsdiluted": 1.96,
    "weightedAverageShsOut": 2598400000,
    "weightedAverageShsOutDil": 2625700000,
    "link": "https://www.sec.gov/Archives/edgar/data/200406/000020040623000082/0000200406-23-000082-index.htm",
    "finalLink": "https://www.sec.gov/Archives/edgar/data/200406/000020040623000082/jnj-20230702.htm"
  },
  {
    "date": "2023-04-02",
    "symbol": "JNJ",
    "reportedCurrency": "USD",
    "cik": "0000200406",
    "fillingDate": "2023-04-28",
    "acceptedDate": "2023-04-28 16:07:02",
    "calendarYear": "2023",
    "period": "Q1",
    "revenue": 20894000000,
    "costOfRevenue": 6687000000,
    "grossProfit": 14207000000,
    "grossProfitRatio": 0.6799559682,
    "researchAndDevelopmentExpenses": 3455000000,
    "generalAndAdministrativeExpenses": 4506000000,
    "sellingAndMarketingExpenses": 0,
    "sellingGeneralAndAdministrativeExpenses": 4506000000,
    "otherExpenses": 0,
    "operatingExpenses": 7961000000,
    "costAndExpenses": 14648000000,
    "interestIncome": 198000000,
    "interestExpense": 212000000,
    "depreciationAndAmortization": 1880000000,
    "ebitda": 805000000,
    "ebitdaratio": 0.038527807,
    "operatingIncome": 6246000000,
    "operatingIncomeRatio": 0.298937494,
    "totalOtherIncomeExpensesNet": -7533000000,
    "incomeBeforeTax": -1287000000,
    "incomeBeforeTaxRatio": -0.0615966306,
    "incomeTaxExpense": -796000000,
    "netIncome": -68000000,
    "netIncomeRatio": -0.0032545228,
    "eps": -0.03,
    "epsdiluted": -0.03,
    "weightedAverageShsOut": 2605500000,
    "weightedAverageShsOutDil": 2605500000,
    "link": "https://www.sec.gov/Archives/edgar/data/200406/000020040623000056/0000200406-23-000056-index.htm",
    "finalLink": "https://www.sec.gov/Archives/edgar/data/200406/000020040623000056/jnj-20230402.htm"
  },
  {
    "date": "2023-01-01",
    "symbol": "JNJ",
    "reportedCurrency": "USD",
    "cik": "0000200406",
    "fillingDate": "2023-02-16",
    "acceptedDate": "2023-02-16 16:01:53",
    "calendarYear": "2022",
    "period": "Q4",
    "revenue": 23706000000,
    "costOfRevenue": 7765000000,
    "grossProfit": 15941000000,
    "grossProfitRatio": 0.6724457943,
    "researchAndDevelopmentExpenses": 4624000000,
    "generalAndAdministrativeExpenses": 7412000000,
    "sellingAndMarketingExpenses": 0,
    "sellingGeneralAndAdministrativeExpenses": 7412000000,
    "otherExpenses": 0,
    "operatingExpenses": 12036000000,
    "costAndExpenses": 19801000000,
    "interestIncome": 254000000,
    "interestExpense": 177000000,
    "depreciationAndAmortization": 1772000000,
    "ebitda": 6150000000,
    "ebitdaratio": 0.2594279929,
    "operatingIncome": 3905000000,
    "operatingIncomeRatio": 0.1647262296,
    "totalOtherIncomeExpensesNet": 296000000,
    "incomeBeforeTax": 4201000000,
    "incomeBeforeTaxRatio": 0.17721252,
    "incomeTaxExpense": 681000000,
    "netIncome": 3520000000,
    "netIncomeRatio": 0.1484856155,
    "eps": 1.35,
    "epsdiluted": 1.33,
    "weightedAverageShsOut": 2613597000,
    "weightedAverageShsOutDil": 2663900000,
    "link": "https://www.sec.gov/Archives/edgar/data/200406/000020040623000016/0000200406-23-000016-index.htm",
    "finalLink": "https://www.sec.gov/Archives/edgar/data/200406/000020040623000016/jnj-20230101.htm"
  },
  {
    "date": "2022-10-02",
    "symbol": "JNJ",
    "reportedCurrency": "USD",
    "cik": "0000200406",
    "fillingDate": "2022-10-27",
    "acceptedDate": "2022-10-27 16:02:59",
    "calendarYear": "2022",
    "period": "Q3",
    "revenue": 19996000000,
    "costOfRevenue": 6172000000,
    "grossProfit": 13824000000,
    "grossProfitRatio": 0.6913382677,
    "researchAndDevelopmentExpenses": 3485000000,
    "generalAndAdministrativeExpenses": 4675000000,
    "sellingAndMarketingExpenses": 0,
    "sellingGeneralAndAdministrativeExpenses": 4675000000,
    "otherExpenses": 0,
    "operatingExpenses": 8160000000,
    "costAndExpenses": 14332000000,
    "interestIncome": 150000000,
    "interestExpense": 51000000,
    "depreciationAndAmortization": 1685000000,
    "ebitda": 6908000000,
    "ebitdaratio": 0.3454690938,
    "operatingIncome": 5664000000,
    "operatingIncomeRatio": 0.2832566513,
    "totalOtherIncomeExpensesNet": -492000000,
    "incomeBeforeTax": 5172000000,
    "incomeBeforeTaxRatio": 0.2586517303,
    "incomeTaxExpense": 862000000,
    "netIncome": 4458000000,
    "netIncomeRatio": 0.2229445889,
    "eps": 1.7,
    "epsdiluted": 1.68,
    "weightedAverageShsOut": 2616882000,
    "weightedAverageShsOutDil": 2661300000,
    "link": "https://www.sec.gov/Archives/edgar/data/200406/000020040622000086/0000200406-22-000086-index.htm",
    "finalLink": "https://www.sec.gov/Archives/edgar/data/200406/000020040622000086/jnj-20221002.htm"
  },
  {
    "date": "2022-07-03",
    "symbol": "JNJ",
    "reportedCurrency": "USD",
    "cik": "0000200406",
    "fillingDate": "2022-07-29",
    "acceptedDate": "2022-07-29 16:14:39",
    "calendarYear": "2022",
    "period": "Q2",
    "revenue": 24020000000,
    "costOfRevenue": 7919000000,
    "grossProfit": 16101000000,
    "grossProfitRatio": 0.670316403,
    "researchAndDevelopmentExpenses": 3703000000,
    "generalAndAdministrativeExpenses": 5926000000,
    "sellingAndMarketingExpenses": 0,
    "sellingGeneralAndAdministrativeExpenses": 5926000000,
    "otherExpenses": 0,
    "operatingExpenses": 9629000000,
    "costAndExpenses": 17548000000,
    "interestIncome": 64000000,
    "interestExpense": 38000000,
    "depreciationAndAmortization": 1744000000,
    "ebitda": 7622000000,
    "ebitdaratio": 0.3173189009,
    "operatingIncome": 6472000000,
    "operatingIncomeRatio": 0.2694421316,
    "totalOtherIncomeExpensesNet": -632000000,
    "incomeBeforeTax": 5840000000,
    "incomeBeforeTaxRatio": 0.2431307244,
    "incomeTaxExpense": 1026000000,
    "netIncome": 4814000000,
    "netIncomeRatio": 0.2004163197,
    "eps": 1.83,
    "epsdiluted": 1.8,
    "weightedAverageShsOut": 2629032000,
    "weightedAverageShsOutDil": 2667900000,
    "link": "https://www.sec.gov/Archives/edgar/data/200406/000020040622000071/0000200406-22-000071-index.htm",
    "finalLink": "https://www.sec.gov/Archives/edgar/data/200406/000020040622000071/jnj-20220703.htm"
  },
  {
    "date": "2022-04-03",
    "symbol": "JNJ",
    "reportedCurrency": "USD",
    "cik": "0000200406",
    "fillingDate": "2022-04-29",
    "acceptedDate": "2022-04-29 16:08:24",
    "calendarYear": "2022",
    "period": "Q1",
    "revenue": 23426000000,
    "costOfRevenue": 7598000000,
    "grossProfit": 15828000000,
    "grossProfitRatio": 0.6756595236,
    "researchAndDevelopmentExpenses": 4072000000,
    "generalAndAdministrativeExpenses": 5638000000,
    "sellingAndMarketingExpenses": 0,
    "sellingGeneralAndAdministrativeExpenses": 5638000000,
    "otherExpenses": 0,
    "operatingExpenses": 9710000000,
    "costAndExpenses": 17308000000,
    "interestIncome": 22000000,
    "interestExpense": 10000000,
    "depreciationAndAmortization": 1769000000,
    "ebitda": 7641000000,
    "ebitdaratio": 0.3261760437,
    "operatingIncome": 6118000000,
    "operatingIncomeRatio": 0.2611628106,
    "totalOtherIncomeExpensesNet": -256000000,
    "incomeBeforeTax": 5862000000,
    "incomeBeforeTaxRatio": 0.2502347819,
    "incomeTaxExpense": 713000000,
    "netIncome": 5149000000,
    "netIncomeRatio": 0.2197985145,
    "eps": 1.96,
    "epsdiluted": 1.93,
    "weightedAverageShsOut": 2629384000,
    "weightedAverageShsOutDil": 2666500000,
    "link": "https://www.sec.gov/Archives/edgar/data/200406/000020040622000048/0000200406-22-000048-index.htm",
    "finalLink": "https://www.sec.gov/Archives/edgar/data/200406/000020040622000048/jnj-20220403.htm"
  },
  {
    "date": "2022-01-02",
    "symbol": "JNJ",
    "reportedCurrency": "USD",
    "cik": "0000200406",
    "fillingDate": "2022-02-17",
    "acceptedDate": "2022-02-17 16:06:50",
    "calendarYear": "2021",
    "period": "Q4",
    "revenue": 24804000000,
    "costOfRevenue": 7955000000,
    "grossProfit": 16849000000,
    "grossProfitRatio": 0.6792855991,
    "researchAndDevelopmentExpenses": 4720000000,
    "generalAndAdministrativeExpenses": 7654000000,
    "sellingAndMarketingExpenses": 0,
    "sellingGeneralAndAdministrativeExpenses": 7654000000,
    "otherExpenses": 0,
    "operatingExpenses": 12374000000,
    "costAndExpenses": 20329000000,
    "interestIncome": 13000000,
    "interestExpense": 60000000,
    "depreciationAndAmortization": 1843000000,
    "ebitda": 6739000000,
    "ebitdaratio": 0.27169005,
    "operatingIncome": 4475000000,
    "operatingIncomeRatio": 0.1804144493,
    "totalOtherIncomeExpensesNet": 361000000,
    "incomeBeforeTax": 4836000000,
    "incomeBeforeTaxRatio": 0.1949685535,
    "incomeTaxExpense": 100000000,
    "netIncome": 4736000000,
    "netIncomeRatio": 0.1909369457,
    "eps": 1.8,
    "epsdiluted": 1.77,
    "weightedAverageShsOut": 2628965000,
    "weightedAverageShsOutDil": 2670200000,
    "link": "https://www.sec.gov/Archives/edgar/data/200406/000020040622000022/0000200406-22-000022-index.htm",
    "finalLink": "https://www.sec.gov/Archives/edgar/data/200406/000020040622000022/jnj-20220102.htm"
  },
  {
    "date": "2021-10-03",
    "symbol": "JNJ",
    "reportedCurrency": "USD",
    "cik": "0000200406",
    "fillingDate": "2021-10-29",
    "acceptedDate": "2021-10-29 16:05:20",
    "calendarYear": "2021",
    "period": "Q3",
    "revenue": 23338000000,
    "costOfRevenue": 7250000000,
    "grossProfit": 16088000000,
    "grossProfitRatio": 0.6893478447,
    "researchAndDevelopmentExpenses": 3422000000,
    "generalAndAdministrativeExpenses": 5800000000,
    "sellingAndMarketingExpenses": 0,
    "sellingGeneralAndAdministrativeExpenses": 5800000000,
    "otherExpenses": 0,
    "operatingExpenses": 9222000000,
    "costAndExpenses": 16472000000,
    "interestIncome": 13000000,
    "interestExpense": 20000000,
    "depreciationAndAmortization": 1814000000,
    "ebitda": 5683000000,
    "ebitdaratio": 0.2435084412,
    "operatingIncome": 6866000000,
    "operatingIncomeRatio": 0.2941983032,
    "totalOtherIncomeExpensesNet": -3017000000,
    "incomeBeforeTax": 3849000000,
    "incomeBeforeTaxRatio": 0.164924158,
    "incomeTaxExpense": 182000000,
    "netIncome": 3667000000,
    "netIncomeRatio": 0.1571257177,
    "eps": 1.39,
    "epsdiluted": 1.37,
    "weightedAverageShsOut": 2632600000,
    "weightedAverageShsOutDil": 2674900000,
    "link": "https://www.sec.gov/Archives/edgar/data/200406/000020040621000070/0000200406-21-000070-index.htm",
    "finalLink": "https://www.sec.gov/Archives/edgar/data/200406/000020040621000070/jnj-20211003.htm"
  },
  {
    "date": "2021-07-04",
    "symbol": "JNJ",
    "reportedCurrency": "USD",
    "cik": "0000200406",
    "fillingDate": "2021-07-29",
    "acceptedDate": "2021-07-29 16:07:51",
    "calendarYear": "2021",
    "period": "Q2",
    "revenue": 23312000000,
    "costOfRevenue": 7587000000,
    "grossProfit": 15725000000,
    "grossProfitRatio": 0.6745452986,
    "researchAndDevelopmentExpenses": 3394000000,
    "generalAndAdministrativeExpenses": 5973000000,
    "sellingAndMarketingExpenses": 0,
    "sellingGeneralAndAdministrativeExpenses": 5973000000,
    "otherExpenses": 0,
    "operatingExpenses": 9367000000,
    "costAndExpenses": 16954000000,
    "interestIncome": 12000000,
    "interestExpense": 40000000,
    "depreciationAndAmortization": 1839000000,
    "ebitda": 8541000000,
    "ebitdaratio": 0.3663778312,
    "operatingIncome": 6358000000,
    "operatingIncomeRatio": 0.2727350721,
    "totalOtherIncomeExpensesNet": 304000000,
    "incomeBeforeTax": 6662000000,
    "incomeBeforeTaxRatio": 0.2857755662,
    "incomeTaxExpense": 384000000,
    "netIncome": 6278000000,
    "netIncomeRatio": 0.2693033631,
    "eps": 2.38,
    "epsdiluted": 2.35,
    "weightedAverageShsOut": 2631989000,
    "weightedAverageShsOutDil": 2671600000,
    "link": "https://www.sec.gov/Archives/edgar/data/200406/000020040621000057/0000200406-21-000057-index.htm",
    "finalLink": "https://www.sec.gov/Archives/edgar/data/200406/000020040621000057/jnj-20210704.htm"
  },
  {
    "date": "2021-04-04",
    "symbol": "JNJ",
    "reportedCurrency": "USD",
    "cik": "0000200406",
    "fillingDate": "2021-04-30",
    "acceptedDate": "2021-04-30 16:04:02",
    "calendarYear": "2021",
    "period": "Q1",
    "revenue": 22321000000,
    "costOfRevenue": 7063000000,
    "grossProfit": 15258000000,
    "grossProfitRatio": 0.6835715246,
    "researchAndDevelopmentExpenses": 3178000000,
    "generalAndAdministrativeExpenses": 5232000000,
    "sellingAndMarketingExpenses": 0,
    "sellingGeneralAndAdministrativeExpenses": 5232000000,
    "otherExpenses": 0,
    "operatingExpenses": 8410000000,
    "costAndExpenses": 15473000000,
    "interestIncome": 15000000,
    "interestExpense": 63000000,
    "depreciationAndAmortization": 1894000000,
    "ebitda": 9386000000,
    "ebitdaratio": 0.4205008736,
    "operatingIncome": 6848000000,
    "operatingIncomeRatio": 0.3067962905,
    "totalOtherIncomeExpensesNet": 581000000,
    "incomeBeforeTax": 7429000000,
    "incomeBeforeTaxRatio": 0.3328255903,
    "incomeTaxExpense": 1232000000,
    "netIncome": 6197000000,
    "netIncomeRatio": 0.2776309305,
    "eps": 2.35,
    "epsdiluted": 2.32,
    "weightedAverageShsOut": 2632702000,
    "weightedAverageShsOutDil": 2672700000,
    "link": "https://www.sec.gov/Archives/edgar/data/200406/000020040621000036/0000200406-21-000036-index.htm",
    "finalLink": "https://www.sec.gov/Archives/edgar/data/200406/000020040621000036/jnj-20210404.htm"
  },
  {
    "date": "2021-01-03",
    "symbol": "JNJ",
    "reportedCurrency": "USD",
    "cik": "0000200406",
    "fillingDate": "2021-02-22",
    "acceptedDate": "2021-02-22 16:36:14",
    "calendarYear": "2020",
    "period": "Q4",
    "revenue": 22475000000,
    "costOfRevenue": 7814000000,
    "grossProfit": 14661000000,
    "grossProfitRatio": 0.6523248053,
    "researchAndDevelopmentExpenses": 4032000000,
    "generalAndAdministrativeExpenses": 6457000000,
    "sellingAndMarketingExpenses": 0,
    "sellingGeneralAndAdministrativeExpenses": 6457000000,
    "otherExpenses": 0,
    "operatingExpenses": 10489000000,
    "costAndExpenses": 18303000000,
    "interestIncome": 13000000,
    "interestExpense": 87000000,
    "depreciationAndAmortization": 1940000000,
    "ebitda": 3674000000,
    "ebitdaratio": 0.1634705228,
    "operatingIncome": 4172000000,
    "operatingIncomeRatio": 0.1856284761,
    "totalOtherIncomeExpensesNet": -2525000000,
    "incomeBeforeTax": 1647000000,
    "incomeBeforeTaxRatio": 0.0732814238,
    "incomeTaxExpense": -91000000,
    "netIncome": 1738000000,
    "netIncomeRatio": 0.0773303671,
    "eps": 0.66,
    "epsdiluted": 0.65,
    "weightedAverageShsOut": 2632512000,
    "weightedAverageShsOutDil": 2669200000,
    "link": "https://www.sec.gov/Archives/edgar/data/200406/000020040621000008/0000200406-21-000008-index.htm",
    "finalLink": "https://www.sec.gov/Archives/edgar/data/200406/000020040621000008/jnj-20210103.htm"
  },
  {
    "date": "2020-09-27",
    "symbol": "JNJ",
    "reportedCurrency": "USD",
    "cik": "0000200406",
    "fillingDate": "2020-10-23",
    "acceptedDate": "2020-10-23 16:06:01",
    "calendarYear": "2020",
    "period": "Q3",
    "revenue": 21082000000,
    "costOfRevenue": 6972000000,
    "grossProfit": 14110000000,
    "grossProfitRatio": 0.6692913386,
    "researchAndDevelopmentExpenses": 2840000000,
    "generalAndAdministrativeExpenses": 5331000000,
    "sellingAndMarketingExpenses": 0,
    "sellingGeneralAndAdministrativeExpenses": 5331000000,
    "otherExpenses": 0,
    "operatingExpenses": 8171000000,
    "costAndExpenses": 15143000000,
    "interestIncome": 12000000,
    "interestExpense": 44000000,
    "depreciationAndAmortization": 1818000000,
    "ebitda": 6263000000,
    "ebitdaratio": 0.2970780761,
    "operatingIncome": 5939000000,
    "operatingIncomeRatio": 0.2817095152,
    "totalOtherIncomeExpensesNet": -1538000000,
    "incomeBeforeTax": 4401000000,
    "incomeBeforeTaxRatio": 0.208756285,
    "incomeTaxExpense": 847000000,
    "netIncome": 3554000000,
    "netIncomeRatio": 0.1685798311,
    "eps": 1.35,
    "epsdiluted": 1.33,
    "weightedAverageShsOut": 2632167000,
    "weightedAverageShsOutDil": 2669300000,
    "link": "https://www.sec.gov/Archives/edgar/data/200406/000020040620000056/0000200406-20-000056-index.htm",
    "finalLink": "https://www.sec.gov/Archives/edgar/data/200406/000020040620000056/jnj-20200927.htm"
  },
  {
    "date": "2020-06-28",
    "symbol": "JNJ",
    "reportedCurrency": "USD",
    "cik": "0000200406",
    "fillingDate": "2020-07-24",
    "acceptedDate": "2020-07-24 16:04:36",
    "calendarYear": "2020",
    "period": "Q2",
    "revenue": 18336000000,
    "costOfRevenue": 6579000000,
    "grossProfit": 11757000000,
    "grossProfitRatio": 0.641197644,
    "researchAndDevelopmentExpenses": 2707000000,
    "generalAndAdministrativeExpenses": 4893000000,
    "sellingAndMarketingExpenses": 0,
    "sellingGeneralAndAdministrativeExpenses": 4893000000,
    "otherExpenses": 0,
    "operatingExpenses": 7600000000,
    "costAndExpenses": 14179000000,
    "interestIncome": 19000000,
    "interestExpense": 45000000,
    "depreciationAndAmortization": 1726000000,
    "ebitda": 5711000000,
    "ebitdaratio": 0.3114637871,
    "operatingIncome": 4157000000,
    "operatingIncomeRatio": 0.2267124782,
    "totalOtherIncomeExpensesNet": -217000000,
    "incomeBeforeTax": 3940000000,
    "incomeBeforeTaxRatio": 0.214877836,
    "incomeTaxExpense": 314000000,
    "netIncome": 3626000000,
    "netIncomeRatio": 0.1977530541,
    "eps": 1.38,
    "epsdiluted": 1.36,
    "weightedAverageShsOut": 2632377000,
    "weightedAverageShsOutDil": 2665500000,
    "link": "https://www.sec.gov/Archives/edgar/data/200406/000020040620000050/0000200406-20-000050-index.htm",
    "finalLink": "https://www.sec.gov/Archives/edgar/data/200406/000020040620000050/jnj-20200628.htm"
  },
  {
    "date": "2020-03-29",
    "symbol": "JNJ",
    "reportedCurrency": "USD",
    "cik": "0000200406",
    "fillingDate": "2020-04-29",
    "acceptedDate": "2020-04-29 16:46:01",
    "calendarYear": "2020",
    "period": "Q1",
    "revenue": 20691000000,
    "costOfRevenue": 7062000000,
    "grossProfit": 13629000000,
    "grossProfitRatio": 0.658692185,
    "researchAndDevelopmentExpenses": 2580000000,
    "generalAndAdministrativeExpenses": 5203000000,
    "sellingAndMarketingExpenses": 0,
    "sellingGeneralAndAdministrativeExpenses": 5203000000,
    "otherExpenses": 0,
    "operatingExpenses": 7783000000,
    "costAndExpenses": 14845000000,
    "interestIncome": 67000000,
    "interestExpense": 25000000,
    "depreciationAndAmortization": 1747000000,
    "ebitda": 8281000000,
    "ebitdaratio": 0.4002223189,
    "operatingIncome": 5846000000,
    "operatingIncomeRatio": 0.2825383017,
    "totalOtherIncomeExpensesNet": 663000000,
    "incomeBeforeTax": 6509000000,
    "incomeBeforeTaxRatio": 0.3145812189,
    "incomeTaxExpense": 713000000,
    "netIncome": 5796000000,
    "netIncomeRatio": 0.2801217921,
    "eps": 2.2,
    "epsdiluted": 2.17,
    "weightedAverageShsOut": 2632392000,
    "weightedAverageShsOutDil": 2671000000,
    "link": "https://www.sec.gov/Archives/edgar/data/200406/000020040620000035/0000200406-20-000035-index.htm",
    "finalLink": "https://www.sec.gov/Archives/edgar/data/200406/000020040620000035/a1q10q03-29x20.htm"
  },
  {
    "date": "2019-12-29",
    "symbol": "JNJ",
    "reportedCurrency": "USD",
    "cik": "0000200406",
    "fillingDate": "2020-02-18",
    "acceptedDate": "2020-02-18 16:34:21",
    "calendarYear": "2019",
    "period": "Q4",
    "revenue": 20747000000,
    "costOfRevenue": 7134000000,
    "grossProfit": 13613000000,
    "grossProfitRatio": 0.6561430568,
    "researchAndDevelopmentExpenses": 3232000000,
    "generalAndAdministrativeExpenses": 6039000000,
    "sellingAndMarketingExpenses": 0,
    "sellingGeneralAndAdministrativeExpenses": 6039000000,
    "otherExpenses": 0,
    "operatingExpenses": 9271000000,
    "costAndExpenses": 16405000000,
    "interestIncome": 81000000,
    "interestExpense": 85000000,
    "depreciationAndAmortization": 1816000000,
    "ebitda": 6119000000,
    "ebitdaratio": 0.2949342074,
    "operatingIncome": 4342000000,
    "operatingIncomeRatio": 0.2092832699,
    "totalOtherIncomeExpensesNet": -124000000,
    "incomeBeforeTax": 4218000000,
    "incomeBeforeTaxRatio": 0.2033065021,
    "incomeTaxExpense": 208000000,
    "netIncome": 4010000000,
    "netIncomeRatio": 0.1932809563,
    "eps": 1.52,
    "epsdiluted": 1.5,
    "weightedAverageShsOut": 2632507000,
    "weightedAverageShsOutDil": 2669100000,
    "link": "https://www.sec.gov/Archives/edgar/data/200406/000020040620000010/0000200406-20-000010-index.htm",
    "finalLink": "https://www.sec.gov/Archives/edgar/data/200406/000020040620000010/form10-k20191229.htm"
  },
  {
    "date": "2019-09-29",
    "symbol": "JNJ",
    "reportedCurrency": "USD",
    "cik": "0000200406",
    "fillingDate": "2019-10-28",
    "acceptedDate": "2019-10-28 16:56:09",
    "calendarYear": "2019",
    "period": "Q3",
    "revenue": 20729000000,
    "costOfRevenue": 6867000000,
    "grossProfit": 13862000000,
    "grossProfitRatio": 0.6687249747,
    "researchAndDevelopmentExpenses": 2599000000,
    "generalAndAdministrativeExpenses": 5374000000,
    "sellingAndMarketingExpenses": 0,
    "sellingGeneralAndAdministrativeExpenses": 5374000000,
    "otherExpenses": 0,
    "operatingExpenses": 7973000000,
    "costAndExpenses": 14840000000,
    "interestIncome": 89000000,
    "interestExpense": 48000000,
    "depreciationAndAmortization": 1727000000,
    "ebitda": 3422000000,
    "ebitdaratio": 0.1650827343,
    "operatingIncome": 5889000000,
    "operatingIncomeRatio": 0.2840947465,
    "totalOtherIncomeExpensesNet": -4242000000,
    "incomeBeforeTax": 1647000000,
    "incomeBeforeTaxRatio": 0.0794539052,
    "incomeTaxExpense": -106000000,
    "netIncome": 1753000000,
    "netIncomeRatio": 0.0845675141,
    "eps": 1.84,
    "epsdiluted": 1.81,
    "weightedAverageShsOut": 2630961000,
    "weightedAverageShsOutDil": 2669900000,
    "link": "https://www.sec.gov/Archives/edgar/data/200406/000020040619000066/0000200406-19-000066-index.htm",
    "finalLink": "https://www.sec.gov/Archives/edgar/data/200406/000020040619000066/a3q10q09-29x19.htm"
  },
  {
    "date": "2019-06-30",
    "symbol": "JNJ",
    "reportedCurrency": "USD",
    "cik": "0000200406",
    "fillingDate": "2019-07-29",
    "acceptedDate": "2019-07-29 16:15:43",
    "calendarYear": "2019",
    "period": "Q2",
    "revenue": 20562000000,
    "costOfRevenue": 6940000000,
    "grossProfit": 13622000000,
    "grossProfitRatio": 0.6624841941,
    "researchAndDevelopmentExpenses": 2666000000,
    "generalAndAdministrativeExpenses": 5546000000,
    "sellingAndMarketingExpenses": 0,
    "sellingGeneralAndAdministrativeExpenses": 5546000000,
    "otherExpenses": 0,
    "operatingExpenses": 8212000000,
    "costAndExpenses": 15152000000,
    "interestIncome": 88000000,
    "interestExpense": 83000000,
    "depreciationAndAmortization": 1705000000,
    "ebitda": 8829000000,
    "ebitdaratio": 0.4293843011,
    "operatingIncome": 5410000000,
    "operatingIncomeRatio": 0.2631067017,
    "totalOtherIncomeExpensesNet": 1631000000,
    "incomeBeforeTax": 7041000000,
    "incomeBeforeTaxRatio": 0.3424277794,
    "incomeTaxExpense": 1434000000,
    "netIncome": 5607000000,
    "netIncomeRatio": 0.2726874818,
    "eps": 2.12,
    "epsdiluted": 2.08,
    "weightedAverageShsOut": 2642065000,
    "weightedAverageShsOutDil": 2691700000,
    "link": "https://www.sec.gov/Archives/edgar/data/200406/000020040619000053/0000200406-19-000053-index.htm",
    "finalLink": "https://www.sec.gov/Archives/edgar/data/200406/000020040619000053/a2q10q06-30x19.htm"
  },
  {
    "date": "2019-03-31",
    "symbol": "JNJ",
    "reportedCurrency": "USD",
    "cik": "0000200406",
    "fillingDate": "2019-05-01",
    "acceptedDate": "2019-05-01 16:33:42",
    "calendarYear": "2019",
    "period": "Q1",
    "revenue": 20021000000,
    "costOfRevenue": 6615000000,
    "grossProfit": 13406000000,
    "grossProfitRatio": 0.6695969232,
    "researchAndDevelopmentExpenses": 2858000000,
    "generalAndAdministrativeExpenses": 5219000000,
    "sellingAndMarketingExpenses": 0,
    "sellingGeneralAndAdministrativeExpenses": 5219000000,
    "otherExpenses": 0,
    "operatingExpenses": 8077000000,
    "costAndExpenses": 14692000000,
    "interestIncome": 99000000,
    "interestExpense": 102000000,
    "depreciationAndAmortization": 1761000000,
    "ebitda": 6285000000,
    "ebitdaratio": 0.3139203836,
    "operatingIncome": 5329000000,
    "operatingIncomeRatio": 0.266170521,
    "totalOtherIncomeExpensesNet": -907000000,
    "incomeBeforeTax": 4422000000,
    "incomeBeforeTaxRatio": 0.2208680885,
    "incomeTaxExpense": 673000000,
    "netIncome": 3749000000,
    "netIncomeRatio": 0.1872533839,
    "eps": 1.41,
    "epsdiluted": 1.39,
    "weightedAverageShsOut": 2655636000,
    "weightedAverageShsOutDil": 2698800000,
    "link": "https://www.sec.gov/Archives/edgar/data/200406/000020040619000033/0000200406-19-000033-index.htm",
    "finalLink": "https://www.sec.gov/Archives/edgar/data/200406/000020040619000033/a1q10q03-31x19.htm"
  },
  {
    "date": "2018-12-30",
    "symbol": "JNJ",
    "reportedCurrency": "USD",
    "cik": "0000200406",
    "fillingDate": "2019-02-20",
    "acceptedDate": "2019-02-20 16:40:34",
    "calendarYear": "2018",
    "period": "Q4",
    "revenue": 20394000000,
    "costOfRevenue": 6961000000,
    "grossProfit": 13433000000,
    "grossProfitRatio": 0.6586741198,
    "researchAndDevelopmentExpenses": 3224000000,
    "generalAndAdministrativeExpenses": 5991000000,
    "sellingAndMarketingExpenses": 0,
    "sellingGeneralAndAdministrativeExpenses": 5991000000,
    "otherExpenses": 0,
    "operatingExpenses": 9215000000,
    "costAndExpenses": 16176000000,
    "interestIncome": 196000000,
    "interestExpense": 250000000,
    "depreciationAndAmortization": 1735000000,
    "ebitda": 5107000000,
    "ebitdaratio": 0.2504167893,
    "operatingIncome": 4218000000,
    "operatingIncomeRatio": 0.2068255369,
    "totalOtherIncomeExpensesNet": -1096000000,
    "incomeBeforeTax": 3122000000,
    "incomeBeforeTaxRatio": 0.1530842405,
    "incomeTaxExpense": 80000000,
    "netIncome": 3042000000,
    "netIncomeRatio": 0.1491615181,
    "eps": 1.12,
    "epsdiluted": 1.12,
    "weightedAverageShsOut": 2724000000,
    "weightedAverageShsOutDil": 2724000000,
    "link": "https://www.sec.gov/Archives/edgar/data/200406/000020040619000009/0000200406-19-000009-index.htm",
    "finalLink": "https://www.sec.gov/Archives/edgar/data/200406/000020040619000009/form10-k20181230.htm"
  },
  {
    "date": "2018-09-30",
    "symbol": "JNJ",
    "reportedCurrency": "USD",
    "cik": "0000200406",
    "fillingDate": "2018-10-31",
    "acceptedDate": "2018-10-31 16:12:26",
    "calendarYear": "2018",
    "period": "Q3",
    "revenue": 20348000000,
    "costOfRevenue": 6589000000,
    "grossProfit": 13759000000,
    "grossProfitRatio": 0.6761843916,
    "researchAndDevelopmentExpenses": 2508000000,
    "generalAndAdministrativeExpenses": 5543000000,
    "sellingAndMarketingExpenses": 0,
    "sellingGeneralAndAdministrativeExpenses": 5543000000,
    "otherExpenses": 0,
    "operatingExpenses": 8051000000,
    "costAndExpenses": 14640000000,
    "interestIncome": 175000000,
    "interestExpense": 243000000,
    "depreciationAndAmortization": 1731000000,
    "ebitda": 6397000000,
    "ebitdaratio": 0.3143797916,
    "operatingIncome": 5708000000,
    "operatingIncomeRatio": 0.2805189699,
    "totalOtherIncomeExpensesNet": -1285000000,
    "incomeBeforeTax": 4423000000,
    "incomeBeforeTaxRatio": 0.2173678003,
    "incomeTaxExpense": 489000000,
    "netIncome": 3934000000,
    "netIncomeRatio": 0.1933359544,
    "eps": 1.47,
    "epsdiluted": 1.44,
    "weightedAverageShsOut": 2683155000,
    "weightedAverageShsOutDil": 2727600000,
    "link": "https://www.sec.gov/Archives/edgar/data/200406/000020040618000055/0000200406-18-000055-index.htm",
    "finalLink": "https://www.sec.gov/Archives/edgar/data/200406/000020040618000055/a3q10q09-30x18.htm"
  },
  {
    "date": "2018-07-01",
    "symbol": "JNJ",
    "reportedCurrency": "USD",
    "cik": "0000200406",
    "fillingDate": "2018-08-02",
    "acceptedDate": "2018-08-01 20:08:32",
    "calendarYear": "2018",
    "period": "Q2",
    "revenue": 20830000000,
    "costOfRevenue": 6927000000,
    "grossProfit": 13903000000,
    "grossProfitRatio": 0.6674507921,
    "researchAndDevelopmentExpenses": 2639000000,
    "generalAndAdministrativeExpenses": 5743000000,
    "sellingAndMarketingExpenses": 0,
    "sellingGeneralAndAdministrativeExpenses": 5743000000,
    "otherExpenses": 0,
    "operatingExpenses": 8382000000,
    "costAndExpenses": 15309000000,
    "interestIncome": 126000000,
    "interestExpense": 253000000,
    "depreciationAndAmortization": 1717000000,
    "ebitda": 6943000000,
    "ebitdaratio": 0.3333173308,
    "operatingIncome": 5521000000,
    "operatingIncomeRatio": 0.2650504081,
    "totalOtherIncomeExpensesNet": -548000000,
    "incomeBeforeTax": 4973000000,
    "incomeBeforeTaxRatio": 0.2387421988,
    "incomeTaxExpense": 1019000000,
    "netIncome": 3954000000,
    "netIncomeRatio": 0.1898223716,
    "eps": 1.47,
    "epsdiluted": 1.45,
    "weightedAverageShsOut": 2682301000,
    "weightedAverageShsOutDil": 2721300000,
    "link": "https://www.sec.gov/Archives/edgar/data/200406/000020040618000041/0000200406-18-000041-index.htm",
    "finalLink": "https://www.sec.gov/Archives/edgar/data/200406/000020040618000041/a2q10q07-01x18.htm"
  },
  {
    "date": "2018-04-01",
    "symbol": "JNJ",
    "reportedCurrency": "USD",
    "cik": "0000200406",
    "fillingDate": "2018-05-01",
    "acceptedDate": "2018-05-01 16:35:56",
    "calendarYear": "2018",
    "period": "Q1",
    "revenue": 20009000000,
    "costOfRevenue": 6614000000,
    "grossProfit": 13395000000,
    "grossProfitRatio": 0.6694487481,
    "researchAndDevelopmentExpenses": 2404000000,
    "generalAndAdministrativeExpenses": 5263000000,
    "sellingAndMarketingExpenses": 0,
    "sellingGeneralAndAdministrativeExpenses": 5263000000,
    "otherExpenses": 0,
    "operatingExpenses": 7667000000,
    "costAndExpenses": 14281000000,
    "interestIncome": 114000000,
    "interestExpense": 259000000,
    "depreciationAndAmortization": 1746000000,
    "ebitda": 7486000000,
    "ebitdaratio": 0.3741316408,
    "operatingIncome": 5728000000,
    "operatingIncomeRatio": 0.286271178,
    "totalOtherIncomeExpensesNet": -247000000,
    "incomeBeforeTax": 5481000000,
    "incomeBeforeTaxRatio": 0.273926733,
    "incomeTaxExpense": 1114000000,
    "netIncome": 4367000000,
    "netIncomeRatio": 0.2182517867,
    "eps": 1.63,
    "epsdiluted": 1.6,
    "weightedAverageShsOut": 2682189000,
    "weightedAverageShsOutDil": 2731900000,
    "link": "https://www.sec.gov/Archives/edgar/data/200406/000020040618000019/0000200406-18-000019-index.htm",
    "finalLink": "https://www.sec.gov/Archives/edgar/data/200406/000020040618000019/a1q10q04-01x18.htm"
  },
  {
    "date": "2017-12-31",
    "symbol": "JNJ",
    "reportedCurrency": "USD",
    "cik": "0000200406",
    "fillingDate": "2018-02-21",
    "acceptedDate": "2018-02-21 16:49:20",
    "calendarYear": "2017",
    "period": "Q4",
    "revenue": 20195000000,
    "costOfRevenue": 7243000000,
    "grossProfit": 12952000000,
    "grossProfitRatio": 0.641346868,
    "researchAndDevelopmentExpenses": 3635000000,
    "generalAndAdministrativeExpenses": 6025000000,
    "sellingAndMarketingExpenses": 0,
    "sellingGeneralAndAdministrativeExpenses": 6025000000,
    "otherExpenses": 0,
    "operatingExpenses": 9660000000,
    "costAndExpenses": 16903000000,
    "interestIncome": 85000000,
    "interestExpense": 274000000,
    "depreciationAndAmortization": 1869000000,
    "ebitda": 4703000000,
    "ebitdaratio": 0.2328794256,
    "operatingIncome": 3292000000,
    "operatingIncomeRatio": 0.1630106462,
    "totalOtherIncomeExpensesNet": -732000000,
    "incomeBeforeTax": 2560000000,
    "incomeBeforeTaxRatio": 0.1267640505,
    "incomeTaxExpense": 13273000000,
    "netIncome": -10713000000,
    "netIncomeRatio": -0.530477841,
    "eps": -3.99,
    "epsdiluted": -3.99,
    "weightedAverageShsOut": 2684900000,
    "weightedAverageShsOutDil": 2684900000,
    "link": "https://www.sec.gov/Archives/edgar/data/200406/000020040618000005/0000200406-18-000005-index.htm",
    "finalLink": "https://www.sec.gov/Archives/edgar/data/200406/000020040618000005/form10-k20171231.htm"
  },
  {
    "date": "2017-10-01",
    "symbol": "JNJ",
    "reportedCurrency": "USD",
    "cik": "0000200406",
    "fillingDate": "2017-11-02",
    "acceptedDate": "2017-11-02 16:13:40",
    "calendarYear": "2017",
    "period": "Q3",
    "revenue": 19650000000,
    "costOfRevenue": 6925000000,
    "grossProfit": 12725000000,
    "grossProfitRatio": 0.6475826972,
    "researchAndDevelopmentExpenses": 2585000000,
    "generalAndAdministrativeExpenses": 5423000000,
    "sellingAndMarketingExpenses": 0,
    "sellingGeneralAndAdministrativeExpenses": 5423000000,
    "otherExpenses": 0,
    "operatingExpenses": 8008000000,
    "costAndExpenses": 14933000000,
    "interestIncome": 74000000,
    "interestExpense": 229000000,
    "depreciationAndAmortization": 1711000000,
    "ebitda": 6730000000,
    "ebitdaratio": 0.3424936387,
    "operatingIncome": 4717000000,
    "operatingIncomeRatio": 0.2400508906,
    "totalOtherIncomeExpensesNet": 73000000,
    "incomeBeforeTax": 4790000000,
    "incomeBeforeTaxRatio": 0.2437659033,
    "incomeTaxExpense": 1026000000,
    "netIncome": 3764000000,
    "netIncomeRatio": 0.1915521628,
    "eps": 1.4,
    "epsdiluted": 1.37,
    "weightedAverageShsOut": 2684982000,
    "weightedAverageShsOutDil": 2737700000,
    "link": "https://www.sec.gov/Archives/edgar/data/200406/000020040617000052/0000200406-17-000052-index.htm",
    "finalLink": "https://www.sec.gov/Archives/edgar/data/200406/000020040617000052/a3q10q10-01x17.htm"
  },
  {
    "date": "2017-07-02",
    "symbol": "JNJ",
    "reportedCurrency": "USD",
    "cik": "0000200406",
    "fillingDate": "2017-08-03",
    "acceptedDate": "2017-08-03 16:30:16",
    "calendarYear": "2017",
    "period": "Q2",
    "revenue": 18839000000,
    "costOfRevenue": 5846000000,
    "grossProfit": 12993000000,
    "grossProfitRatio": 0.6896862891,
    "researchAndDevelopmentExpenses": 2296000000,
    "generalAndAdministrativeExpenses": 5289000000,
    "sellingAndMarketingExpenses": 0,
    "sellingGeneralAndAdministrativeExpenses": 5289000000,
    "otherExpenses": 0,
    "operatingExpenses": 7585000000,
    "costAndExpenses": 13431000000,
    "interestIncome": 105000000,
    "interestExpense": 227000000,
    "depreciationAndAmortization": 1150000000,
    "ebitda": 6125000000,
    "ebitdaratio": 0.3251234142,
    "operatingIncome": 5408000000,
    "operatingIncomeRatio": 0.2870640692,
    "totalOtherIncomeExpensesNet": -660000000,
    "incomeBeforeTax": 4748000000,
    "incomeBeforeTaxRatio": 0.2520303625,
    "incomeTaxExpense": 921000000,
    "netIncome": 3827000000,
    "netIncomeRatio": 0.2031424173,
    "eps": 1.42,
    "epsdiluted": 1.4,
    "weightedAverageShsOut": 2685190000,
    "weightedAverageShsOutDil": 2741500000,
    "link": "https://www.sec.gov/Archives/edgar/data/200406/000020040617000042/0000200406-17-000042-index.htm",
    "finalLink": "https://www.sec.gov/Archives/edgar/data/200406/000020040617000042/a2q10q07-02x17.htm"
  },
  {
    "date": "2017-04-02",
    "symbol": "JNJ",
    "reportedCurrency": "USD",
    "cik": "0000200406",
    "fillingDate": "2017-05-08",
    "acceptedDate": "2017-05-08 16:19:31",
    "calendarYear": "2017",
    "period": "Q1",
    "revenue": 17766000000,
    "costOfRevenue": 5409000000,
    "grossProfit": 12357000000,
    "grossProfitRatio": 0.6955420466,
    "researchAndDevelopmentExpenses": 2070000000,
    "generalAndAdministrativeExpenses": 4763000000,
    "sellingAndMarketingExpenses": 0,
    "sellingGeneralAndAdministrativeExpenses": 4763000000,
    "otherExpenses": 0,
    "operatingExpenses": 6833000000,
    "costAndExpenses": 12242000000,
    "interestIncome": 121000000,
    "interestExpense": 204000000,
    "depreciationAndAmortization": 912000000,
    "ebitda": 6691000000,
    "ebitdaratio": 0.3766182596,
    "operatingIncome": 5524000000,
    "operatingIncomeRatio": 0.3109309918,
    "totalOtherIncomeExpensesNet": 51000000,
    "incomeBeforeTax": 5575000000,
    "incomeBeforeTaxRatio": 0.3138016436,
    "incomeTaxExpense": 1153000000,
    "netIncome": 4422000000,
    "netIncomeRatio": 0.2489023978,
    "eps": 1.63,
    "epsdiluted": 1.61,
    "weightedAverageShsOut": 2694909000,
    "weightedAverageShsOutDil": 2754500000,
    "link": "https://www.sec.gov/Archives/edgar/data/200406/000020040617000024/0000200406-17-000024-index.htm",
    "finalLink": "https://www.sec.gov/Archives/edgar/data/200406/000020040617000024/a1q10q04-02x17.htm"
  },
  {
    "date": "2017-01-01",
    "symbol": "JNJ",
    "reportedCurrency": "USD",
    "cik": "0000200406",
    "fillingDate": "2017-02-27",
    "acceptedDate": "2017-02-27 16:52:48",
    "calendarYear": "2016",
    "period": "Q4",
    "revenue": 18106000000,
    "costOfRevenue": 5534000000,
    "grossProfit": 12572000000,
    "grossProfitRatio": 0.6943554623,
    "researchAndDevelopmentExpenses": 2640000000,
    "generalAndAdministrativeExpenses": 5309000000,
    "sellingAndMarketingExpenses": 0,
    "sellingGeneralAndAdministrativeExpenses": 5309000000,
    "otherExpenses": 0,
    "operatingExpenses": 7949000000,
    "costAndExpenses": 13483000000,
    "interestIncome": 100000000,
    "interestExpense": 184000000,
    "depreciationAndAmortization": 1055000000,
    "ebitda": 5563000000,
    "ebitdaratio": 0.3072462167,
    "operatingIncome": 4623000000,
    "operatingIncomeRatio": 0.255329725,
    "totalOtherIncomeExpensesNet": -299000000,
    "incomeBeforeTax": 4324000000,
    "incomeBeforeTaxRatio": 0.2388158621,
    "incomeTaxExpense": 510000000,
    "netIncome": 3814000000,
    "netIncomeRatio": 0.2106484038,
    "eps": 1.4,
    "epsdiluted": 1.38,
    "weightedAverageShsOut": 2706511000,
    "weightedAverageShsOutDil": 2764500000,
    "link": "https://www.sec.gov/Archives/edgar/data/200406/000020040617000006/0000200406-17-000006-index.htm",
    "finalLink": "https://www.sec.gov/Archives/edgar/data/200406/000020040617000006/form10-k20170101.htm"
  },
  {
    "date": "2016-10-02",
    "symbol": "JNJ",
    "reportedCurrency": "USD",
    "cik": "0000200406",
    "fillingDate": "2016-11-04",
    "acceptedDate": "2016-11-04 16:03:27",
    "calendarYear": "2016",
    "period": "Q3",
    "revenue": 17820000000,
    "costOfRevenue": 5486000000,
    "grossProfit": 12334000000,
    "grossProfitRatio": 0.6921436588,
    "researchAndDevelopmentExpenses": 2178000000,
    "generalAndAdministrativeExpenses": 4772000000,
    "sellingAndMarketingExpenses": 0,
    "sellingGeneralAndAdministrativeExpenses": 4772000000,
    "otherExpenses": 0,
    "operatingExpenses": 6950000000,
    "costAndExpenses": 12436000000,
    "interestIncome": 97000000,
    "interestExpense": 192000000,
    "depreciationAndAmortization": 908000000,
    "ebitda": 6381000000,
    "ebitdaratio": 0.3580808081,
    "operatingIncome": 5384000000,
    "operatingIncomeRatio": 0.3021324355,
    "totalOtherIncomeExpensesNet": -103000000,
    "incomeBeforeTax": 5281000000,
    "incomeBeforeTaxRatio": 0.296352413,
    "incomeTaxExpense": 1009000000,
    "netIncome": 4272000000,
    "netIncomeRatio": 0.2397306397,
    "eps": 1.56,
    "epsdiluted": 1.53,
    "weightedAverageShsOut": 2722584000,
    "weightedAverageShsOutDil": 2785400000,
    "link": "https://www.sec.gov/Archives/edgar/data/200406/000020040616000112/0000200406-16-000112-index.htm",
    "finalLink": "https://www.sec.gov/Archives/edgar/data/200406/000020040616000112/a3q10q10-02x16.htm"
  },
  {
    "date": "2016-07-03",
    "symbol": "JNJ",
    "reportedCurrency": "USD",
    "cik": "0000200406",
    "fillingDate": "2016-08-04",
    "acceptedDate": "2016-08-04 16:08:40",
    "calendarYear": "2016",
    "period": "Q2",
    "revenue": 18482000000,
    "costOfRevenue": 5336000000,
    "grossProfit": 13146000000,
    "grossProfitRatio": 0.7112866573,
    "researchAndDevelopmentExpenses": 2264000000,
    "generalAndAdministrativeExpenses": 5176000000,
    "sellingAndMarketingExpenses": 0,
    "sellingGeneralAndAdministrativeExpenses": 5176000000,
    "otherExpenses": 0,
    "operatingExpenses": 7440000000,
    "costAndExpenses": 12776000000,
    "interestIncome": 88000000,
    "interestExpense": 190000000,
    "depreciationAndAmortization": 900000000,
    "ebitda": 5994000000,
    "ebitdaratio": 0.3243155503,
    "operatingIncome": 5706000000,
    "operatingIncomeRatio": 0.3087328211,
    "totalOtherIncomeExpensesNet": -802000000,
    "incomeBeforeTax": 4904000000,
    "incomeBeforeTaxRatio": 0.265339249,
    "incomeTaxExpense": 907000000,
    "netIncome": 3997000000,
    "netIncomeRatio": 0.2162644735,
    "eps": 1.45,
    "epsdiluted": 1.43,
    "weightedAverageShsOut": 2737654000,
    "weightedAverageShsOutDil": 2794200000,
    "link": "https://www.sec.gov/Archives/edgar/data/200406/000020040616000105/0000200406-16-000105-index.htm",
    "finalLink": "https://www.sec.gov/Archives/edgar/data/200406/000020040616000105/a2q10q7-03x16.htm"
  },
  {
    "date": "2016-04-03",
    "symbol": "JNJ",
    "reportedCurrency": "USD",
    "cik": "0000200406",
    "fillingDate": "2016-05-10",
    "acceptedDate": "2016-05-09 17:52:06",
    "calendarYear": "2016",
    "period": "Q1",
    "revenue": 17482000000,
    "costOfRevenue": 5329000000,
    "grossProfit": 12153000000,
    "grossProfitRatio": 0.6951721771,
    "researchAndDevelopmentExpenses": 2013000000,
    "generalAndAdministrativeExpenses": 4688000000,
    "sellingAndMarketingExpenses": 0,
    "sellingGeneralAndAdministrativeExpenses": 4688000000,
    "otherExpenses": 0,
    "operatingExpenses": 6701000000,
    "costAndExpenses": 12030000000,
    "interestIncome": 83000000,
    "interestExpense": 160000000,
    "depreciationAndAmortization": 891000000,
    "ebitda": 6345000000,
    "ebitdaratio": 0.3629447432,
    "operatingIncome": 5452000000,
    "operatingIncomeRatio": 0.3118636312,
    "totalOtherIncomeExpensesNet": -158000000,
    "incomeBeforeTax": 5294000000,
    "incomeBeforeTaxRatio": 0.3028257636,
    "incomeTaxExpense": 837000000,
    "netIncome": 4457000000,
    "netIncomeRatio": 0.2549479465,
    "eps": 1.56,
    "epsdiluted": 1.54,
    "weightedAverageShsOut": 2751705000,
    "weightedAverageShsOutDil": 2795400000,
    "link": "https://www.sec.gov/Archives/edgar/data/200406/000020040616000084/0000200406-16-000084-index.htm",
    "finalLink": "https://www.sec.gov/Archives/edgar/data/200406/000020040616000084/a1q10q4-03x16.htm"
  },
  {
    "date": "2016-01-03",
    "symbol": "JNJ",
    "reportedCurrency": "USD",
    "cik": "0000200406",
    "fillingDate": "2016-02-24",
    "acceptedDate": "2016-02-24 16:58:53",
    "calendarYear": "2015",
    "period": "Q4",
    "revenue": 17811000000,
    "costOfRevenue": 5673000000,
    "grossProfit": 12138000000,
    "grossProfitRatio": 0.6814889675,
    "researchAndDevelopmentExpenses": 2864000000,
    "generalAndAdministrativeExpenses": 5891000000,
    "sellingAndMarketingExpenses": 0,
    "sellingGeneralAndAdministrativeExpenses": 5891000000,
    "otherExpenses": 0,
    "operatingExpenses": 8755000000,
    "costAndExpenses": 14428000000,
    "interestIncome": 53000000,
    "interestExpense": 160000000,
    "depreciationAndAmortization": 1033000000,
    "ebitda": 4951000000,
    "ebitdaratio": 0.2779742856,
    "operatingIncome": 3383000000,
    "operatingIncomeRatio": 0.1899388019,
    "totalOtherIncomeExpensesNet": 375000000,
    "incomeBeforeTax": 3758000000,
    "incomeBeforeTaxRatio": 0.2109932064,
    "incomeTaxExpense": 543000000,
    "netIncome": 3215000000,
    "netIncomeRatio": 0.1805064286,
    "eps": 1.16,
    "epsdiluted": 1.15,
    "weightedAverageShsOut": 2755162000,
    "weightedAverageShsOutDil": 2803300000,
    "link": "https://www.sec.gov/Archives/edgar/data/200406/000020040616000071/0000200406-16-000071-index.htm",
    "finalLink": "https://www.sec.gov/Archives/edgar/data/200406/000020040616000071/form10-k20160103.htm"
  },
  {
    "date": "2015-09-27",
    "symbol": "JNJ",
    "reportedCurrency": "USD",
    "cik": "0000200406",
    "fillingDate": "2015-10-30",
    "acceptedDate": "2015-10-30 16:03:39",
    "calendarYear": "2015",
    "period": "Q3",
    "revenue": 17102000000,
    "costOfRevenue": 5224000000,
    "grossProfit": 11878000000,
    "grossProfitRatio": 0.6945386505,
    "researchAndDevelopmentExpenses": 2154000000,
    "generalAndAdministrativeExpenses": 5081000000,
    "sellingAndMarketingExpenses": 0,
    "sellingGeneralAndAdministrativeExpenses": 5081000000,
    "otherExpenses": 0,
    "operatingExpenses": 7235000000,
    "costAndExpenses": 12459000000,
    "interestIncome": 32000000,
    "interestExpense": 123000000,
    "depreciationAndAmortization": 929000000,
    "ebitda": 5174000000,
    "ebitdaratio": 0.3025377149,
    "operatingIncome": 4643000000,
    "operatingIncomeRatio": 0.2714887148,
    "totalOtherIncomeExpensesNet": -521000000,
    "incomeBeforeTax": 4122000000,
    "incomeBeforeTaxRatio": 0.2410244416,
    "incomeTaxExpense": 764000000,
    "netIncome": 3358000000,
    "netIncomeRatio": 0.1963513039,
    "eps": 1.21,
    "epsdiluted": 1.2,
    "weightedAverageShsOut": 2767281000,
    "weightedAverageShsOutDil": 2807200000,
    "link": "https://www.sec.gov/Archives/edgar/data/200406/000020040615000060/0000200406-15-000060-index.htm",
    "finalLink": "https://www.sec.gov/Archives/edgar/data/200406/000020040615000060/a3q10q9-27x15.htm"
  },
  {
    "date": "2015-06-28",
    "symbol": "JNJ",
    "reportedCurrency": "USD",
    "cik": "0000200406",
    "fillingDate": "2015-07-31",
    "acceptedDate": "2015-07-31 16:28:56",
    "calendarYear": "2015",
    "period": "Q2",
    "revenue": 17787000000,
    "costOfRevenue": 5357000000,
    "grossProfit": 12430000000,
    "grossProfitRatio": 0.6988249845,
    "researchAndDevelopmentExpenses": 2129000000,
    "generalAndAdministrativeExpenses": 5384000000,
    "sellingAndMarketingExpenses": 0,
    "sellingGeneralAndAdministrativeExpenses": 5384000000,
    "otherExpenses": 0,
    "operatingExpenses": 7513000000,
    "costAndExpenses": 12870000000,
    "interestIncome": 24000000,
    "interestExpense": 131000000,
    "depreciationAndAmortization": 889000000,
    "ebitda": 6761000000,
    "ebitdaratio": 0.3801090684,
    "operatingIncome": 4917000000,
    "operatingIncomeRatio": 0.2764378479,
    "totalOtherIncomeExpensesNet": 824000000,
    "incomeBeforeTax": 5741000000,
    "incomeBeforeTaxRatio": 0.3227638163,
    "incomeTaxExpense": 1225000000,
    "netIncome": 4516000000,
    "netIncomeRatio": 0.2538932929,
    "eps": 1.63,
    "epsdiluted": 1.61,
    "weightedAverageShsOut": 2768975000,
    "weightedAverageShsOutDil": 2812000000,
    "link": "https://www.sec.gov/Archives/edgar/data/200406/000020040615000044/0000200406-15-000044-index.htm",
    "finalLink": "https://www.sec.gov/Archives/edgar/data/200406/000020040615000044/a2q10q6-28x15.htm"
  },
  {
    "date": "2015-03-29",
    "symbol": "JNJ",
    "reportedCurrency": "USD",
    "cik": "0000200406",
    "fillingDate": "2015-05-01",
    "acceptedDate": "2015-05-01 16:13:55",
    "calendarYear": "2015",
    "period": "Q1",
    "revenue": 17374000000,
    "costOfRevenue": 5282000000,
    "grossProfit": 12092000000,
    "grossProfitRatio": 0.6959825026,
    "researchAndDevelopmentExpenses": 1899000000,
    "generalAndAdministrativeExpenses": 4847000000,
    "sellingAndMarketingExpenses": 0,
    "sellingGeneralAndAdministrativeExpenses": 4847000000,
    "otherExpenses": 0,
    "operatingExpenses": 6746000000,
    "costAndExpenses": 12028000000,
    "interestIncome": 19000000,
    "interestExpense": 138000000,
    "depreciationAndAmortization": 895000000,
    "ebitda": 6608000000,
    "ebitdaratio": 0.3803384367,
    "operatingIncome": 5346000000,
    "operatingIncomeRatio": 0.3077011627,
    "totalOtherIncomeExpensesNet": 229000000,
    "incomeBeforeTax": 5575000000,
    "incomeBeforeTaxRatio": 0.3208817774,
    "incomeTaxExpense": 1255000000,
    "netIncome": 4320000000,
    "netIncomeRatio": 0.2486474042,
    "eps": 1.56,
    "epsdiluted": 1.53,
    "weightedAverageShsOut": 2775874000,
    "weightedAverageShsOutDil": 2826000000,
    "link": "https://www.sec.gov/Archives/edgar/data/200406/000020040615000019/0000200406-15-000019-index.htm",
    "finalLink": "https://www.sec.gov/Archives/edgar/data/200406/000020040615000019/a1q10q3-29x15.htm"
  },
  {
    "date": "2014-12-28",
    "symbol": "JNJ",
    "reportedCurrency": "USD",
    "cik": "0000200406",
    "fillingDate": "2015-02-24",
    "acceptedDate": "2015-02-23 19:11:03",
    "calendarYear": "2014",
    "period": "Q4",
    "revenue": 18254000000,
    "costOfRevenue": 5853000000,
    "grossProfit": 12401000000,
    "grossProfitRatio": 0.6793579489,
    "researchAndDevelopmentExpenses": 2635000000,
    "generalAndAdministrativeExpenses": 5822000000,
    "sellingAndMarketingExpenses": 0,
    "sellingGeneralAndAdministrativeExpenses": 5822000000,
    "otherExpenses": 0,
    "operatingExpenses": 8457000000,
    "costAndExpenses": 14310000000,
    "interestIncome": 17000000,
    "interestExpense": 139000000,
    "depreciationAndAmortization": 991000000,
    "ebitda": 3833000000,
    "ebitdaratio": 0.2099813739,
    "operatingIncome": 3944000000,
    "operatingIncomeRatio": 0.2160622329,
    "totalOtherIncomeExpensesNet": -1241000000,
    "incomeBeforeTax": 2703000000,
    "incomeBeforeTaxRatio": 0.1480771338,
    "incomeTaxExpense": 182000000,
    "netIncome": 2521000000,
    "netIncomeRatio": 0.1381067163,
    "eps": 0.91,
    "epsdiluted": 0.89,
    "weightedAverageShsOut": 2783223000,
    "weightedAverageShsOutDil": 2845300000,
    "link": "https://www.sec.gov/Archives/edgar/data/200406/000020040615000004/0000200406-15-000004-index.htm",
    "finalLink": "https://www.sec.gov/Archives/edgar/data/200406/000020040615000004/a2014122810-k.htm"
  },
  {
    "date": "2014-09-28",
    "symbol": "JNJ",
    "reportedCurrency": "USD",
    "cik": "0000200406",
    "fillingDate": "2014-10-30",
    "acceptedDate": "2014-10-30 17:09:48",
    "calendarYear": "2014",
    "period": "Q3",
    "revenue": 18467000000,
    "costOfRevenue": 5399000000,
    "grossProfit": 13068000000,
    "grossProfitRatio": 0.7076406563,
    "researchAndDevelopmentExpenses": 2023000000,
    "generalAndAdministrativeExpenses": 5468000000,
    "sellingAndMarketingExpenses": 0,
    "sellingGeneralAndAdministrativeExpenses": 5468000000,
    "otherExpenses": 0,
    "operatingExpenses": 7491000000,
    "costAndExpenses": 12890000000,
    "interestIncome": 18000000,
    "interestExpense": 130000000,
    "depreciationAndAmortization": 939000000,
    "ebitda": 7879000000,
    "ebitdaratio": 0.4266529485,
    "operatingIncome": 5577000000,
    "operatingIncomeRatio": 0.3019981589,
    "totalOtherIncomeExpensesNet": 1233000000,
    "incomeBeforeTax": 6810000000,
    "incomeBeforeTaxRatio": 0.3687659068,
    "incomeTaxExpense": 2061000000,
    "netIncome": 4749000000,
    "netIncomeRatio": 0.2571614231,
    "eps": 1.69,
    "epsdiluted": 1.66,
    "weightedAverageShsOut": 2804056000,
    "weightedAverageShsOutDil": 2864300000,
    "link": "https://www.sec.gov/Archives/edgar/data/200406/000020040614000097/0000200406-14-000097-index.htm",
    "finalLink": "https://www.sec.gov/Archives/edgar/data/200406/000020040614000097/a3q10q9-28x14.htm"
  },
  {
    "date": "2014-06-29",
    "symbol": "JNJ",
    "reportedCurrency": "USD",
    "cik": "0000200406",
    "fillingDate": "2014-08-01",
    "acceptedDate": "2014-08-01 16:57:55",
    "calendarYear": "2014",
    "period": "Q2",
    "revenue": 19495000000,
    "costOfRevenue": 6039000000,
    "grossProfit": 13456000000,
    "grossProfitRatio": 0.6902282637,
    "researchAndDevelopmentExpenses": 2005000000,
    "generalAndAdministrativeExpenses": 5481000000,
    "sellingAndMarketingExpenses": 0,
    "sellingGeneralAndAdministrativeExpenses": 5481000000,
    "otherExpenses": 0,
    "operatingExpenses": 7486000000,
    "costAndExpenses": 13525000000,
    "interestIncome": 14000000,
    "interestExpense": 128000000,
    "depreciationAndAmortization": 952000000,
    "ebitda": 6706000000,
    "ebitdaratio": 0.3439856373,
    "operatingIncome": 5970000000,
    "operatingIncomeRatio": 0.3062323673,
    "totalOtherIncomeExpensesNet": -344000000,
    "incomeBeforeTax": 5626000000,
    "incomeBeforeTaxRatio": 0.2885868171,
    "incomeTaxExpense": 1300000000,
    "netIncome": 4326000000,
    "netIncomeRatio": 0.2219030521,
    "eps": 1.53,
    "epsdiluted": 1.51,
    "weightedAverageShsOut": 2822579000,
    "weightedAverageShsOutDil": 2874200000,
    "link": "https://www.sec.gov/Archives/edgar/data/200406/000020040614000089/0000200406-14-000089-index.htm",
    "finalLink": "https://www.sec.gov/Archives/edgar/data/200406/000020040614000089/a2q10q6-29x14.htm"
  },
  {
    "date": "2014-03-30",
    "symbol": "JNJ",
    "reportedCurrency": "USD",
    "cik": "0000200406",
    "fillingDate": "2014-05-02",
    "acceptedDate": "2014-05-02 16:09:37",
    "calendarYear": "2014",
    "period": "Q1",
    "revenue": 18115000000,
    "costOfRevenue": 5455000000,
    "grossProfit": 12660000000,
    "grossProfitRatio": 0.6988683412,
    "researchAndDevelopmentExpenses": 1831000000,
    "generalAndAdministrativeExpenses": 5183000000,
    "sellingAndMarketingExpenses": 0,
    "sellingGeneralAndAdministrativeExpenses": 5183000000,
    "otherExpenses": 0,
    "operatingExpenses": 7014000000,
    "costAndExpenses": 12469000000,
    "interestIncome": 18000000,
    "interestExpense": 136000000,
    "depreciationAndAmortization": 1013000000,
    "ebitda": 6573000000,
    "ebitdaratio": 0.3628484681,
    "operatingIncome": 5646000000,
    "operatingIncomeRatio": 0.3116754071,
    "totalOtherIncomeExpensesNet": -222000000,
    "incomeBeforeTax": 5424000000,
    "incomeBeforeTaxRatio": 0.2994203699,
    "incomeTaxExpense": 697000000,
    "netIncome": 4727000000,
    "netIncomeRatio": 0.2609439691,
    "eps": 1.67,
    "epsdiluted": 1.64,
    "weightedAverageShsOut": 2827641000,
    "weightedAverageShsOutDil": 2874700000,
    "link": "https://www.sec.gov/Archives/edgar/data/200406/000020040614000047/0000200406-14-000047-index.htm",
    "finalLink": "https://www.sec.gov/Archives/edgar/data/200406/000020040614000047/a1q10q3-30x14.htm"
  },
  {
    "date": "2013-12-29",
    "symbol": "JNJ",
    "reportedCurrency": "USD",
    "cik": "0000200406",
    "fillingDate": "2014-02-21",
    "acceptedDate": "2014-02-21 14:29:51",
    "calendarYear": "2013",
    "period": "Q4",
    "revenue": 18355000000,
    "costOfRevenue": 5955000000,
    "grossProfit": 12400000000,
    "grossProfitRatio": 0.6755652411,
    "researchAndDevelopmentExpenses": 2411000000,
    "generalAndAdministrativeExpenses": 5917000000,
    "sellingAndMarketingExpenses": 0,
    "sellingGeneralAndAdministrativeExpenses": 5917000000,
    "otherExpenses": 0,
    "operatingExpenses": 8328000000,
    "costAndExpenses": 14283000000,
    "interestIncome": 18000000,
    "interestExpense": 134000000,
    "depreciationAndAmortization": 1102000000,
    "ebitda": 3986000000,
    "ebitdaratio": 0.2171615364,
    "operatingIncome": 4072000000,
    "operatingIncomeRatio": 0.2218469082,
    "totalOtherIncomeExpensesNet": -1322000000,
    "incomeBeforeTax": 2750000000,
    "incomeBeforeTaxRatio": 0.1498229365,
    "incomeTaxExpense": -769000000,
    "netIncome": 3519000000,
    "netIncomeRatio": 0.1917188777,
    "eps": 1.25,
    "epsdiluted": 1.23,
    "weightedAverageShsOut": 2820628000,
    "weightedAverageShsOutDil": 2872000000,
    "link": "https://www.sec.gov/Archives/edgar/data/200406/000020040614000033/0000200406-14-000033-index.htm",
    "finalLink": "https://www.sec.gov/Archives/edgar/data/200406/000020040614000033/a2013122910-k.htm"
  },
  {
    "date": "2013-09-29",
    "symbol": "JNJ",
    "reportedCurrency": "USD",
    "cik": "0000200406",
    "fillingDate": "2013-11-04",
    "acceptedDate": "2013-11-04 16:40:59",
    "calendarYear": "2013",
    "period": "Q3",
    "revenue": 17575000000,
    "costOfRevenue": 5344000000,
    "grossProfit": 12231000000,
    "grossProfitRatio": 0.6959317212,
    "researchAndDevelopmentExpenses": 2042000000,
    "generalAndAdministrativeExpenses": 5314000000,
    "sellingAndMarketingExpenses": 0,
    "sellingGeneralAndAdministrativeExpenses": 5314000000,
    "otherExpenses": 0,
    "operatingExpenses": 7356000000,
    "costAndExpenses": 12700000000,
    "interestIncome": 18000000,
    "interestExpense": 105000000,
    "depreciationAndAmortization": 976000000,
    "ebitda": 4748000000,
    "ebitdaratio": 0.2701564723,
    "operatingIncome": 4875000000,
    "operatingIncomeRatio": 0.2773826458,
    "totalOtherIncomeExpensesNet": -1208000000,
    "incomeBeforeTax": 3667000000,
    "incomeBeforeTaxRatio": 0.2086486486,
    "incomeTaxExpense": 685000000,
    "netIncome": 2982000000,
    "netIncomeRatio": 0.1696728307,
    "eps": 1.06,
    "epsdiluted": 1.04,
    "weightedAverageShsOut": 2820659000,
    "weightedAverageShsOutDil": 2881200000,
    "link": "https://www.sec.gov/Archives/edgar/data/200406/000020040613000112/0000200406-13-000112-index.htm",
    "finalLink": "https://www.sec.gov/Archives/edgar/data/200406/000020040613000112/a3q10q9-29x13.htm"
  },
  {
    "date": "2013-06-30",
    "symbol": "JNJ",
    "reportedCurrency": "USD",
    "cik": "0000200406",
    "fillingDate": "2013-08-01",
    "acceptedDate": "2013-08-01 16:35:28",
    "calendarYear": "2013",
    "period": "Q2",
    "revenue": 17877000000,
    "costOfRevenue": 5489000000,
    "grossProfit": 12388000000,
    "grossProfitRatio": 0.6929574313,
    "researchAndDevelopmentExpenses": 1946000000,
    "generalAndAdministrativeExpenses": 5376000000,
    "sellingAndMarketingExpenses": 0,
    "sellingGeneralAndAdministrativeExpenses": 5376000000,
    "otherExpenses": 0,
    "operatingExpenses": 7322000000,
    "costAndExpenses": 12811000000,
    "interestIncome": 17000000,
    "interestExpense": 118000000,
    "depreciationAndAmortization": 990000000,
    "ebitda": 5901000000,
    "ebitdaratio": 0.3300889411,
    "operatingIncome": 5066000000,
    "operatingIncomeRatio": 0.2833808805,
    "totalOtherIncomeExpensesNet": -273000000,
    "incomeBeforeTax": 4793000000,
    "incomeBeforeTaxRatio": 0.2681098618,
    "incomeTaxExpense": 960000000,
    "netIncome": 3833000000,
    "netIncomeRatio": 0.2144095766,
    "eps": 1.36,
    "epsdiluted": 1.33,
    "weightedAverageShsOut": 2814188000,
    "weightedAverageShsOutDil": 2893000000,
    "link": "https://www.sec.gov/Archives/edgar/data/200406/000020040613000091/0000200406-13-000091-index.htm",
    "finalLink": "https://www.sec.gov/Archives/edgar/data/200406/000020040613000091/a2q10q6-30x13.htm"
  },
  {
    "date": "2013-03-31",
    "symbol": "JNJ",
    "reportedCurrency": "USD",
    "cik": "0000200406",
    "fillingDate": "2013-05-03",
    "acceptedDate": "2013-05-03 16:03:53",
    "calendarYear": "2013",
    "period": "Q1",
    "revenue": 17505000000,
    "costOfRevenue": 5554000000,
    "grossProfit": 11951000000,
    "grossProfitRatio": 0.6827192231,
    "researchAndDevelopmentExpenses": 1784000000,
    "generalAndAdministrativeExpenses": 5223000000,
    "sellingAndMarketingExpenses": 0,
    "sellingGeneralAndAdministrativeExpenses": 5223000000,
    "otherExpenses": 0,
    "operatingExpenses": 7007000000,
    "costAndExpenses": 12561000000,
    "interestIncome": 21000000,
    "interestExpense": 125000000,
    "depreciationAndAmortization": 1036000000,
    "ebitda": 5422000000,
    "ebitdaratio": 0.3097400743,
    "operatingIncome": 4944000000,
    "operatingIncomeRatio": 0.2824335904,
    "totalOtherIncomeExpensesNet": -683000000,
    "incomeBeforeTax": 4261000000,
    "incomeBeforeTaxRatio": 0.2434161668,
    "incomeTaxExpense": 764000000,
    "netIncome": 3497000000,
    "netIncomeRatio": 0.1997714939,
    "eps": 1.25,
    "epsdiluted": 1.22,
    "weightedAverageShsOut": 2803164000,
    "weightedAverageShsOutDil": 2858800000,
    "link": "https://www.sec.gov/Archives/edgar/data/200406/000020040613000057/0000200406-13-000057-index.htm",
    "finalLink": "https://www.sec.gov/Archives/edgar/data/200406/000020040613000057/a1q10q3-31x13.htm"
  },
  {
    "date": "2012-12-30",
    "symbol": "JNJ",
    "reportedCurrency": "USD",
    "cik": "0000200406",
    "fillingDate": "2013-02-22",
    "acceptedDate": "2013-02-21 18:44:12",
    "calendarYear": "2012",
    "period": "Q4",
    "revenue": 17558000000,
    "costOfRevenue": 6003000000,
    "grossProfit": 11555000000,
    "grossProfitRatio": 0.6581045677,
    "researchAndDevelopmentExpenses": 2331000000,
    "generalAndAdministrativeExpenses": 0,
    "sellingAndMarketingExpenses": 0,
    "sellingGeneralAndAdministrativeExpenses": 5661000000,
    "otherExpenses": 0,
    "operatingExpenses": 7992000000,
    "costAndExpenses": 13995000000,
    "interestIncome": 18000000,
    "interestExpense": 107000000,
    "depreciationAndAmortization": 1036000000,
    "ebitda": 4243000000,
    "ebitdaratio": 0.2416562251,
    "operatingIncome": 3563000000,
    "operatingIncomeRatio": 0.2029274405,
    "totalOtherIncomeExpensesNet": -463000000,
    "incomeBeforeTax": 3100000000,
    "incomeBeforeTaxRatio": 0.1765576945,
    "incomeTaxExpense": 533000000,
    "netIncome": 2567000000,
    "netIncomeRatio": 0.1462011619,
    "eps": 0.92,
    "epsdiluted": 0.91,
    "weightedAverageShsOut": 2778489000,
    "weightedAverageShsOutDil": 2833400000,
    "link": "https://www.sec.gov/Archives/edgar/data/200406/000020040613000038/0000200406-13-000038-index.htm",
    "finalLink": "https://www.sec.gov/Archives/edgar/data/200406/000020040613000038/a2012123010-k.htm"
  },
  {
    "date": "2012-09-30",
    "symbol": "JNJ",
    "reportedCurrency": "USD",
    "cik": "0000200406",
    "fillingDate": "2012-11-09",
    "acceptedDate": "2012-11-08 18:28:56",
    "calendarYear": "2012",
    "period": "Q3",
    "revenue": 17052000000,
    "costOfRevenue": 5597000000,
    "grossProfit": 11455000000,
    "grossProfitRatio": 0.6717687075,
    "researchAndDevelopmentExpenses": 1923000000,
    "generalAndAdministrativeExpenses": 5228000000,
    "sellingAndMarketingExpenses": 0,
    "sellingGeneralAndAdministrativeExpenses": 5228000000,
    "otherExpenses": 0,
    "operatingExpenses": 7151000000,
    "costAndExpenses": 12748000000,
    "interestIncome": 15000000,
    "interestExpense": 135000000,
    "depreciationAndAmortization": 1005000000,
    "ebitda": 4735000000,
    "ebitdaratio": 0.2776800375,
    "operatingIncome": 4304000000,
    "operatingIncomeRatio": 0.25240441,
    "totalOtherIncomeExpensesNet": -709000000,
    "incomeBeforeTax": 3595000000,
    "incomeBeforeTaxRatio": 0.2108257096,
    "incomeTaxExpense": 966000000,
    "netIncome": 2968000000,
    "netIncomeRatio": 0.1740558292,
    "eps": 1.07,
    "epsdiluted": 1.05,
    "weightedAverageShsOut": 2762558000,
    "weightedAverageShsOutDil": 2818100000,
    "link": "https://www.sec.gov/Archives/edgar/data/200406/000020040612000140/0000200406-12-000140-index.htm",
    "finalLink": "https://www.sec.gov/Archives/edgar/data/200406/000020040612000140/jnj3q930201210q.htm"
  },
  {
    "date": "2012-07-01",
    "symbol": "JNJ",
    "reportedCurrency": "USD",
    "cik": "0000200406",
    "fillingDate": "2012-08-02",
    "acceptedDate": "2012-08-01 17:40:10",
    "calendarYear": "2012",
    "period": "Q2",
    "revenue": 16475000000,
    "costOfRevenue": 5143000000,
    "grossProfit": 11332000000,
    "grossProfitRatio": 0.6878300455,
    "researchAndDevelopmentExpenses": 1766000000,
    "generalAndAdministrativeExpenses": 4965000000,
    "sellingAndMarketingExpenses": 0,
    "sellingGeneralAndAdministrativeExpenses": 4965000000,
    "otherExpenses": 0,
    "operatingExpenses": 6731000000,
    "costAndExpenses": 11874000000,
    "interestIncome": 14000000,
    "interestExpense": 143000000,
    "depreciationAndAmortization": 852000000,
    "ebitda": 3030000000,
    "ebitdaratio": 0.1839150228,
    "operatingIncome": 4601000000,
    "operatingIncomeRatio": 0.2792716237,
    "totalOtherIncomeExpensesNet": -2566000000,
    "incomeBeforeTax": 2035000000,
    "incomeBeforeTaxRatio": 0.1235204856,
    "incomeTaxExpense": 627000000,
    "netIncome": 1408000000,
    "netIncomeRatio": 0.0854628225,
    "eps": 0.51,
    "epsdiluted": 0.5,
    "weightedAverageShsOut": 2750559000,
    "weightedAverageShsOutDil": 2798200000,
    "link": "https://www.sec.gov/Archives/edgar/data/200406/000020040612000119/0000200406-12-000119-index.htm",
    "finalLink": "https://www.sec.gov/Archives/edgar/data/200406/000020040612000119/jnj2q71201210q.htm"
  },
  {
    "date": "2012-04-01",
    "symbol": "JNJ",
    "reportedCurrency": "USD",
    "cik": "0000200406",
    "fillingDate": "2012-05-07",
    "acceptedDate": "2012-05-07 16:59:07",
    "calendarYear": "2012",
    "period": "Q1",
    "revenue": 16139000000,
    "costOfRevenue": 4915000000,
    "grossProfit": 11224000000,
    "grossProfitRatio": 0.6954582068,
    "researchAndDevelopmentExpenses": 1645000000,
    "generalAndAdministrativeExpenses": 5015000000,
    "sellingAndMarketingExpenses": 0,
    "sellingGeneralAndAdministrativeExpenses": 5015000000,
    "otherExpenses": 0,
    "operatingExpenses": 6660000000,
    "costAndExpenses": 11575000000,
    "interestIncome": 17000000,
    "interestExpense": 147000000,
    "depreciationAndAmortization": 773000000,
    "ebitda": 5965000000,
    "ebitdaratio": 0.3696015862,
    "operatingIncome": 4564000000,
    "operatingIncomeRatio": 0.2827932338,
    "totalOtherIncomeExpensesNet": 481000000,
    "incomeBeforeTax": 5045000000,
    "incomeBeforeTaxRatio": 0.3125968152,
    "incomeTaxExpense": 1135000000,
    "netIncome": 3910000000,
    "netIncomeRatio": 0.242270277,
    "eps": 1.42,
    "epsdiluted": 1.41,
    "weightedAverageShsOut": 2745721000,
    "weightedAverageShsOutDil": 2774900000,
    "link": "https://www.sec.gov/Archives/edgar/data/200406/000020040612000081/0000200406-12-000081-index.htm",
    "finalLink": "https://www.sec.gov/Archives/edgar/data/200406/000020040612000081/jnj41201210q.htm"
  },
  {
    "date": "2012-01-01",
    "symbol": "JNJ",
    "reportedCurrency": "USD",
    "cik": "0000200406",
    "fillingDate": "2012-02-23",
    "acceptedDate": "2012-02-23 17:11:21",
    "calendarYear": "2011",
    "period": "Q4",
    "revenue": 16255000000,
    "costOfRevenue": 5338000000,
    "grossProfit": 10917000000,
    "grossProfitRatio": 0.6716087358,
    "researchAndDevelopmentExpenses": 2155000000,
    "generalAndAdministrativeExpenses": 0,
    "sellingAndMarketingExpenses": 0,
    "sellingGeneralAndAdministrativeExpenses": 5458000000,
    "otherExpenses": 0,
    "operatingExpenses": 7613000000,
    "costAndExpenses": 12951000000,
    "interestIncome": 35000000,
    "interestExpense": 183000000,
    "depreciationAndAmortization": 843000000,
    "ebitda": 1344000000,
    "ebitdaratio": 0.0826822516,
    "operatingIncome": 3304000000,
    "operatingIncomeRatio": 0.2032605352,
    "totalOtherIncomeExpensesNet": -2986000000,
    "incomeBeforeTax": 318000000,
    "incomeBeforeTaxRatio": 0.0195632113,
    "incomeTaxExpense": 100000000,
    "netIncome": 218000000,
    "netIncomeRatio": 0.0134112581,
    "eps": 0.09,
    "epsdiluted": 0.09,
    "weightedAverageShsOut": 2728500000,
    "weightedAverageShsOutDil": 2768400000,
    "link": "https://www.sec.gov/Archives/edgar/data/200406/000119312512075565/0001193125-12-075565-index.htm",
    "finalLink": "https://www.sec.gov/Archives/edgar/data/200406/000119312512075565/d281803d10k.htm"
  },
  {
    "date": "2011-10-02",
    "symbol": "JNJ",
    "reportedCurrency": "USD",
    "cik": "0000200406",
    "fillingDate": "2011-11-08",
    "acceptedDate": "2011-11-08 16:03:17",
    "calendarYear": "2011",
    "period": "Q3",
    "revenue": 16005000000,
    "costOfRevenue": 5072000000,
    "grossProfit": 10933000000,
    "grossProfitRatio": 0.6830990316,
    "researchAndDevelopmentExpenses": 1773000000,
    "generalAndAdministrativeExpenses": 0,
    "sellingAndMarketingExpenses": 0,
    "sellingGeneralAndAdministrativeExpenses": 5240000000,
    "otherExpenses": 0,
    "operatingExpenses": 7013000000,
    "costAndExpenses": 12085000000,
    "interestIncome": 17000000,
    "interestExpense": 134000000,
    "depreciationAndAmortization": 783000000,
    "ebitda": 5028000000,
    "ebitdaratio": 0.3141518276,
    "operatingIncome": 3920000000,
    "operatingIncomeRatio": 0.2449234614,
    "totalOtherIncomeExpensesNet": 191000000,
    "incomeBeforeTax": 4111000000,
    "incomeBeforeTaxRatio": 0.2568572321,
    "incomeTaxExpense": 909000000,
    "netIncome": 3202000000,
    "netIncomeRatio": 0.2000624805,
    "eps": 1.17,
    "epsdiluted": 1.15,
    "weightedAverageShsOut": 2732251000,
    "weightedAverageShsOutDil": 2778200000,
    "link": "https://www.sec.gov/Archives/edgar/data/200406/000095012311096471/0000950123-11-096471-index.htm",
    "finalLink": "https://www.sec.gov/Archives/edgar/data/200406/000095012311096471/y93154e10vq.htm"
  },
  {
    "date": "2011-07-03",
    "symbol": "JNJ",
    "reportedCurrency": "USD",
    "cik": "0000200406",
    "fillingDate": "2011-08-09",
    "acceptedDate": "2011-08-09 16:16:33",
    "calendarYear": "2011",
    "period": "Q2",
    "revenue": 16597000000,
    "costOfRevenue": 5172000000,
    "grossProfit": 11425000000,
    "grossProfitRatio": 0.6883774176,
    "researchAndDevelopmentExpenses": 1882000000,
    "generalAndAdministrativeExpenses": 0,
    "sellingAndMarketingExpenses": 0,
    "sellingGeneralAndAdministrativeExpenses": 5215000000,
    "otherExpenses": 0,
    "operatingExpenses": 7097000000,
    "costAndExpenses": 12269000000,
    "interestIncome": 18000000,
    "interestExpense": 129000000,
    "depreciationAndAmortization": 777000000,
    "ebitda": 4328000000,
    "ebitdaratio": 0.2607700187,
    "operatingIncome": 4328000000,
    "operatingIncomeRatio": 0.2607700187,
    "totalOtherIncomeExpensesNet": -906000000,
    "incomeBeforeTax": 3422000000,
    "incomeBeforeTaxRatio": 0.2061818401,
    "incomeTaxExpense": 646000000,
    "netIncome": 2776000000,
    "netIncomeRatio": 0.1672591432,
    "eps": 1.01,
    "epsdiluted": 1,
    "weightedAverageShsOut": 2740580000,
    "weightedAverageShsOutDil": 2781300000,
    "link": "https://www.sec.gov/Archives/edgar/data/200406/000095012311075098/0000950123-11-075098-index.htm",
    "finalLink": "https://www.sec.gov/Archives/edgar/data/200406/000095012311075098/y91358e10vq.htm"
  },
  {
    "date": "2011-04-03",
    "symbol": "JNJ",
    "reportedCurrency": "USD",
    "cik": "0000200406",
    "fillingDate": "2011-05-10",
    "acceptedDate": "2011-05-10 14:05:22",
    "calendarYear": "2011",
    "period": "Q1",
    "revenue": 16173000000,
    "costOfRevenue": 4778000000,
    "grossProfit": 11395000000,
    "grossProfitRatio": 0.704569344,
    "researchAndDevelopmentExpenses": 1738000000,
    "generalAndAdministrativeExpenses": 0,
    "sellingAndMarketingExpenses": 0,
    "sellingGeneralAndAdministrativeExpenses": 5056000000,
    "otherExpenses": 0,
    "operatingExpenses": 6794000000,
    "costAndExpenses": 11572000000,
    "interestIncome": 21000000,
    "interestExpense": 125000000,
    "depreciationAndAmortization": 755000000,
    "ebitda": 5390000000,
    "ebitdaratio": 0.3332715019,
    "operatingIncome": 4601000000,
    "operatingIncomeRatio": 0.2844864898,
    "totalOtherIncomeExpensesNet": -91000000,
    "incomeBeforeTax": 4510000000,
    "incomeBeforeTaxRatio": 0.2788598281,
    "incomeTaxExpense": 1034000000,
    "netIncome": 3476000000,
    "netIncomeRatio": 0.2149261114,
    "eps": 1.27,
    "epsdiluted": 1.25,
    "weightedAverageShsOut": 2738454000,
    "weightedAverageShsOutDil": 2772700000,
    "link": "https://www.sec.gov/Archives/edgar/data/200406/000095012311048125/0000950123-11-048125-index.htm",
    "finalLink": "https://www.sec.gov/Archives/edgar/data/200406/000095012311048125/y90387e10vq.htm"
  },
  {
    "date": "2011-01-02",
    "symbol": "JNJ",
    "reportedCurrency": "USD",
    "cik": "0000200406",
    "fillingDate": "2011-02-25",
    "acceptedDate": "2011-02-24 21:48:40",
    "calendarYear": "2010",
    "period": "Q4",
    "revenue": 15644000000,
    "costOfRevenue": 5040000000,
    "grossProfit": 10604000000,
    "grossProfitRatio": 0.6778317566,
    "researchAndDevelopmentExpenses": 1982000000,
    "generalAndAdministrativeExpenses": 0,
    "sellingAndMarketingExpenses": 0,
    "sellingGeneralAndAdministrativeExpenses": 5180000000,
    "otherExpenses": 0,
    "operatingExpenses": 7162000000,
    "costAndExpenses": 12202000000,
    "interestIncome": 24000000,
    "interestExpense": 138000000,
    "depreciationAndAmortization": 769000000,
    "ebitda": 3135000000,
    "ebitdaratio": 0.2003963181,
    "operatingIncome": 3442000000,
    "operatingIncomeRatio": 0.2200204551,
    "totalOtherIncomeExpensesNet": -1214000000,
    "incomeBeforeTax": 2228000000,
    "incomeBeforeTaxRatio": 0.1424188187,
    "incomeTaxExpense": 286000000,
    "netIncome": 1942000000,
    "netIncomeRatio": 0.1241370493,
    "eps": 0.71,
    "epsdiluted": 0.7,
    "weightedAverageShsOut": 2743000000,
    "weightedAverageShsOutDil": 2779200000,
    "link": "https://www.sec.gov/Archives/edgar/data/200406/000095012311018128/0000950123-11-018128-index.htm",
    "finalLink": "https://www.sec.gov/Archives/edgar/data/200406/000095012311018128/y86310ke10vk.htm"
  },
  {
    "date": "2010-10-03",
    "symbol": "JNJ",
    "reportedCurrency": "USD",
    "cik": "0000200406",
    "fillingDate": "2010-11-10",
    "acceptedDate": "2010-11-10 14:29:23",
    "calendarYear": "2010",
    "period": "Q3",
    "revenue": 14982000000,
    "costOfRevenue": 4594000000,
    "grossProfit": 10388000000,
    "grossProfitRatio": 0.6933653718,
    "researchAndDevelopmentExpenses": 1657000000,
    "generalAndAdministrativeExpenses": 0,
    "sellingAndMarketingExpenses": 0,
    "sellingGeneralAndAdministrativeExpenses": 4709000000,
    "otherExpenses": 0,
    "operatingExpenses": 6366000000,
    "costAndExpenses": 10960000000,
    "interestIncome": 13000000,
    "interestExpense": 108000000,
    "depreciationAndAmortization": 725000000,
    "ebitda": 5052000000,
    "ebitdaratio": 0.3372046456,
    "operatingIncome": 4022000000,
    "operatingIncomeRatio": 0.2684554799,
    "totalOtherIncomeExpensesNet": 197000000,
    "incomeBeforeTax": 4219000000,
    "incomeBeforeTaxRatio": 0.2816045922,
    "incomeTaxExpense": 802000000,
    "netIncome": 3417000000,
    "netIncomeRatio": 0.2280736884,
    "eps": 1.24,
    "epsdiluted": 1.23,
    "weightedAverageShsOut": 2747711000,
    "weightedAverageShsOutDil": 2786400000,
    "link": "https://www.sec.gov/Archives/edgar/data/200406/000095012310103817/0000950123-10-103817-index.htm",
    "finalLink": "https://www.sec.gov/Archives/edgar/data/200406/000095012310103817/y86465e10vq.htm"
  },
  {
    "date": "2010-07-04",
    "symbol": "JNJ",
    "reportedCurrency": "USD",
    "cik": "0000200406",
    "fillingDate": "2010-08-11",
    "acceptedDate": "2010-08-11 14:22:58",
    "calendarYear": "2010",
    "period": "Q2",
    "revenue": 15330000000,
    "costOfRevenue": 4630000000,
    "grossProfit": 10700000000,
    "grossProfitRatio": 0.6979778213,
    "researchAndDevelopmentExpenses": 1648000000,
    "generalAndAdministrativeExpenses": 0,
    "sellingAndMarketingExpenses": 0,
    "sellingGeneralAndAdministrativeExpenses": 4756000000,
    "otherExpenses": 0,
    "operatingExpenses": 6404000000,
    "costAndExpenses": 11034000000,
    "interestIncome": 43000000,
    "interestExpense": 101000000,
    "depreciationAndAmortization": 711000000,
    "ebitda": 5032000000,
    "ebitdaratio": 0.3282452707,
    "operatingIncome": 4296000000,
    "operatingIncomeRatio": 0.2802348337,
    "totalOtherIncomeExpensesNet": -76000000,
    "incomeBeforeTax": 4220000000,
    "incomeBeforeTaxRatio": 0.2752772342,
    "incomeTaxExpense": 771000000,
    "netIncome": 3449000000,
    "netIncomeRatio": 0.2249836921,
    "eps": 1.25,
    "epsdiluted": 1.23,
    "weightedAverageShsOut": 2755400000,
    "weightedAverageShsOutDil": 2796000000,
    "link": "https://www.sec.gov/Archives/edgar/data/200406/000095012310076076/0000950123-10-076076-index.htm",
    "finalLink": "https://www.sec.gov/Archives/edgar/data/200406/000095012310076076/y84968e10vq.htm"
  },
  {
    "date": "2010-04-04",
    "symbol": "JNJ",
    "reportedCurrency": "USD",
    "cik": "0000200406",
    "fillingDate": "2010-05-10",
    "acceptedDate": "2010-05-10 17:04:51",
    "calendarYear": "2010",
    "period": "Q1",
    "revenue": 15631000000,
    "costOfRevenue": 4528000000,
    "grossProfit": 11103000000,
    "grossProfitRatio": 0.7103192374,
    "researchAndDevelopmentExpenses": 1557000000,
    "generalAndAdministrativeExpenses": 0,
    "sellingAndMarketingExpenses": 0,
    "sellingGeneralAndAdministrativeExpenses": 4779000000,
    "otherExpenses": 0,
    "operatingExpenses": 6336000000,
    "costAndExpenses": 10864000000,
    "interestIncome": 27000000,
    "interestExpense": 108000000,
    "depreciationAndAmortization": 734000000,
    "ebitda": 7122000000,
    "ebitdaratio": 0.4556330369,
    "operatingIncome": 4767000000,
    "operatingIncomeRatio": 0.3049708912,
    "totalOtherIncomeExpensesNet": 1513000000,
    "incomeBeforeTax": 6280000000,
    "incomeBeforeTaxRatio": 0.401765722,
    "incomeTaxExpense": 1754000000,
    "netIncome": 4526000000,
    "netIncomeRatio": 0.2895528117,
    "eps": 1.64,
    "epsdiluted": 1.62,
    "weightedAverageShsOut": 2757834000,
    "weightedAverageShsOutDil": 2797300000,
    "link": "https://www.sec.gov/Archives/edgar/data/200406/000095012310047299/0000950123-10-047299-index.htm",
    "finalLink": "https://www.sec.gov/Archives/edgar/data/200406/000095012310047299/y83341e10vq.htm"
  },
  {
    "date": "2010-01-03",
    "symbol": "JNJ",
    "reportedCurrency": "USD",
    "cik": "0000200406",
    "fillingDate": "2010-03-01",
    "acceptedDate": "2010-03-01 16:50:02",
    "calendarYear": "2009",
    "period": "Q4",
    "revenue": 16551000000,
    "costOfRevenue": 5312000000,
    "grossProfit": 11239000000,
    "grossProfitRatio": 0.6790526252,
    "researchAndDevelopmentExpenses": 2213000000,
    "generalAndAdministrativeExpenses": 0,
    "sellingAndMarketingExpenses": 0,
    "sellingGeneralAndAdministrativeExpenses": 5629000000,
    "otherExpenses": 0,
    "operatingExpenses": 7842000000,
    "costAndExpenses": 13154000000,
    "interestIncome": 12000000,
    "interestExpense": 93000000,
    "depreciationAndAmortization": 744000000,
    "ebitda": 3441000000,
    "ebitdaratio": 0.2079028457,
    "operatingIncome": 3397000000,
    "operatingIncomeRatio": 0.2052443961,
    "totalOtherIncomeExpensesNet": -793000000,
    "incomeBeforeTax": 2604000000,
    "incomeBeforeTaxRatio": 0.1573318833,
    "incomeTaxExpense": 398000000,
    "netIncome": 2206000000,
    "netIncomeRatio": 0.1332849979,
    "eps": 0.81,
    "epsdiluted": 0.79,
    "weightedAverageShsOut": 2758000000,
    "weightedAverageShsOutDil": 2792700000,
    "link": "https://www.sec.gov/Archives/edgar/data/200406/000095012310019392/0000950123-10-019392-index.htm",
    "finalLink": "https://www.sec.gov/Archives/edgar/data/200406/000095012310019392/y80744e10vk.htm"
  },
  {
    "date": "2009-09-27",
    "symbol": "JNJ",
    "reportedCurrency": "USD",
    "cik": "0000200406",
    "fillingDate": "2009-11-04",
    "acceptedDate": "2009-11-04 16:36:51",
    "calendarYear": "2009",
    "period": "Q3",
    "revenue": 15081000000,
    "costOfRevenue": 4434000000,
    "grossProfit": 10647000000,
    "grossProfitRatio": 0.7059876666,
    "researchAndDevelopmentExpenses": 1617000000,
    "generalAndAdministrativeExpenses": 0,
    "sellingAndMarketingExpenses": 0,
    "sellingGeneralAndAdministrativeExpenses": 4767000000,
    "otherExpenses": 0,
    "operatingExpenses": 6384000000,
    "costAndExpenses": 10818000000,
    "interestIncome": 28000000,
    "interestExpense": 142000000,
    "depreciationAndAmortization": 675000000,
    "ebitda": 5062000000,
    "ebitdaratio": 0.3356541343,
    "operatingIncome": 4263000000,
    "operatingIncomeRatio": 0.2826735628,
    "totalOtherIncomeExpensesNet": -18000000,
    "incomeBeforeTax": 4245000000,
    "incomeBeforeTaxRatio": 0.281480008,
    "incomeTaxExpense": 900000000,
    "netIncome": 3345000000,
    "netIncomeRatio": 0.2218022678,
    "eps": 1.2,
    "epsdiluted": 1.2,
    "weightedAverageShsOut": 2793000000,
    "weightedAverageShsOutDil": 2793000000,
    "link": "https://www.sec.gov/Archives/edgar/data/200406/000095012309057624/0000950123-09-057624-index.htm",
    "finalLink": "https://www.sec.gov/Archives/edgar/data/200406/000095012309057624/y79425e10vq.htm"
  },
  {
    "date": "2009-06-28",
    "symbol": "JNJ",
    "reportedCurrency": "USD",
    "cik": "0000200406",
    "fillingDate": "2009-08-04",
    "acceptedDate": "2009-08-04 17:11:43",
    "calendarYear": "2009",
    "period": "Q2",
    "revenue": 15239000000,
    "costOfRevenue": 4450000000,
    "grossProfit": 10789000000,
    "grossProfitRatio": 0.7079860883,
    "researchAndDevelopmentExpenses": 1638000000,
    "generalAndAdministrativeExpenses": 0,
    "sellingAndMarketingExpenses": 0,
    "sellingGeneralAndAdministrativeExpenses": 4797000000,
    "otherExpenses": 0,
    "operatingExpenses": 6435000000,
    "costAndExpenses": 10885000000,
    "interestIncome": 25000000,
    "interestExpense": 110000000,
    "depreciationAndAmortization": 679000000,
    "ebitda": 5052000000,
    "ebitdaratio": 0.3315178161,
    "operatingIncome": 4354000000,
    "operatingIncomeRatio": 0.2857142857,
    "totalOtherIncomeExpensesNet": -91000000,
    "incomeBeforeTax": 4263000000,
    "incomeBeforeTaxRatio": 0.2797427653,
    "incomeTaxExpense": 1055000000,
    "netIncome": 3208000000,
    "netIncomeRatio": 0.2105125008,
    "eps": 1.15,
    "epsdiluted": 1.15,
    "weightedAverageShsOut": 2782000000,
    "weightedAverageShsOutDil": 2789800000,
    "link": "https://www.sec.gov/Archives/edgar/data/200406/000095012309029672/0000950123-09-029672-index.htm",
    "finalLink": "https://www.sec.gov/Archives/edgar/data/200406/000095012309029672/y78195e10vq.htm"
  },
  {
    "date": "2009-03-29",
    "symbol": "JNJ",
    "reportedCurrency": "USD",
    "cik": "0000200406",
    "fillingDate": "2009-05-05",
    "acceptedDate": "2009-05-05 17:03:26",
    "calendarYear": "2009",
    "period": "Q1",
    "revenue": 15026000000,
    "costOfRevenue": 4251000000,
    "grossProfit": 10775000000,
    "grossProfitRatio": 0.7170903767,
    "researchAndDevelopmentExpenses": 1518000000,
    "generalAndAdministrativeExpenses": 0,
    "sellingAndMarketingExpenses": 0,
    "sellingGeneralAndAdministrativeExpenses": 4608000000,
    "otherExpenses": 0,
    "operatingExpenses": 6126000000,
    "costAndExpenses": 10377000000,
    "interestIncome": 25000000,
    "interestExpense": 106000000,
    "depreciationAndAmortization": 676000000,
    "ebitda": 5425000000,
    "ebitdaratio": 0.3610408625,
    "operatingIncome": 4649000000,
    "operatingIncomeRatio": 0.3093970451,
    "totalOtherIncomeExpensesNet": -6000000,
    "incomeBeforeTax": 4643000000,
    "incomeBeforeTaxRatio": 0.3089977373,
    "incomeTaxExpense": 1136000000,
    "netIncome": 3507000000,
    "netIncomeRatio": 0.2333954479,
    "eps": 1.27,
    "epsdiluted": 1.26,
    "weightedAverageShsOut": 2755565766,
    "weightedAverageShsOutDil": 2789800000,
    "link": "https://www.sec.gov/Archives/edgar/data/200406/000020040609000064/0000200406-09-000064-index.htm",
    "finalLink": "https://www.sec.gov/Archives/edgar/data/200406/000020040609000064/firstqtr10q2009.htm"
  },
  {
    "date": "2008-12-28",
    "symbol": "JNJ",
    "reportedCurrency": "USD",
    "cik": "0000200406",
    "fillingDate": "2009-02-20",
    "acceptedDate": "2009-02-20 16:18:45",
    "calendarYear": "2008",
    "period": "Q4",
    "revenue": 15182000000,
    "costOfRevenue": 4372000000,
    "grossProfit": 10810000000,
    "grossProfitRatio": 0.7120274009,
    "researchAndDevelopmentExpenses": 2108000000,
    "generalAndAdministrativeExpenses": 0,
    "sellingAndMarketingExpenses": 0,
    "sellingGeneralAndAdministrativeExpenses": 5665000000,
    "otherExpenses": 0,
    "operatingExpenses": 7773000000,
    "costAndExpenses": 12145000000,
    "interestIncome": 0,
    "interestExpense": 0,
    "depreciationAndAmortization": 715000000,
    "ebitda": 4947000000,
    "ebitdaratio": 0.325846397,
    "operatingIncome": 3037000000,
    "operatingIncomeRatio": 0.2000395205,
    "totalOtherIncomeExpensesNet": 480000000,
    "incomeBeforeTax": 3517000000,
    "incomeBeforeTaxRatio": 0.2316559083,
    "incomeTaxExpense": 803000000,
    "netIncome": 2714000000,
    "netIncomeRatio": 0.1787643262,
    "eps": 0.98,
    "epsdiluted": 0.97,
    "weightedAverageShsOut": 2774300000,
    "weightedAverageShsOutDil": 2799000000,
    "link": "https://www.sec.gov/Archives/edgar/data/200406/000095012309003187/0000950123-09-003187-index.htm",
    "finalLink": "https://www.sec.gov/Archives/edgar/data/200406/000095012309003187/y74152e10vk.htm"
  },
  {
    "date": "2008-09-28",
    "symbol": "JNJ",
    "reportedCurrency": "USD",
    "cik": "0000200406",
    "fillingDate": "2008-11-04",
    "acceptedDate": "2008-11-04 15:02:13",
    "calendarYear": "2008",
    "period": "Q3",
    "revenue": 15921000000,
    "costOfRevenue": 4774000000,
    "grossProfit": 11147000000,
    "grossProfitRatio": 0.7001444633,
    "researchAndDevelopmentExpenses": 1861000000,
    "generalAndAdministrativeExpenses": 0,
    "sellingAndMarketingExpenses": 0,
    "sellingGeneralAndAdministrativeExpenses": 5195000000,
    "otherExpenses": 0,
    "operatingExpenses": 7056000000,
    "costAndExpenses": 11830000000,
    "interestIncome": 97000000,
    "interestExpense": 122000000,
    "depreciationAndAmortization": 768000000,
    "ebitda": 5180000000,
    "ebitdaratio": 0.3253564475,
    "operatingIncome": 4091000000,
    "operatingIncomeRatio": 0.2569562213,
    "totalOtherIncomeExpensesNet": 199000000,
    "incomeBeforeTax": 4290000000,
    "incomeBeforeTaxRatio": 0.2694554362,
    "incomeTaxExpense": 980000000,
    "netIncome": 3310000000,
    "netIncomeRatio": 0.2079015137,
    "eps": 1.19,
    "epsdiluted": 1.17,
    "weightedAverageShsOut": 2790900000,
    "weightedAverageShsOutDil": 2831300000,
    "link": "https://www.sec.gov/Archives/edgar/data/200406/000020040608000146/0000200406-08-000146-index.htm",
    "finalLink": "https://www.sec.gov/Archives/edgar/data/200406/000020040608000146/tenq3rdqtr2008.htm"
  },
  {
    "date": "2008-06-29",
    "symbol": "JNJ",
    "reportedCurrency": "USD",
    "cik": "0000200406",
    "fillingDate": "2008-08-04",
    "acceptedDate": "2008-08-04 15:18:29",
    "calendarYear": "2008",
    "period": "Q2",
    "revenue": 16450000000,
    "costOfRevenue": 4751000000,
    "grossProfit": 11699000000,
    "grossProfitRatio": 0.7111854103,
    "researchAndDevelopmentExpenses": 1936000000,
    "generalAndAdministrativeExpenses": 0,
    "sellingAndMarketingExpenses": 0,
    "sellingGeneralAndAdministrativeExpenses": 5507000000,
    "otherExpenses": 0,
    "operatingExpenses": 7443000000,
    "costAndExpenses": 12194000000,
    "interestIncome": 89000000,
    "interestExpense": 105000000,
    "depreciationAndAmortization": 683000000,
    "ebitda": 5163000000,
    "ebitdaratio": 0.3138601824,
    "operatingIncome": 4256000000,
    "operatingIncomeRatio": 0.2587234043,
    "totalOtherIncomeExpensesNet": 119000000,
    "incomeBeforeTax": 4375000000,
    "incomeBeforeTaxRatio": 0.2659574468,
    "incomeTaxExpense": 1048000000,
    "netIncome": 3327000000,
    "netIncomeRatio": 0.2022492401,
    "eps": 1.18,
    "epsdiluted": 1.17,
    "weightedAverageShsOut": 2809800000,
    "weightedAverageShsOutDil": 2844800000,
    "link": "https://www.sec.gov/Archives/edgar/data/200406/000020040608000119/0000200406-08-000119-index.htm",
    "finalLink": "https://www.sec.gov/Archives/edgar/data/200406/000020040608000119/tenq2ndqtr2008.htm"
  },
  {
    "date": "2008-03-30",
    "symbol": "JNJ",
    "reportedCurrency": "USD",
    "cik": "0000200406",
    "fillingDate": "2008-05-07",
    "acceptedDate": "2008-05-07 12:33:36",
    "calendarYear": "2008",
    "period": "Q1",
    "revenue": 16194000000,
    "costOfRevenue": 4614000000,
    "grossProfit": 11580000000,
    "grossProfitRatio": 0.7150796591,
    "researchAndDevelopmentExpenses": 1712000000,
    "generalAndAdministrativeExpenses": 0,
    "sellingAndMarketingExpenses": 0,
    "sellingGeneralAndAdministrativeExpenses": 5123000000,
    "otherExpenses": 0,
    "operatingExpenses": 6835000000,
    "costAndExpenses": 11449000000,
    "interestIncome": 82000000,
    "interestExpense": 98000000,
    "depreciationAndAmortization": 666000000,
    "ebitda": 5511000000,
    "ebitdaratio": 0.3403112264,
    "operatingIncome": 4745000000,
    "operatingIncomeRatio": 0.2930097567,
    "totalOtherIncomeExpensesNet": 2000000,
    "incomeBeforeTax": 4747000000,
    "incomeBeforeTaxRatio": 0.2931332592,
    "incomeTaxExpense": 1149000000,
    "netIncome": 3598000000,
    "netIncomeRatio": 0.2221810547,
    "eps": 1.27,
    "epsdiluted": 1.26,
    "weightedAverageShsOut": 2832300000,
    "weightedAverageShsOutDil": 2866300000,
    "link": "https://www.sec.gov/Archives/edgar/data/200406/000020040608000084/0000200406-08-000084-index.htm",
    "finalLink": "https://www.sec.gov/Archives/edgar/data/200406/000020040608000084/firstquarter10q2008.htm"
  },
  {
    "date": "2007-12-30",
    "symbol": "JNJ",
    "reportedCurrency": "USD",
    "cik": "0000200406",
    "fillingDate": "2008-02-26",
    "acceptedDate": "2008-02-26 16:39:42",
    "calendarYear": "2007",
    "period": "Q4",
    "revenue": 15957000000,
    "costOfRevenue": 4734000000,
    "grossProfit": 11223000000,
    "grossProfitRatio": 0.7033276932,
    "researchAndDevelopmentExpenses": 2328000000,
    "generalAndAdministrativeExpenses": 0,
    "sellingAndMarketingExpenses": 0,
    "sellingGeneralAndAdministrativeExpenses": 5721000000,
    "otherExpenses": 0,
    "operatingExpenses": 8049000000,
    "costAndExpenses": 12783000000,
    "interestIncome": 0,
    "interestExpense": 0,
    "depreciationAndAmortization": 875000000,
    "ebitda": 4049000000,
    "ebitdaratio": 0.2537444382,
    "operatingIncome": 3174000000,
    "operatingIncomeRatio": 0.1989095695,
    "totalOtherIncomeExpensesNet": -842000000,
    "incomeBeforeTax": 2332000000,
    "incomeBeforeTaxRatio": 0.1461427587,
    "incomeTaxExpense": -42000000,
    "netIncome": 2374000000,
    "netIncomeRatio": 0.1487748324,
    "eps": 0.83,
    "epsdiluted": 0.82,
    "weightedAverageShsOut": 2855600000,
    "weightedAverageShsOutDil": 2884900000,
    "link": "https://www.sec.gov/Archives/edgar/data/200406/000095012308002130/0000950123-08-002130-index.htm",
    "finalLink": "https://www.sec.gov/Archives/edgar/data/200406/000095012308002130/y47910e10vk.htm"
  },
  {
    "date": "2007-09-30",
    "symbol": "JNJ",
    "reportedCurrency": "USD",
    "cik": "0000200406",
    "fillingDate": "2007-11-06",
    "acceptedDate": "2007-11-06 15:03:17",
    "calendarYear": "2007",
    "period": "Q3",
    "revenue": 14970000000,
    "costOfRevenue": 4274000000,
    "grossProfit": 10696000000,
    "grossProfitRatio": 0.714495658,
    "researchAndDevelopmentExpenses": 1834000000,
    "generalAndAdministrativeExpenses": 0,
    "sellingAndMarketingExpenses": 0,
    "sellingGeneralAndAdministrativeExpenses": 4899000000,
    "otherExpenses": 0,
    "operatingExpenses": 6733000000,
    "costAndExpenses": 11007000000,
    "interestIncome": 0,
    "interestExpense": 0,
    "depreciationAndAmortization": 597000000,
    "ebitda": 4560000000,
    "ebitdaratio": 0.3046092184,
    "operatingIncome": 3963000000,
    "operatingIncomeRatio": 0.2647294589,
    "totalOtherIncomeExpensesNet": -695000000,
    "incomeBeforeTax": 3268000000,
    "incomeBeforeTaxRatio": 0.2183032732,
    "incomeTaxExpense": 720000000,
    "netIncome": 2548000000,
    "netIncomeRatio": 0.1702070808,
    "eps": 0.88,
    "epsdiluted": 0.88,
    "weightedAverageShsOut": 2887700000,
    "weightedAverageShsOutDil": 2912900000,
    "link": "https://www.sec.gov/Archives/edgar/data/200406/000020040607000128/0000200406-07-000128-index.htm",
    "finalLink": "https://www.sec.gov/Archives/edgar/data/200406/000020040607000128/tenq.txt"
  },
  {
    "date": "2007-07-01",
    "symbol": "JNJ",
    "reportedCurrency": "USD",
    "cik": "0000200406",
    "fillingDate": "2007-08-08",
    "acceptedDate": "2007-08-08 15:44:20",
    "calendarYear": "2007",
    "period": "Q2",
    "revenue": 15131000000,
    "costOfRevenue": 4358000000,
    "grossProfit": 10773000000,
    "grossProfitRatio": 0.7119820237,
    "researchAndDevelopmentExpenses": 1866000000,
    "generalAndAdministrativeExpenses": 0,
    "sellingAndMarketingExpenses": 0,
    "sellingGeneralAndAdministrativeExpenses": 5029000000,
    "otherExpenses": 0,
    "operatingExpenses": 6895000000,
    "costAndExpenses": 11253000000,
    "interestIncome": 0,
    "interestExpense": 0,
    "depreciationAndAmortization": 683000000,
    "ebitda": 4561000000,
    "ebitdaratio": 0.3014341418,
    "operatingIncome": 3878000000,
    "operatingIncomeRatio": 0.2562950235,
    "totalOtherIncomeExpensesNet": 153000000,
    "incomeBeforeTax": 4031000000,
    "incomeBeforeTaxRatio": 0.2664067147,
    "incomeTaxExpense": 950000000,
    "netIncome": 3081000000,
    "netIncomeRatio": 0.2036217038,
    "eps": 1.06,
    "epsdiluted": 1.05,
    "weightedAverageShsOut": 2895100000,
    "weightedAverageShsOutDil": 2922500000,
    "link": "https://www.sec.gov/Archives/edgar/data/200406/000020040607000104/0000200406-07-000104-index.htm",
    "finalLink": "https://www.sec.gov/Archives/edgar/data/200406/000020040607000104/tenq.txt"
  },
  {
    "date": "2007-04-01",
    "symbol": "JNJ",
    "reportedCurrency": "USD",
    "cik": "0000200406",
    "fillingDate": "2007-05-10",
    "acceptedDate": "2007-05-10 17:23:53",
    "calendarYear": "2007",
    "period": "Q1",
    "revenue": 15037000000,
    "costOfRevenue": 4385000000,
    "grossProfit": 10652000000,
    "grossProfitRatio": 0.7083859812,
    "researchAndDevelopmentExpenses": 1652000000,
    "generalAndAdministrativeExpenses": 0,
    "sellingAndMarketingExpenses": 0,
    "sellingGeneralAndAdministrativeExpenses": 4802000000,
    "otherExpenses": 0,
    "operatingExpenses": 6454000000,
    "costAndExpenses": 10839000000,
    "interestIncome": 0,
    "interestExpense": 0,
    "depreciationAndAmortization": 622000000,
    "ebitda": 4820000000,
    "ebitdaratio": 0.3205426614,
    "operatingIncome": 4198000000,
    "operatingIncomeRatio": 0.2791780275,
    "totalOtherIncomeExpensesNet": -546000000,
    "incomeBeforeTax": 3652000000,
    "incomeBeforeTaxRatio": 0.2428675933,
    "incomeTaxExpense": 1079000000,
    "netIncome": 2573000000,
    "netIncomeRatio": 0.1711112589,
    "eps": 0.89,
    "epsdiluted": 0.88,
    "weightedAverageShsOut": 2894200000,
    "weightedAverageShsOutDil": 2924300000,
    "link": "https://www.sec.gov/Archives/edgar/data/200406/000020040607000076/0000200406-07-000076-index.htm",
    "finalLink": "https://www.sec.gov/Archives/edgar/data/200406/000020040607000076/tenq.txt"
  },
  {
    "date": "2006-12-31",
    "symbol": "JNJ",
    "reportedCurrency": "USD",
    "cik": "0000200406",
    "fillingDate": "2007-02-21",
    "acceptedDate": "2007-02-21 17:22:31",
    "calendarYear": "2006",
    "period": "Q4",
    "revenue": 13682000000,
    "costOfRevenue": 4007000000,
    "grossProfit": 9675000000,
    "grossProfitRatio": 0.70713346,
    "researchAndDevelopmentExpenses": 2046000000,
    "generalAndAdministrativeExpenses": 0,
    "sellingAndMarketingExpenses": 0,
    "sellingGeneralAndAdministrativeExpenses": 4696000000,
    "otherExpenses": 0,
    "operatingExpenses": 6742000000,
    "costAndExpenses": 10749000000,
    "interestIncome": 0,
    "interestExpense": 0,
    "depreciationAndAmortization": 571000000,
    "ebitda": 3504000000,
    "ebitdaratio": 0.2561029089,
    "operatingIncome": 2933000000,
    "operatingIncomeRatio": 0.2143692443,
    "totalOtherIncomeExpensesNet": -225000000,
    "incomeBeforeTax": 2708000000,
    "incomeBeforeTaxRatio": 0.1979242801,
    "incomeTaxExpense": 540000000,
    "netIncome": 2168000000,
    "netIncomeRatio": 0.158456366,
    "eps": 0.75,
    "epsdiluted": 0.74,
    "weightedAverageShsOut": 2912410638,
    "weightedAverageShsOutDil": 2939183110,
    "link": "https://www.sec.gov/Archives/edgar/data/200406/000095012307002542/0000950123-07-002542-index.htm",
    "finalLink": "https://www.sec.gov/Archives/edgar/data/200406/000095012307002542/y29901e10vk.htm"
  },
  {
    "date": "2006-10-01",
    "symbol": "JNJ",
    "reportedCurrency": "USD",
    "cik": "0000200406",
    "fillingDate": "2006-11-08",
    "acceptedDate": "2006-11-08 09:42:06",
    "calendarYear": "2006",
    "period": "Q3",
    "revenue": 13287000000,
    "costOfRevenue": 3650000000,
    "grossProfit": 9637000000,
    "grossProfitRatio": 0.7252954015,
    "researchAndDevelopmentExpenses": 1719000000,
    "generalAndAdministrativeExpenses": 0,
    "sellingAndMarketingExpenses": 0,
    "sellingGeneralAndAdministrativeExpenses": 4291000000,
    "otherExpenses": 0,
    "operatingExpenses": 6010000000,
    "costAndExpenses": 9660000000,
    "interestIncome": 0,
    "interestExpense": 0,
    "depreciationAndAmortization": 539000000,
    "ebitda": 4166000000,
    "ebitdaratio": 0.3135395499,
    "operatingIncome": 3627000000,
    "operatingIncomeRatio": 0.2729735832,
    "totalOtherIncomeExpensesNet": 34000000,
    "incomeBeforeTax": 3661000000,
    "incomeBeforeTaxRatio": 0.2755324754,
    "incomeTaxExpense": 901000000,
    "netIncome": 2760000000,
    "netIncomeRatio": 0.2077218334,
    "eps": 0.95,
    "epsdiluted": 0.94,
    "weightedAverageShsOut": 2920000000,
    "weightedAverageShsOutDil": 2948100000,
    "link": "https://www.sec.gov/Archives/edgar/data/200406/000020040606000138/0000200406-06-000138-index.htm",
    "finalLink": "https://www.sec.gov/Archives/edgar/data/200406/000020040606000138/tenq.txt"
  },
  {
    "date": "2006-07-02",
    "symbol": "JNJ",
    "reportedCurrency": "USD",
    "cik": "0000200406",
    "fillingDate": "2006-08-08",
    "acceptedDate": "2006-08-08 08:29:21",
    "calendarYear": "2006",
    "period": "Q2",
    "revenue": 13363000000,
    "costOfRevenue": 3788000000,
    "grossProfit": 9575000000,
    "grossProfitRatio": 0.7165307191,
    "researchAndDevelopmentExpenses": 1828000000,
    "generalAndAdministrativeExpenses": 0,
    "sellingAndMarketingExpenses": 0,
    "sellingGeneralAndAdministrativeExpenses": 4351000000,
    "otherExpenses": 0,
    "operatingExpenses": 6179000000,
    "costAndExpenses": 9967000000,
    "interestIncome": 0,
    "interestExpense": 0,
    "depreciationAndAmortization": 546000000,
    "ebitda": 3942000000,
    "ebitdaratio": 0.2949936392,
    "operatingIncome": 3396000000,
    "operatingIncomeRatio": 0.2541345506,
    "totalOtherIncomeExpensesNet": 207000000,
    "incomeBeforeTax": 3603000000,
    "incomeBeforeTaxRatio": 0.2696250842,
    "incomeTaxExpense": 783000000,
    "netIncome": 2820000000,
    "netIncomeRatio": 0.2110304572,
    "eps": 0.96,
    "epsdiluted": 0.95,
    "weightedAverageShsOut": 2954000000,
    "weightedAverageShsOutDil": 2974400000,
    "link": "https://www.sec.gov/Archives/edgar/data/200406/000020040606000110/0000200406-06-000110-index.htm",
    "finalLink": "https://www.sec.gov/Archives/edgar/data/200406/000020040606000110/tenq.txt"
  },
  {
    "date": "2006-04-02",
    "symbol": "JNJ",
    "reportedCurrency": "USD",
    "cik": "0000200406",
    "fillingDate": "2006-05-10",
    "acceptedDate": "2006-05-10 13:56:49",
    "calendarYear": "2006",
    "period": "Q1",
    "revenue": 12992000000,
    "costOfRevenue": 3612000000,
    "grossProfit": 9380000000,
    "grossProfitRatio": 0.7219827586,
    "researchAndDevelopmentExpenses": 1532000000,
    "generalAndAdministrativeExpenses": 0,
    "sellingAndMarketingExpenses": 0,
    "sellingGeneralAndAdministrativeExpenses": 4095000000,
    "otherExpenses": 0,
    "operatingExpenses": 5627000000,
    "costAndExpenses": 9239000000,
    "interestIncome": 0,
    "interestExpense": 0,
    "depreciationAndAmortization": 521000000,
    "ebitda": 4274000000,
    "ebitdaratio": 0.3289716749,
    "operatingIncome": 3753000000,
    "operatingIncomeRatio": 0.2888700739,
    "totalOtherIncomeExpensesNet": 862000000,
    "incomeBeforeTax": 4615000000,
    "incomeBeforeTaxRatio": 0.3552185961,
    "incomeTaxExpense": 1310000000,
    "netIncome": 3305000000,
    "netIncomeRatio": 0.2543873153,
    "eps": 1.1,
    "epsdiluted": 1.1,
    "weightedAverageShsOut": 2974500000,
    "weightedAverageShsOutDil": 2992700000,
    "link": "https://www.sec.gov/Archives/edgar/data/200406/000020040606000083/0000200406-06-000083-index.htm",
    "finalLink": "https://www.sec.gov/Archives/edgar/data/200406/000020040606000083/tenq.txt"
  },
  {
    "date": "2006-01-01",
    "symbol": "JNJ",
    "reportedCurrency": "USD",
    "cik": "0000200406",
    "fillingDate": "2006-03-14",
    "acceptedDate": "2006-03-14 16:15:17",
    "calendarYear": "2005",
    "period": "Q4",
    "revenue": 12610000000,
    "costOfRevenue": 3624000000,
    "grossProfit": 8986000000,
    "grossProfitRatio": 0.7126090404,
    "researchAndDevelopmentExpenses": 1976000000,
    "generalAndAdministrativeExpenses": 0,
    "sellingAndMarketingExpenses": 0,
    "sellingGeneralAndAdministrativeExpenses": 4562000000,
    "otherExpenses": 0,
    "operatingExpenses": 6538000000,
    "costAndExpenses": 10162000000,
    "interestIncome": 0,
    "interestExpense": 0,
    "depreciationAndAmortization": 507000000,
    "ebitda": 2955000000,
    "ebitdaratio": 0.2343378271,
    "operatingIncome": 2448000000,
    "operatingIncomeRatio": 0.1941316416,
    "totalOtherIncomeExpensesNet": 190000000,
    "incomeBeforeTax": 2638000000,
    "incomeBeforeTaxRatio": 0.2091990484,
    "incomeTaxExpense": 455000000,
    "netIncome": 2183000000,
    "netIncomeRatio": 0.1731165741,
    "eps": 0.7,
    "epsdiluted": 0.7,
    "weightedAverageShsOut": 2984825444,
    "weightedAverageShsOutDil": 2986740299,
    "link": "https://www.sec.gov/Archives/edgar/data/200406/000095012306003129/0000950123-06-003129-index.htm",
    "finalLink": "https://www.sec.gov/Archives/edgar/data/200406/000095012306003129/y17887e10vk.htm"
  },
  {
    "date": "2005-10-02",
    "symbol": "JNJ",
    "reportedCurrency": "USD",
    "cik": "0000200406",
    "fillingDate": "2005-11-07",
    "acceptedDate": "2005-11-07 15:52:45",
    "calendarYear": "2005",
    "period": "Q3",
    "revenue": 12310000000,
    "costOfRevenue": 3354000000,
    "grossProfit": 8956000000,
    "grossProfitRatio": 0.7275385865,
    "researchAndDevelopmentExpenses": 1539000000,
    "generalAndAdministrativeExpenses": 0,
    "sellingAndMarketingExpenses": 0,
    "sellingGeneralAndAdministrativeExpenses": 4161000000,
    "otherExpenses": 0,
    "operatingExpenses": 5700000000,
    "costAndExpenses": 9054000000,
    "interestIncome": 0,
    "interestExpense": 0,
    "depreciationAndAmortization": 523000000,
    "ebitda": 3779000000,
    "ebitdaratio": 0.3069861901,
    "operatingIncome": 3256000000,
    "operatingIncomeRatio": 0.2645004062,
    "totalOtherIncomeExpensesNet": 164000000,
    "incomeBeforeTax": 3420000000,
    "incomeBeforeTaxRatio": 0.2778229082,
    "incomeTaxExpense": 882000000,
    "netIncome": 2538000000,
    "netIncomeRatio": 0.2061738424,
    "eps": 0.85,
    "epsdiluted": 0.85,
    "weightedAverageShsOut": 2974600000,
    "weightedAverageShsOutDil": 3006200000,
    "link": "https://www.sec.gov/Archives/edgar/data/200406/000020040605000138/0000200406-05-000138-index.htm",
    "finalLink": "https://www.sec.gov/Archives/edgar/data/200406/000020040605000138/tenq.txt"
  },
  {
    "date": "2005-07-03",
    "symbol": "JNJ",
    "reportedCurrency": "USD",
    "cik": "0000200406",
    "fillingDate": "2005-08-10",
    "acceptedDate": "2005-08-10 06:07:25",
    "calendarYear": "2005",
    "period": "Q2",
    "revenue": 12762000000,
    "costOfRevenue": 3522000000,
    "grossProfit": 9240000000,
    "grossProfitRatio": 0.7240244476,
    "researchAndDevelopmentExpenses": 1525000000,
    "generalAndAdministrativeExpenses": 0,
    "sellingAndMarketingExpenses": 0,
    "sellingGeneralAndAdministrativeExpenses": 4278000000,
    "otherExpenses": 0,
    "operatingExpenses": 5803000000,
    "costAndExpenses": 9325000000,
    "interestIncome": 0,
    "interestExpense": 0,
    "depreciationAndAmortization": 548000000,
    "ebitda": 3985000000,
    "ebitdaratio": 0.3122551324,
    "operatingIncome": 3437000000,
    "operatingIncomeRatio": 0.2693151544,
    "totalOtherIncomeExpensesNet": -171000000,
    "incomeBeforeTax": 3266000000,
    "incomeBeforeTaxRatio": 0.2559160006,
    "incomeTaxExpense": 678000000,
    "netIncome": 2588000000,
    "netIncomeRatio": 0.2027895314,
    "eps": 0.87,
    "epsdiluted": 0.86,
    "weightedAverageShsOut": 2973700000,
    "weightedAverageShsOutDil": 3024700000,
    "link": "https://www.sec.gov/Archives/edgar/data/200406/000020040605000106/0000200406-05-000106-index.htm",
    "finalLink": "https://www.sec.gov/Archives/edgar/data/200406/000020040605000106/secondqtrtenq.txt"
  },
  {
    "date": "2005-04-03",
    "symbol": "JNJ",
    "reportedCurrency": "USD",
    "cik": "0000200406",
    "fillingDate": "2005-05-10",
    "acceptedDate": "2005-05-10 13:58:08",
    "calendarYear": "2005",
    "period": "Q1",
    "revenue": 12832000000,
    "costOfRevenue": 3496000000,
    "grossProfit": 9336000000,
    "grossProfitRatio": 0.7275561097,
    "researchAndDevelopmentExpenses": 1384000000,
    "generalAndAdministrativeExpenses": 0,
    "sellingAndMarketingExpenses": 0,
    "sellingGeneralAndAdministrativeExpenses": 4127000000,
    "otherExpenses": 0,
    "operatingExpenses": 5511000000,
    "costAndExpenses": 9007000000,
    "interestIncome": 0,
    "interestExpense": 0,
    "depreciationAndAmortization": 515000000,
    "ebitda": 4340000000,
    "ebitdaratio": 0.3382169576,
    "operatingIncome": 3825000000,
    "operatingIncomeRatio": 0.2980829177,
    "totalOtherIncomeExpensesNet": 102000000,
    "incomeBeforeTax": 3927000000,
    "incomeBeforeTaxRatio": 0.3060317955,
    "incomeTaxExpense": 1088000000,
    "netIncome": 2839000000,
    "netIncomeRatio": 0.2212437656,
    "eps": 0.96,
    "epsdiluted": 0.94,
    "weightedAverageShsOut": 2972100000,
    "weightedAverageShsOutDil": 3023700000,
    "link": "https://www.sec.gov/Archives/edgar/data/200406/000020040605000084/0000200406-05-000084-index.htm",
    "finalLink": "https://www.sec.gov/Archives/edgar/data/200406/000020040605000084/firstquartertenq.txt"
  },
  {
    "date": "2005-01-02",
    "symbol": "JNJ",
    "reportedCurrency": "USD",
    "cik": "0000200406",
    "fillingDate": "2005-03-15",
    "acceptedDate": "2005-03-15 16:26:48",
    "calendarYear": "2004",
    "period": "Q4",
    "revenue": 12752000000,
    "costOfRevenue": 3706000000,
    "grossProfit": 9046000000,
    "grossProfitRatio": 0.709378921,
    "researchAndDevelopmentExpenses": 1727000000,
    "generalAndAdministrativeExpenses": 0,
    "sellingAndMarketingExpenses": 0,
    "sellingGeneralAndAdministrativeExpenses": 4655000000,
    "otherExpenses": 0,
    "operatingExpenses": 6382000000,
    "costAndExpenses": 10088000000,
    "interestIncome": 0,
    "interestExpense": 0,
    "depreciationAndAmortization": 618000000,
    "ebitda": 3282000000,
    "ebitdaratio": 0.2573713927,
    "operatingIncome": 2664000000,
    "operatingIncomeRatio": 0.2089084065,
    "totalOtherIncomeExpensesNet": -39000000,
    "incomeBeforeTax": 2625000000,
    "incomeBeforeTaxRatio": 0.2058500627,
    "incomeTaxExpense": 1408000000,
    "netIncome": 1217000000,
    "netIncomeRatio": 0.09543601,
    "eps": 0.29,
    "epsdiluted": 0.29,
    "weightedAverageShsOut": 2968100000,
    "weightedAverageShsOutDil": 2968100000,
    "link": "https://www.sec.gov/Archives/edgar/data/200406/000095012305003140/0000950123-05-003140-index.htm",
    "finalLink": "https://www.sec.gov/Archives/edgar/data/200406/000095012305003140/y06203e10vk.txt"
  },
  {
    "date": "2004-09-26",
    "symbol": "JNJ",
    "reportedCurrency": "USD",
    "cik": "0000200406",
    "fillingDate": "2004-11-03",
    "acceptedDate": "2004-11-03 13:16:02",
    "calendarYear": "2004",
    "period": "Q3",
    "revenue": 11553000000,
    "costOfRevenue": 3187000000,
    "grossProfit": 8366000000,
    "grossProfitRatio": 0.7241409158,
    "researchAndDevelopmentExpenses": 1198000000,
    "generalAndAdministrativeExpenses": 0,
    "sellingAndMarketingExpenses": 0,
    "sellingGeneralAndAdministrativeExpenses": 3854000000,
    "otherExpenses": 0,
    "operatingExpenses": 5052000000,
    "costAndExpenses": 8239000000,
    "interestIncome": 0,
    "interestExpense": 0,
    "depreciationAndAmortization": 479000000,
    "ebitda": 3793000000,
    "ebitdaratio": 0.3283129923,
    "operatingIncome": 3314000000,
    "operatingIncomeRatio": 0.2868518999,
    "totalOtherIncomeExpensesNet": -40000000,
    "incomeBeforeTax": 3274000000,
    "incomeBeforeTaxRatio": 0.2833895958,
    "incomeTaxExpense": 933000000,
    "netIncome": 2341000000,
    "netIncomeRatio": 0.2026313512,
    "eps": 0.79,
    "epsdiluted": 0.78,
    "weightedAverageShsOut": 2968100000,
    "weightedAverageShsOutDil": 3009000000,
    "link": "https://www.sec.gov/Archives/edgar/data/200406/000020040604000134/0000200406-04-000134-index.htm",
    "finalLink": "https://www.sec.gov/Archives/edgar/data/200406/000020040604000134/tenq.txt"
  },
  {
    "date": "2004-06-27",
    "symbol": "JNJ",
    "reportedCurrency": "USD",
    "cik": "0000200406",
    "fillingDate": "2004-08-03",
    "acceptedDate": "2004-08-03 11:57:32",
    "calendarYear": "2004",
    "period": "Q2",
    "revenue": 11484000000,
    "costOfRevenue": 3162000000,
    "grossProfit": 8322000000,
    "grossProfitRatio": 0.7246603971,
    "researchAndDevelopmentExpenses": 1182000000,
    "generalAndAdministrativeExpenses": 0,
    "sellingAndMarketingExpenses": 0,
    "sellingGeneralAndAdministrativeExpenses": 3711000000,
    "otherExpenses": 0,
    "operatingExpenses": 4893000000,
    "costAndExpenses": 8055000000,
    "interestIncome": 0,
    "interestExpense": 0,
    "depreciationAndAmortization": 525000000,
    "ebitda": 3954000000,
    "ebitdaratio": 0.3443051202,
    "operatingIncome": 3429000000,
    "operatingIncomeRatio": 0.2985893417,
    "totalOtherIncomeExpensesNet": 6000000,
    "incomeBeforeTax": 3435000000,
    "incomeBeforeTaxRatio": 0.2991118077,
    "incomeTaxExpense": 977000000,
    "netIncome": 2458000000,
    "netIncomeRatio": 0.2140369209,
    "eps": 0.83,
    "epsdiluted": 0.82,
    "weightedAverageShsOut": 2968200000,
    "weightedAverageShsOutDil": 3005300000,
    "link": "https://www.sec.gov/Archives/edgar/data/200406/000020040604000106/0000200406-04-000106-index.htm",
    "finalLink": "https://www.sec.gov/Archives/edgar/data/200406/000020040604000106/secondquartertenq.txt"
  },
  {
    "date": "2004-03-28",
    "symbol": "JNJ",
    "reportedCurrency": "USD",
    "cik": "0000200406",
    "fillingDate": "2004-05-05",
    "acceptedDate": "2004-05-05 11:51:29",
    "calendarYear": "2004",
    "period": "Q1",
    "revenue": 11559000000,
    "costOfRevenue": 3367000000,
    "grossProfit": 8192000000,
    "grossProfitRatio": 0.7087118263,
    "researchAndDevelopmentExpenses": 1095000000,
    "generalAndAdministrativeExpenses": 0,
    "sellingAndMarketingExpenses": 0,
    "sellingGeneralAndAdministrativeExpenses": 3640000000,
    "otherExpenses": 0,
    "operatingExpenses": 4735000000,
    "costAndExpenses": 8102000000,
    "interestIncome": 0,
    "interestExpense": 0,
    "depreciationAndAmortization": 502000000,
    "ebitda": 3959000000,
    "ebitdaratio": 0.3425036768,
    "operatingIncome": 3457000000,
    "operatingIncomeRatio": 0.2990743144,
    "totalOtherIncomeExpensesNet": 47000000,
    "incomeBeforeTax": 3504000000,
    "incomeBeforeTaxRatio": 0.3031404101,
    "incomeTaxExpense": 1011000000,
    "netIncome": 2493000000,
    "netIncomeRatio": 0.2156760965,
    "eps": 0.84,
    "epsdiluted": 0.83,
    "weightedAverageShsOut": 2967800000,
    "weightedAverageShsOutDil": 3004600000,
    "link": "https://www.sec.gov/Archives/edgar/data/200406/000020040604000081/0000200406-04-000081-index.htm",
    "finalLink": "https://www.sec.gov/Archives/edgar/data/200406/000020040604000081/firstquartertenq.txt"
  },
  {
    "date": "2003-12-28",
    "symbol": "JNJ",
    "reportedCurrency": "USD",
    "cik": "0000200406",
    "fillingDate": "2004-03-11",
    "acceptedDate": "2004-03-11 08:55:39",
    "calendarYear": "2003",
    "period": "Q4",
    "revenue": 11254000000,
    "costOfRevenue": 3508000000,
    "grossProfit": 7746000000,
    "grossProfitRatio": 0.6882886085,
    "researchAndDevelopmentExpenses": 1489000000,
    "generalAndAdministrativeExpenses": 0,
    "sellingAndMarketingExpenses": 0,
    "sellingGeneralAndAdministrativeExpenses": 4054000000,
    "otherExpenses": 0,
    "operatingExpenses": 5543000000,
    "costAndExpenses": 9051000000,
    "interestIncome": 0,
    "interestExpense": 0,
    "depreciationAndAmortization": 522000000,
    "ebitda": 2725000000,
    "ebitdaratio": 0.2421361294,
    "operatingIncome": 2203000000,
    "operatingIncomeRatio": 0.1957526213,
    "totalOtherIncomeExpensesNet": 171000000,
    "incomeBeforeTax": 2374000000,
    "incomeBeforeTaxRatio": 0.2109472188,
    "incomeTaxExpense": 529000000,
    "netIncome": 1845000000,
    "netIncomeRatio": 0.1639417096,
    "eps": 0.62,
    "epsdiluted": 0.51,
    "weightedAverageShsOut": 2968000000,
    "weightedAverageShsOutDil": 3535179039,
    "link": "https://www.sec.gov/Archives/edgar/data/200406/000095012304003155/0000950123-04-003155-index.htm",
    "finalLink": "https://www.sec.gov/Archives/edgar/data/200406/000095012304003155/y94471e10vk.txt"
  },
  {
    "date": "2003-09-28",
    "symbol": "JNJ",
    "reportedCurrency": "USD",
    "cik": "0000200406",
    "fillingDate": "2003-11-12",
    "acceptedDate": "2003-11-12 12:35:52",
    "calendarYear": "2003",
    "period": "Q3",
    "revenue": 10455000000,
    "costOfRevenue": 2980000000,
    "grossProfit": 7475000000,
    "grossProfitRatio": 0.7149689144,
    "researchAndDevelopmentExpenses": 1177000000,
    "generalAndAdministrativeExpenses": 0,
    "sellingAndMarketingExpenses": 0,
    "sellingGeneralAndAdministrativeExpenses": 3428000000,
    "otherExpenses": 0,
    "operatingExpenses": 4605000000,
    "costAndExpenses": 7585000000,
    "interestIncome": 0,
    "interestExpense": 0,
    "depreciationAndAmortization": 479000000,
    "ebitda": 3349000000,
    "ebitdaratio": 0.3203252033,
    "operatingIncome": 2870000000,
    "operatingIncomeRatio": 0.2745098039,
    "totalOtherIncomeExpensesNet": 79000000,
    "incomeBeforeTax": 2949000000,
    "incomeBeforeTaxRatio": 0.2820659971,
    "incomeTaxExpense": 877000000,
    "netIncome": 2072000000,
    "netIncomeRatio": 0.1981826877,
    "eps": 0.7,
    "epsdiluted": 0.69,
    "weightedAverageShsOut": 2968000000,
    "weightedAverageShsOutDil": 3008300000,
    "link": "https://www.sec.gov/Archives/edgar/data/200406/000020040603000054/0000200406-03-000054-index.htm",
    "finalLink": "https://www.sec.gov/Archives/edgar/data/200406/000020040603000054/tenqthirdqtr.txt"
  },
  {
    "date": "2003-06-29",
    "symbol": "JNJ",
    "reportedCurrency": "USD",
    "cik": "0000200406",
    "fillingDate": "2003-08-11",
    "acceptedDate": "2003-08-11 17:30:51",
    "calendarYear": "2003",
    "period": "Q2",
    "revenue": 10332000000,
    "costOfRevenue": 2966000000,
    "grossProfit": 7366000000,
    "grossProfitRatio": 0.7129307007,
    "researchAndDevelopmentExpenses": 1082000000,
    "generalAndAdministrativeExpenses": 0,
    "sellingAndMarketingExpenses": 0,
    "sellingGeneralAndAdministrativeExpenses": 3396000000,
    "otherExpenses": 0,
    "operatingExpenses": 4478000000,
    "costAndExpenses": 7444000000,
    "interestIncome": 0,
    "interestExpense": 0,
    "depreciationAndAmortization": 422000000,
    "ebitda": 3310000000,
    "ebitdaratio": 0.3203639179,
    "operatingIncome": 2888000000,
    "operatingIncomeRatio": 0.2795199381,
    "totalOtherIncomeExpensesNet": -832000000,
    "incomeBeforeTax": 2056000000,
    "incomeBeforeTaxRatio": 0.1989934185,
    "incomeTaxExpense": 846000000,
    "netIncome": 1210000000,
    "netIncomeRatio": 0.1171118854,
    "eps": 0.41,
    "epsdiluted": 0.4,
    "weightedAverageShsOut": 2967700000,
    "weightedAverageShsOutDil": 3015900000,
    "link": "https://www.sec.gov/Archives/edgar/data/200406/000020040603000011/0000200406-03-000011-index.htm",
    "finalLink": "https://www.sec.gov/Archives/edgar/data/200406/000020040603000011/tenqsecondqtr.txt"
  },
  {
    "date": "2003-03-30",
    "symbol": "JNJ",
    "reportedCurrency": "USD",
    "cik": "0000200406",
    "fillingDate": "2003-05-14",
    "acceptedDate": "2003-05-14 14:04:02",
    "calendarYear": "2003",
    "period": "Q1",
    "revenue": 9821000000,
    "costOfRevenue": 2722000000,
    "grossProfit": 7099000000,
    "grossProfitRatio": 0.7228388148,
    "researchAndDevelopmentExpenses": 936000000,
    "generalAndAdministrativeExpenses": 0,
    "sellingAndMarketingExpenses": 0,
    "sellingGeneralAndAdministrativeExpenses": 3253000000,
    "otherExpenses": 0,
    "operatingExpenses": 4189000000,
    "costAndExpenses": 6911000000,
    "interestIncome": 0,
    "interestExpense": 0,
    "depreciationAndAmortization": 446000000,
    "ebitda": 3356000000,
    "ebitdaratio": 0.3417167295,
    "operatingIncome": 2910000000,
    "operatingIncomeRatio": 0.2963038387,
    "totalOtherIncomeExpensesNet": 19000000,
    "incomeBeforeTax": 2929000000,
    "incomeBeforeTaxRatio": 0.2982384686,
    "incomeTaxExpense": 859000000,
    "netIncome": 2070000000,
    "netIncomeRatio": 0.2107728337,
    "eps": 0.7,
    "epsdiluted": 0.69,
    "weightedAverageShsOut": 2968400000,
    "weightedAverageShsOutDil": 3018500000,
    "link": "https://www.sec.gov/Archives/edgar/data/200406/000020040603000008/0000200406-03-000008-index.htm",
    "finalLink": "https://www.sec.gov/Archives/edgar/data/200406/000020040603000008/tenqfirstquarter.txt"
  },
  {
    "date": "2002-12-29",
    "symbol": "JNJ",
    "reportedCurrency": "USD",
    "cik": "0000200406",
    "fillingDate": "2003-03-18",
    "acceptedDate": "2003-03-18 16:06:24",
    "calendarYear": "2002",
    "period": "Q4",
    "revenue": 9403000000,
    "costOfRevenue": 2797000000,
    "grossProfit": 6606000000,
    "grossProfitRatio": 0.702541742,
    "researchAndDevelopmentExpenses": 1242000000,
    "generalAndAdministrativeExpenses": 0,
    "sellingAndMarketingExpenses": 0,
    "sellingGeneralAndAdministrativeExpenses": 3350000000,
    "otherExpenses": 0,
    "operatingExpenses": 4592000000,
    "costAndExpenses": 7389000000,
    "interestIncome": 0,
    "interestExpense": 0,
    "depreciationAndAmortization": 388000000,
    "ebitda": 2402000000,
    "ebitdaratio": 0.2554503882,
    "operatingIncome": 2014000000,
    "operatingIncomeRatio": 0.2141869616,
    "totalOtherIncomeExpensesNet": -165000000,
    "incomeBeforeTax": 1849000000,
    "incomeBeforeTaxRatio": 0.1966393704,
    "incomeTaxExpense": 465000000,
    "netIncome": 1384000000,
    "netIncomeRatio": 0.147187068,
    "eps": 0.47,
    "epsdiluted": 0.46,
    "weightedAverageShsOut": 2973845455,
    "weightedAverageShsOutDil": 3018666667,
    "link": "https://www.sec.gov/Archives/edgar/data/200406/000095012303002936/0000950123-03-002936-index.htm",
    "finalLink": "https://www.sec.gov/Archives/edgar/data/200406/000095012303002936/y83983e10vk.txt"
  },
  {
    "date": "2002-09-29",
    "symbol": "JNJ",
    "reportedCurrency": "USD",
    "cik": "0000200406",
    "fillingDate": "2002-11-12",
    "acceptedDate": "2002-11-12 08:48:22",
    "calendarYear": "2002",
    "period": "Q3",
    "revenue": 9079000000,
    "costOfRevenue": 2611000000,
    "grossProfit": 6468000000,
    "grossProfitRatio": 0.7124132614,
    "researchAndDevelopmentExpenses": 952000000,
    "generalAndAdministrativeExpenses": 0,
    "sellingAndMarketingExpenses": 0,
    "sellingGeneralAndAdministrativeExpenses": 3006000000,
    "otherExpenses": 0,
    "operatingExpenses": 3958000000,
    "costAndExpenses": 6569000000,
    "interestIncome": 0,
    "interestExpense": 0,
    "depreciationAndAmortization": 442000000,
    "ebitda": 2952000000,
    "ebitdaratio": 0.3251459412,
    "operatingIncome": 2510000000,
    "operatingIncomeRatio": 0.2764621654,
    "totalOtherIncomeExpensesNet": -117000000,
    "incomeBeforeTax": 2393000000,
    "incomeBeforeTaxRatio": 0.2635752836,
    "incomeTaxExpense": 668000000,
    "netIncome": 1725000000,
    "netIncomeRatio": 0.1899988986,
    "eps": 0.58,
    "epsdiluted": 0.57,
    "weightedAverageShsOut": 2974400000,
    "weightedAverageShsOutDil": 3026700000,
    "link": "https://www.sec.gov/Archives/edgar/data/200406/000020040602000010/0000200406-02-000010-index.htm",
    "finalLink": "https://www.sec.gov/Archives/edgar/data/200406/000020040602000010/thirdquartertenq.txt"
  },
  {
    "date": "2002-07-30",
    "symbol": "JNJ",
    "reportedCurrency": "USD",
    "cik": "0000200406",
    "fillingDate": "2002-08-12",
    "acceptedDate": "2002-08-12 16:40:43",
    "calendarYear": "2002",
    "period": "Q2",
    "revenue": 9073000000,
    "costOfRevenue": 2582000000,
    "grossProfit": 6491000000,
    "grossProfitRatio": 0.7154193762,
    "researchAndDevelopmentExpenses": 932000000,
    "generalAndAdministrativeExpenses": 0,
    "sellingAndMarketingExpenses": 0,
    "sellingGeneralAndAdministrativeExpenses": 3017000000,
    "otherExpenses": 0,
    "operatingExpenses": 3949000000,
    "costAndExpenses": 6531000000,
    "interestIncome": 0,
    "interestExpense": 0,
    "depreciationAndAmortization": 420000000,
    "ebitda": 2962000000,
    "ebitdaratio": 0.3264631324,
    "operatingIncome": 2542000000,
    "operatingIncomeRatio": 0.2801719387,
    "totalOtherIncomeExpensesNet": -114000000,
    "incomeBeforeTax": 2428000000,
    "incomeBeforeTaxRatio": 0.2676071862,
    "incomeTaxExpense": 774000000,
    "netIncome": 1654000000,
    "netIncomeRatio": 0.1822991293,
    "eps": 0.55,
    "epsdiluted": 0.54,
    "weightedAverageShsOut": 3003400000,
    "weightedAverageShsOutDil": 3069300000,
    "link": "https://www.sec.gov/Archives/edgar/data/200406/000020040602000006/0000200406-02-000006-index.htm",
    "finalLink": "https://www.sec.gov/Archives/edgar/data/200406/000020040602000006/secondquartertenq.txt"
  },
  {
    "date": "2002-03-31",
    "symbol": "JNJ",
    "reportedCurrency": "USD",
    "cik": "0000200406",
    "fillingDate": "2002-05-14",
    "acceptedDate": "2002-05-14 16:20:52",
    "calendarYear": "2002",
    "period": "Q1",
    "revenue": 8743000000,
    "costOfRevenue": 2457000000,
    "grossProfit": 6286000000,
    "grossProfitRatio": 0.7189751801,
    "researchAndDevelopmentExpenses": 831000000,
    "generalAndAdministrativeExpenses": 0,
    "sellingAndMarketingExpenses": 0,
    "sellingGeneralAndAdministrativeExpenses": 2843000000,
    "otherExpenses": 0,
    "operatingExpenses": 3674000000,
    "costAndExpenses": 6131000000,
    "interestIncome": 0,
    "interestExpense": 0,
    "depreciationAndAmortization": 412000000,
    "ebitda": 3024000000,
    "ebitdaratio": 0.3458767014,
    "operatingIncome": 2612000000,
    "operatingIncomeRatio": 0.2987532883,
    "totalOtherIncomeExpensesNet": 9000000,
    "incomeBeforeTax": 2621000000,
    "incomeBeforeTaxRatio": 0.2997826833,
    "incomeTaxExpense": 787000000,
    "netIncome": 1834000000,
    "netIncomeRatio": 0.2097678143,
    "eps": 0.6,
    "epsdiluted": 0.59,
    "weightedAverageShsOut": 3042000000,
    "weightedAverageShsOutDil": 3115400000,
    "link": "https://www.sec.gov/Archives/edgar/data/200406/000020040602000005/0000200406-02-000005-index.htm",
    "finalLink": "https://www.sec.gov/Archives/edgar/data/200406/000020040602000005/qonetenq.txt"
  },
  {
    "date": "2001-12-30",
    "symbol": "JNJ",
    "reportedCurrency": "USD",
    "cik": "0000200406",
    "fillingDate": "2002-03-20",
    "acceptedDate": "2002-03-20 00:00:00",
    "calendarYear": "2001",
    "period": "Q4",
    "revenue": 8403000000,
    "costOfRevenue": 2489000000,
    "grossProfit": 5914000000,
    "grossProfitRatio": 0.7037962632,
    "researchAndDevelopmentExpenses": 1104000000,
    "generalAndAdministrativeExpenses": 0,
    "sellingAndMarketingExpenses": 0,
    "sellingGeneralAndAdministrativeExpenses": 3280000000,
    "otherExpenses": 0,
    "operatingExpenses": 4384000000,
    "costAndExpenses": 6873000000,
    "interestIncome": 0,
    "interestExpense": 0,
    "depreciationAndAmortization": 364000000,
    "ebitda": 1894000000,
    "ebitdaratio": 0.225395692,
    "operatingIncome": 1530000000,
    "operatingIncomeRatio": 0.1820778293,
    "totalOtherIncomeExpensesNet": -86000000,
    "incomeBeforeTax": 1444000000,
    "incomeBeforeTaxRatio": 0.1718433893,
    "incomeTaxExpense": 339000000,
    "netIncome": 1105000000,
    "netIncomeRatio": 0.1315006545,
    "eps": 0.36,
    "epsdiluted": 0.36,
    "weightedAverageShsOut": 3034964171,
    "weightedAverageShsOutDil": 3034964171,
    "link": "https://www.sec.gov/Archives/edgar/data/200406/000095012302002712/0000950123-02-002712-index.htm",
    "finalLink": "https://www.sec.gov/Archives/edgar/data/200406/000095012302002712/y58008e10-k.txt"
  },
  {
    "date": "2001-09-30",
    "symbol": "JNJ",
    "reportedCurrency": "USD",
    "cik": "0000200406",
    "fillingDate": "2001-11-13",
    "acceptedDate": "2001-11-13 00:00:00",
    "calendarYear": "2001",
    "period": "Q3",
    "revenue": 8058000000,
    "costOfRevenue": 2396000000,
    "grossProfit": 5662000000,
    "grossProfitRatio": 0.7026557458,
    "researchAndDevelopmentExpenses": 899000000,
    "generalAndAdministrativeExpenses": 0,
    "sellingAndMarketingExpenses": 0,
    "sellingGeneralAndAdministrativeExpenses": 2703000000,
    "otherExpenses": 0,
    "operatingExpenses": 3602000000,
    "costAndExpenses": 5998000000,
    "interestIncome": 0,
    "interestExpense": 0,
    "depreciationAndAmortization": 437000000,
    "ebitda": 2497000000,
    "ebitdaratio": 0.3098783817,
    "operatingIncome": 2060000000,
    "operatingIncomeRatio": 0.2556465624,
    "totalOtherIncomeExpensesNet": 48000000,
    "incomeBeforeTax": 2108000000,
    "incomeBeforeTaxRatio": 0.2616033755,
    "incomeTaxExpense": 579000000,
    "netIncome": 1529000000,
    "netIncomeRatio": 0.1897493174,
    "eps": 0.5,
    "epsdiluted": 0.49,
    "weightedAverageShsOut": 3039200000,
    "weightedAverageShsOutDil": 3110900000,
    "link": "https://www.sec.gov/Archives/edgar/data/200406/000020040601500010/0000200406-01-500010-index.htm",
    "finalLink": "https://www.sec.gov/Archives/edgar/data/200406/000020040601500010/thirdqtrtenq.txt"
  },
  {
    "date": "2001-07-01",
    "symbol": "JNJ",
    "reportedCurrency": "USD",
    "cik": "0000200406",
    "fillingDate": "2001-08-15",
    "acceptedDate": "2001-08-15 00:00:00",
    "calendarYear": "2001",
    "period": "Q2",
    "revenue": 8179000000,
    "costOfRevenue": 2372000000,
    "grossProfit": 5807000000,
    "grossProfitRatio": 0.7099889962,
    "researchAndDevelopmentExpenses": 829000000,
    "generalAndAdministrativeExpenses": 0,
    "sellingAndMarketingExpenses": 0,
    "sellingGeneralAndAdministrativeExpenses": 2802000000,
    "otherExpenses": 0,
    "operatingExpenses": 3631000000,
    "costAndExpenses": 6003000000,
    "interestIncome": 0,
    "interestExpense": 0,
    "depreciationAndAmortization": 392000000,
    "ebitda": 2568000000,
    "ebitdaratio": 0.3139748135,
    "operatingIncome": 2176000000,
    "operatingIncomeRatio": 0.266047194,
    "totalOtherIncomeExpensesNet": -47000000,
    "incomeBeforeTax": 2129000000,
    "incomeBeforeTaxRatio": 0.2603007703,
    "incomeTaxExpense": 647000000,
    "netIncome": 1482000000,
    "netIncomeRatio": 0.1811957452,
    "eps": 0.49,
    "epsdiluted": 0.48,
    "weightedAverageShsOut": 3029300000,
    "weightedAverageShsOutDil": 3110500000,
    "link": "https://www.sec.gov/Archives/edgar/data/200406/000020040601500007/0000200406-01-500007-index.htm",
    "finalLink": "https://www.sec.gov/Archives/edgar/data/200406/000020040601500007/secondqtrtenq.txt"
  },
  {
    "date": "2001-04-01",
    "symbol": "JNJ",
    "reportedCurrency": "USD",
    "cik": "0000200406",
    "fillingDate": "2001-05-14",
    "acceptedDate": "2001-05-14 00:00:00",
    "calendarYear": "2001",
    "period": "Q1",
    "revenue": 7855000000,
    "costOfRevenue": 2311000000,
    "grossProfit": 5544000000,
    "grossProfitRatio": 0.7057924889,
    "researchAndDevelopmentExpenses": 759000000,
    "generalAndAdministrativeExpenses": 0,
    "sellingAndMarketingExpenses": 0,
    "sellingGeneralAndAdministrativeExpenses": 2666000000,
    "otherExpenses": 0,
    "operatingExpenses": 3425000000,
    "costAndExpenses": 5736000000,
    "interestIncome": 0,
    "interestExpense": 0,
    "depreciationAndAmortization": 412000000,
    "ebitda": 2531000000,
    "ebitdaratio": 0.3222151496,
    "operatingIncome": 2119000000,
    "operatingIncomeRatio": 0.2697644812,
    "totalOtherIncomeExpensesNet": 98000000,
    "incomeBeforeTax": 2217000000,
    "incomeBeforeTaxRatio": 0.2822406111,
    "incomeTaxExpense": 665000000,
    "netIncome": 1552000000,
    "netIncomeRatio": 0.1975811585,
    "eps": 0.51,
    "epsdiluted": 0.5,
    "weightedAverageShsOut": 3020400000,
    "weightedAverageShsOutDil": 3106900000,
    "link": "https://www.sec.gov/Archives/edgar/data/200406/000020040601500003/0000200406-01-500003-index.htm",
    "finalLink": "https://www.sec.gov/Archives/edgar/data/200406/000020040601500003/jnj10q2001q1b.txt"
  },
  {
    "date": "2000-12-31",
    "symbol": "JNJ",
    "reportedCurrency": "USD",
    "cik": "0000200406",
    "fillingDate": "2001-03-30",
    "acceptedDate": "2001-03-30 00:00:00",
    "calendarYear": "2000",
    "period": "Q4",
    "revenue": 7108000000,
    "costOfRevenue": 1853000000,
    "grossProfit": 5255000000,
    "grossProfitRatio": 0.7393078222,
    "researchAndDevelopmentExpenses": 930000000,
    "generalAndAdministrativeExpenses": 0,
    "sellingAndMarketingExpenses": 0,
    "sellingGeneralAndAdministrativeExpenses": 2846000000,
    "otherExpenses": 332000000,
    "operatingExpenses": 4108000000,
    "costAndExpenses": 5961000000,
    "interestIncome": 0,
    "interestExpense": 0,
    "depreciationAndAmortization": 332000000,
    "ebitda": 1479000000,
    "ebitdaratio": 0.208075408,
    "operatingIncome": 1147000000,
    "operatingIncomeRatio": 0.1613674733,
    "totalOtherIncomeExpensesNet": -29000000,
    "incomeBeforeTax": 1118000000,
    "incomeBeforeTaxRatio": 0.1572875633,
    "incomeTaxExpense": 227000000,
    "netIncome": 891000000,
    "netIncomeRatio": 0.1253517164,
    "eps": 0.31,
    "epsdiluted": 0.3,
    "weightedAverageShsOut": 3013900000,
    "weightedAverageShsOutDil": 3108200000,
    "link": "https://www.sec.gov/Archives/edgar/data/200406/000095012301002941/0000950123-01-002941-index.htm",
    "finalLink": "https://www.sec.gov/Archives/edgar/data/200406/000095012301002941/y46182e10-k405.txt"
  },
  {
    "date": "2000-10-01",
    "symbol": "JNJ",
    "reportedCurrency": "USD",
    "cik": "0000200406",
    "fillingDate": "2000-10-31",
    "acceptedDate": "2000-10-31 00:00:00",
    "calendarYear": "2000",
    "period": "Q3",
    "revenue": 7438000000,
    "costOfRevenue": 2191000000,
    "grossProfit": 5247000000,
    "grossProfitRatio": 0.7054315676,
    "researchAndDevelopmentExpenses": 739000000,
    "generalAndAdministrativeExpenses": 0,
    "sellingAndMarketingExpenses": 0,
    "sellingGeneralAndAdministrativeExpenses": 2767000000,
    "otherExpenses": 0,
    "operatingExpenses": 3506000000,
    "costAndExpenses": 5697000000,
    "interestIncome": 0,
    "interestExpense": 0,
    "depreciationAndAmortization": 407000000,
    "ebitda": 2148000000,
    "ebitdaratio": 0.2887873084,
    "operatingIncome": 1741000000,
    "operatingIncomeRatio": 0.2340682979,
    "totalOtherIncomeExpensesNet": 93000000,
    "incomeBeforeTax": 1834000000,
    "incomeBeforeTaxRatio": 0.246571659,
    "incomeTaxExpense": 511000000,
    "netIncome": 1323000000,
    "netIncomeRatio": 0.1778703953,
    "eps": 0.44,
    "epsdiluted": 0.43,
    "weightedAverageShsOut": 2998400000,
    "weightedAverageShsOutDil": 3113400000,
    "link": "https://www.sec.gov/Archives/edgar/data/200406/000020040600000004/0000200406-00-000004-index.htm",
    "finalLink": "https://www.sec.gov/Archives/edgar/data/200406/000020040600000004/0000200406-00-000004-0001.txt"
  },
  {
    "date": "2000-06-02",
    "symbol": "JNJ",
    "reportedCurrency": "USD",
    "cik": "0000200406",
    "fillingDate": "2000-08-15",
    "acceptedDate": "2000-08-15 00:00:00",
    "calendarYear": "2000",
    "period": "Q2",
    "revenue": 7670000000,
    "costOfRevenue": 2261000000,
    "grossProfit": 5409000000,
    "grossProfitRatio": 0.7052151239,
    "researchAndDevelopmentExpenses": 713000000,
    "generalAndAdministrativeExpenses": 0,
    "sellingAndMarketingExpenses": 0,
    "sellingGeneralAndAdministrativeExpenses": 2829000000,
    "otherExpenses": 0,
    "operatingExpenses": 3542000000,
    "costAndExpenses": 5803000000,
    "interestIncome": 0,
    "interestExpense": 0,
    "depreciationAndAmortization": 401000000,
    "ebitda": 2268000000,
    "ebitdaratio": 0.2956975228,
    "operatingIncome": 1867000000,
    "operatingIncomeRatio": 0.2434159061,
    "totalOtherIncomeExpensesNet": 46000000,
    "incomeBeforeTax": 1913000000,
    "incomeBeforeTaxRatio": 0.2494132986,
    "incomeTaxExpense": 550000000,
    "netIncome": 1363000000,
    "netIncomeRatio": 0.1777053455,
    "eps": 0.46,
    "epsdiluted": 0.44,
    "weightedAverageShsOut": 2983000000,
    "weightedAverageShsOutDil": 3094900000,
    "link": "https://www.sec.gov/Archives/edgar/data/200406/000020040600000003/0000200406-00-000003-index.htm",
    "finalLink": "https://www.sec.gov/Archives/edgar/data/200406/000020040600000003/0000200406-00-000003-0001.txt"
  },
  {
    "date": "2000-04-02",
    "symbol": "JNJ",
    "reportedCurrency": "USD",
    "cik": "0000200406",
    "fillingDate": "2000-05-15",
    "acceptedDate": "2000-05-15 00:00:00",
    "calendarYear": "2000",
    "period": "Q1",
    "revenue": 7319000000,
    "costOfRevenue": 1810000000,
    "grossProfit": 5509000000,
    "grossProfitRatio": 0.7526984561,
    "researchAndDevelopmentExpenses": 637000000,
    "generalAndAdministrativeExpenses": 0,
    "sellingAndMarketingExpenses": 0,
    "sellingGeneralAndAdministrativeExpenses": 2609000000,
    "otherExpenses": 431000000,
    "operatingExpenses": 3677000000,
    "costAndExpenses": 5487000000,
    "interestIncome": 0,
    "interestExpense": 0,
    "depreciationAndAmortization": 431000000,
    "ebitda": 2263000000,
    "ebitdaratio": 0.3091952453,
    "operatingIncome": 1832000000,
    "operatingIncomeRatio": 0.250307419,
    "totalOtherIncomeExpensesNet": 60000000,
    "incomeBeforeTax": 1892000000,
    "incomeBeforeTaxRatio": 0.2585052603,
    "incomeTaxExpense": 578000000,
    "netIncome": 1314000000,
    "netIncomeRatio": 0.179532723,
    "eps": 0.48,
    "epsdiluted": 0.47,
    "weightedAverageShsOut": 2779400000,
    "weightedAverageShsOutDil": 2822000000,
    "link": "https://www.sec.gov/Archives/edgar/data/200406/000020040600000002/0000200406-00-000002-index.htm",
    "finalLink": "https://www.sec.gov/Archives/edgar/data/200406/000020040600000002/0000200406-00-000002.txt"
  },
  {
    "date": "2000-01-02",
    "symbol": "JNJ",
    "reportedCurrency": "USD",
    "cik": "0000200406",
    "fillingDate": "2000-03-31",
    "acceptedDate": "2000-03-31 00:00:00",
    "calendarYear": "1999",
    "period": "Q4",
    "revenue": 7230000000,
    "costOfRevenue": 1943000000,
    "grossProfit": 5287000000,
    "grossProfitRatio": 0.7312586445,
    "researchAndDevelopmentExpenses": 877000000,
    "generalAndAdministrativeExpenses": 0,
    "sellingAndMarketingExpenses": 0,
    "sellingGeneralAndAdministrativeExpenses": 2987000000,
    "otherExpenses": 345000000,
    "operatingExpenses": 4209000000,
    "costAndExpenses": 6152000000,
    "interestIncome": 0,
    "interestExpense": 0,
    "depreciationAndAmortization": 345000000,
    "ebitda": 1423000000,
    "ebitdaratio": 0.1968188105,
    "operatingIncome": 1078000000,
    "operatingIncomeRatio": 0.1491009682,
    "totalOtherIncomeExpensesNet": -55000000,
    "incomeBeforeTax": 1023000000,
    "incomeBeforeTaxRatio": 0.1414937759,
    "incomeTaxExpense": 238000000,
    "netIncome": 785000000,
    "netIncomeRatio": 0.1085753804,
    "eps": 0.2,
    "epsdiluted": 0.19,
    "weightedAverageShsOut": 3611847552,
    "weightedAverageShsOutDil": 3784802878,
    "link": "https://www.sec.gov/Archives/edgar/data/200406/000095012300003132/0000950123-00-003132-index.htm",
    "finalLink": "https://www.sec.gov/Archives/edgar/data/200406/000095012300003132/"
  },
  {
    "date": "1999-10-03",
    "symbol": "JNJ",
    "reportedCurrency": "USD",
    "cik": "0000200406",
    "fillingDate": "1999-11-16",
    "acceptedDate": "1999-11-16 00:00:00",
    "calendarYear": "1999",
    "period": "Q3",
    "revenue": 6884000000,
    "costOfRevenue": 1679000000,
    "grossProfit": 5205000000,
    "grossProfitRatio": 0.756101104,
    "researchAndDevelopmentExpenses": 635000000,
    "generalAndAdministrativeExpenses": 0,
    "sellingAndMarketingExpenses": 0,
    "sellingGeneralAndAdministrativeExpenses": 2617000000,
    "otherExpenses": 389000000,
    "operatingExpenses": 3641000000,
    "costAndExpenses": 5320000000,
    "interestIncome": 0,
    "interestExpense": 0,
    "depreciationAndAmortization": 389000000,
    "ebitda": 1953000000,
    "ebitdaratio": 0.2837013364,
    "operatingIncome": 1564000000,
    "operatingIncomeRatio": 0.2271934922,
    "totalOtherIncomeExpensesNet": -33000000,
    "incomeBeforeTax": 1531000000,
    "incomeBeforeTaxRatio": 0.2223997676,
    "incomeTaxExpense": 420000000,
    "netIncome": 1111000000,
    "netIncomeRatio": 0.1613887275,
    "eps": 0.4,
    "epsdiluted": 0.39,
    "weightedAverageShsOut": 2779800000,
    "weightedAverageShsOutDil": 2838000000,
    "link": "https://www.sec.gov/Archives/edgar/data/200406/000020040699000009/0000200406-99-000009-index.htm",
    "finalLink": "https://www.sec.gov/Archives/edgar/data/200406/000020040699000009/0000200406-99-000009.txt"
  },
  {
    "date": "1999-07-04",
    "symbol": "JNJ",
    "reportedCurrency": "USD",
    "cik": "0000200406",
    "fillingDate": "1999-08-13",
    "acceptedDate": "1999-08-13 00:00:00",
    "calendarYear": "1999",
    "period": "Q2",
    "revenue": 6971000000,
    "costOfRevenue": 1807000000,
    "grossProfit": 5164000000,
    "grossProfitRatio": 0.7407832449,
    "researchAndDevelopmentExpenses": 596000000,
    "generalAndAdministrativeExpenses": 0,
    "sellingAndMarketingExpenses": 0,
    "sellingGeneralAndAdministrativeExpenses": 2588000000,
    "otherExpenses": 316000000,
    "operatingExpenses": 3500000000,
    "costAndExpenses": 5307000000,
    "interestIncome": 0,
    "interestExpense": 0,
    "depreciationAndAmortization": 328000000,
    "ebitda": 1992000000,
    "ebitdaratio": 0.2857552718,
    "operatingIncome": 1664000000,
    "operatingIncomeRatio": 0.238703199,
    "totalOtherIncomeExpensesNet": -35000000,
    "incomeBeforeTax": 1629000000,
    "incomeBeforeTaxRatio": 0.2336823985,
    "incomeTaxExpense": 465000000,
    "netIncome": 1164000000,
    "netIncomeRatio": 0.1669774781,
    "eps": 0.42,
    "epsdiluted": 0.41,
    "weightedAverageShsOut": 2780200000,
    "weightedAverageShsOutDil": 2842400000,
    "link": "https://www.sec.gov/Archives/edgar/data/200406/000020040699000005/0000200406-99-000005-index.htm",
    "finalLink": "https://www.sec.gov/Archives/edgar/data/200406/000020040699000005/0000200406-99-000005.txt"
  },
  {
    "date": "1999-04-04",
    "symbol": "JNJ",
    "reportedCurrency": "USD",
    "cik": "0000200406",
    "fillingDate": "1999-05-17",
    "acceptedDate": "1999-05-17 00:00:00",
    "calendarYear": "1999",
    "period": "Q1",
    "revenue": 6739000000,
    "costOfRevenue": 1651000000,
    "grossProfit": 5088000000,
    "grossProfitRatio": 0.7550081614,
    "researchAndDevelopmentExpenses": 557000000,
    "generalAndAdministrativeExpenses": 0,
    "sellingAndMarketingExpenses": 0,
    "sellingGeneralAndAdministrativeExpenses": 2437000000,
    "otherExpenses": 419000000,
    "operatingExpenses": 3413000000,
    "costAndExpenses": 5064000000,
    "interestIncome": 0,
    "interestExpense": 0,
    "depreciationAndAmortization": 419000000,
    "ebitda": 2094000000,
    "ebitdaratio": 0.3107285947,
    "operatingIncome": 1675000000,
    "operatingIncomeRatio": 0.2485531978,
    "totalOtherIncomeExpensesNet": -53000000,
    "incomeBeforeTax": 1622000000,
    "incomeBeforeTaxRatio": 0.2406885295,
    "incomeTaxExpense": 484000000,
    "netIncome": 1138000000,
    "netIncomeRatio": 0.1688677845,
    "eps": 0.41,
    "epsdiluted": 0.4,
    "weightedAverageShsOut": 2780400000,
    "weightedAverageShsOutDil": 2839400000,
    "link": "https://www.sec.gov/Archives/edgar/data/200406/000020040699000002/0000200406-99-000002-index.htm",
    "finalLink": "https://www.sec.gov/Archives/edgar/data/200406/0000200406-99-000002.txt"
  },
  {
    "date": "1999-01-03",
    "symbol": "JNJ",
    "reportedCurrency": "USD",
    "cik": "0000200406",
    "fillingDate": "1999-04-01",
    "acceptedDate": "1999-04-01 00:00:00",
    "calendarYear": "1998",
    "period": "Q4",
    "revenue": 6367000000,
    "costOfRevenue": 1758000000,
    "grossProfit": 4609000000,
    "grossProfitRatio": 0.7238888016,
    "researchAndDevelopmentExpenses": 732000000,
    "generalAndAdministrativeExpenses": 0,
    "sellingAndMarketingExpenses": 0,
    "sellingGeneralAndAdministrativeExpenses": 2542000000,
    "otherExpenses": 340000000,
    "operatingExpenses": 3614000000,
    "costAndExpenses": 5372000000,
    "interestIncome": 0,
    "interestExpense": 0,
    "depreciationAndAmortization": 340000000,
    "ebitda": 1335000000,
    "ebitdaratio": 0.2096748861,
    "operatingIncome": 995000000,
    "operatingIncomeRatio": 0.1562745406,
    "totalOtherIncomeExpensesNet": -848000000,
    "incomeBeforeTax": 147000000,
    "incomeBeforeTaxRatio": 0.0230877965,
    "incomeTaxExpense": 64000000,
    "netIncome": 83000000,
    "netIncomeRatio": 0.0130359667,
    "eps": -0.025,
    "epsdiluted": -0.025,
    "weightedAverageShsOut": 3042584213,
    "weightedAverageShsOutDil": 3103504043,
    "link": "https://www.sec.gov/Archives/edgar/data/200406/000095012399002942/0000950123-99-002942-index.htm",
    "finalLink": "https://www.sec.gov/Archives/edgar/data/200406/0000950123-99-002942.txt"
  },
  {
    "date": "1998-09-27",
    "symbol": "JNJ",
    "reportedCurrency": "USD",
    "cik": "0000200406",
    "fillingDate": "1998-11-10",
    "acceptedDate": "1998-11-10 00:00:00",
    "calendarYear": "1998",
    "period": "Q3",
    "revenue": 5724000000,
    "costOfRevenue": 1465000000,
    "grossProfit": 4259000000,
    "grossProfitRatio": 0.7440600978,
    "researchAndDevelopmentExpenses": 511000000,
    "generalAndAdministrativeExpenses": 0,
    "sellingAndMarketingExpenses": 0,
    "sellingGeneralAndAdministrativeExpenses": 2151000000,
    "otherExpenses": 293000000,
    "operatingExpenses": 2955000000,
    "costAndExpenses": 4420000000,
    "interestIncome": 0,
    "interestExpense": 0,
    "depreciationAndAmortization": 293000000,
    "ebitda": 1597000000,
    "ebitdaratio": 0.2790006988,
    "operatingIncome": 1304000000,
    "operatingIncomeRatio": 0.2278127184,
    "totalOtherIncomeExpensesNet": 13000000,
    "incomeBeforeTax": 1317000000,
    "incomeBeforeTaxRatio": 0.2300838574,
    "incomeTaxExpense": 356000000,
    "netIncome": 961000000,
    "netIncomeRatio": 0.1678895877,
    "eps": 0.36,
    "epsdiluted": 0.35,
    "weightedAverageShsOut": 2707042254,
    "weightedAverageShsOutDil": 2745714286,
    "link": "https://www.sec.gov/Archives/edgar/data/200406/000020040698000005/0000200406-98-000005-index.htm",
    "finalLink": "https://www.sec.gov/Archives/edgar/data/200406/0000200406-98-000005.txt"
  },
  {
    "date": "1998-06-28",
    "symbol": "JNJ",
    "reportedCurrency": "USD",
    "cik": "0000200406",
    "fillingDate": "1998-08-07",
    "acceptedDate": "1998-08-07 00:00:00",
    "calendarYear": "1998",
    "period": "Q2",
    "revenue": 5783000000,
    "costOfRevenue": 1484000000,
    "grossProfit": 4299000000,
    "grossProfitRatio": 0.7433857859,
    "researchAndDevelopmentExpenses": 532000000,
    "generalAndAdministrativeExpenses": 0,
    "sellingAndMarketingExpenses": 0,
    "sellingGeneralAndAdministrativeExpenses": 2114000000,
    "otherExpenses": 319000000,
    "operatingExpenses": 2965000000,
    "costAndExpenses": 4449000000,
    "interestIncome": 0,
    "interestExpense": 0,
    "depreciationAndAmortization": 319000000,
    "ebitda": 1653000000,
    "ebitdaratio": 0.2858378004,
    "operatingIncome": 1334000000,
    "operatingIncomeRatio": 0.2306761197,
    "totalOtherIncomeExpensesNet": 37000000,
    "incomeBeforeTax": 1371000000,
    "incomeBeforeTaxRatio": 0.237074183,
    "incomeTaxExpense": 366000000,
    "netIncome": 1005000000,
    "netIncomeRatio": 0.1737852326,
    "eps": 0.38,
    "epsdiluted": 0.37,
    "weightedAverageShsOut": 2680000000,
    "weightedAverageShsOutDil": 2716216216,
    "link": "https://www.sec.gov/Archives/edgar/data/200406/000020040698000003/0000200406-98-000003-index.htm",
    "finalLink": "https://www.sec.gov/Archives/edgar/data/200406/0000200406-98-000003.txt"
  },
  {
    "date": "1998-03-29",
    "symbol": "JNJ",
    "reportedCurrency": "USD",
    "cik": "0000200406",
    "fillingDate": "1998-05-11",
    "acceptedDate": "1998-05-11 00:00:00",
    "calendarYear": "1998",
    "period": "Q1",
    "revenue": 5783000000,
    "costOfRevenue": 1483000000,
    "grossProfit": 4300000000,
    "grossProfitRatio": 0.7435587066,
    "researchAndDevelopmentExpenses": 494000000,
    "generalAndAdministrativeExpenses": 0,
    "sellingAndMarketingExpenses": 0,
    "sellingGeneralAndAdministrativeExpenses": 2100000000,
    "otherExpenses": 294000000,
    "operatingExpenses": 2888000000,
    "costAndExpenses": 4371000000,
    "interestIncome": 0,
    "interestExpense": 0,
    "depreciationAndAmortization": 294000000,
    "ebitda": 1706000000,
    "ebitdaratio": 0.2950025938,
    "operatingIncome": 1412000000,
    "operatingIncomeRatio": 0.2441639288,
    "totalOtherIncomeExpensesNet": 22000000,
    "incomeBeforeTax": 1434000000,
    "incomeBeforeTaxRatio": 0.2479681826,
    "incomeTaxExpense": 424000000,
    "netIncome": 1010000000,
    "netIncomeRatio": 0.1746498357,
    "eps": 0.38,
    "epsdiluted": 0.37,
    "weightedAverageShsOut": 2679487855,
    "weightedAverageShsOutDil": 2748939254,
    "link": "https://www.sec.gov/Archives/edgar/data/200406/000020040698000002/0000200406-98-000002-index.htm",
    "finalLink": "https://www.sec.gov/Archives/edgar/data/200406/0000200406-98-000002.txt"
  },
  {
    "date": "1997-12-28",
    "symbol": "JNJ",
    "reportedCurrency": "USD",
    "cik": "0000200406",
    "fillingDate": "1998-03-27",
    "acceptedDate": "1998-03-27 00:00:00",
    "calendarYear": "1997",
    "period": "Q4",
    "revenue": 5630000000,
    "costOfRevenue": 1682000000,
    "grossProfit": 3948000000,
    "grossProfitRatio": 0.7012433393,
    "researchAndDevelopmentExpenses": 626000000,
    "generalAndAdministrativeExpenses": 0,
    "sellingAndMarketingExpenses": 0,
    "sellingGeneralAndAdministrativeExpenses": 2286000000,
    "otherExpenses": 199000000,
    "operatingExpenses": 3111000000,
    "costAndExpenses": 4793000000,
    "interestIncome": 0,
    "interestExpense": 0,
    "depreciationAndAmortization": 199000000,
    "ebitda": 1036000000,
    "ebitdaratio": 0.1840142096,
    "operatingIncome": 837000000,
    "operatingIncomeRatio": 0.1486678508,
    "totalOtherIncomeExpensesNet": -54000000,
    "incomeBeforeTax": 783000000,
    "incomeBeforeTaxRatio": 0.1390763766,
    "incomeTaxExpense": 153000000,
    "netIncome": 630000000,
    "netIncomeRatio": 0.1119005329,
    "eps": 0.24,
    "epsdiluted": 0.23,
    "weightedAverageShsOut": 2678975709,
    "weightedAverageShsOutDil": 2781662291,
    "link": "https://www.sec.gov/Archives/edgar/data/200406/000095012398003008/0000950123-98-003008-index.html",
    "finalLink": "https://www.sec.gov/Archives/edgar/data/200406/"
  },
  {
    "date": "1997-09-28",
    "symbol": "JNJ",
    "reportedCurrency": "USD",
    "cik": "0000200406",
    "fillingDate": "1997-11-07",
    "acceptedDate": "1997-11-07 00:00:00",
    "calendarYear": "1997",
    "period": "Q3",
    "revenue": 5586000000,
    "costOfRevenue": 1430000000,
    "grossProfit": 4156000000,
    "grossProfitRatio": 0.7440028643,
    "researchAndDevelopmentExpenses": 516000000,
    "generalAndAdministrativeExpenses": 0,
    "sellingAndMarketingExpenses": 0,
    "sellingGeneralAndAdministrativeExpenses": 2149000000,
    "otherExpenses": 320000000,
    "operatingExpenses": 2985000000,
    "costAndExpenses": 4415000000,
    "interestIncome": 0,
    "interestExpense": 0,
    "depreciationAndAmortization": 320000000,
    "ebitda": 1491000000,
    "ebitdaratio": 0.2669172932,
    "operatingIncome": 1171000000,
    "operatingIncomeRatio": 0.2096312209,
    "totalOtherIncomeExpensesNet": 26000000,
    "incomeBeforeTax": 1197000000,
    "incomeBeforeTaxRatio": 0.2142857143,
    "incomeTaxExpense": 342000000,
    "netIncome": 855000000,
    "netIncomeRatio": 0.1530612245,
    "eps": 0.32,
    "epsdiluted": 0.32,
    "weightedAverageShsOut": 2671875000,
    "weightedAverageShsOutDil": 2714285714,
    "link": "https://www.sec.gov/Archives/edgar/data/200406/000020040697000012/0000200406-97-000012-index.htm",
    "finalLink": "https://www.sec.gov/Archives/edgar/data/200406/0000200406-97-000012.txt"
  },
  {
    "date": "1997-06-29",
    "symbol": "JNJ",
    "reportedCurrency": "USD",
    "cik": "0000200406",
    "fillingDate": "1997-08-08",
    "acceptedDate": "1997-08-08 00:00:00",
    "calendarYear": "1997",
    "period": "Q2",
    "revenue": 5698000000,
    "costOfRevenue": 1481000000,
    "grossProfit": 4217000000,
    "grossProfitRatio": 0.7400842401,
    "researchAndDevelopmentExpenses": 520000000,
    "generalAndAdministrativeExpenses": 0,
    "sellingAndMarketingExpenses": 0,
    "sellingGeneralAndAdministrativeExpenses": 2142000000,
    "otherExpenses": 268000000,
    "operatingExpenses": 2930000000,
    "costAndExpenses": 4411000000,
    "interestIncome": 0,
    "interestExpense": 0,
    "depreciationAndAmortization": 268000000,
    "ebitda": 1555000000,
    "ebitdaratio": 0.2729027729,
    "operatingIncome": 1287000000,
    "operatingIncomeRatio": 0.2258687259,
    "totalOtherIncomeExpensesNet": 7000000,
    "incomeBeforeTax": 1294000000,
    "incomeBeforeTaxRatio": 0.2270972271,
    "incomeTaxExpense": 385000000,
    "netIncome": 909000000,
    "netIncomeRatio": 0.1595296595,
    "eps": 0.34,
    "epsdiluted": 0.34,
    "weightedAverageShsOut": 2673529412,
    "weightedAverageShsOutDil": 2713432836,
    "link": "https://www.sec.gov/Archives/edgar/data/200406/000020040697000009/0000200406-97-000009-index.htm",
    "finalLink": "https://www.sec.gov/Archives/edgar/data/200406/0000200406-97-000009.txt"
  },
  {
    "date": "1997-03-30",
    "symbol": "JNJ",
    "reportedCurrency": "USD",
    "cik": "0000200406",
    "fillingDate": "1997-05-09",
    "acceptedDate": "1997-05-09 00:00:00",
    "calendarYear": "1997",
    "period": "Q1",
    "revenue": 5715000000,
    "costOfRevenue": 1492000000,
    "grossProfit": 4223000000,
    "grossProfitRatio": 0.7389326334,
    "researchAndDevelopmentExpenses": 478000000,
    "generalAndAdministrativeExpenses": 0,
    "sellingAndMarketingExpenses": 0,
    "sellingGeneralAndAdministrativeExpenses": 2138000000,
    "otherExpenses": 280000000,
    "operatingExpenses": 2896000000,
    "costAndExpenses": 4388000000,
    "interestIncome": 0,
    "interestExpense": 0,
    "depreciationAndAmortization": 280000000,
    "ebitda": 1607000000,
    "ebitdaratio": 0.2811898513,
    "operatingIncome": 1327000000,
    "operatingIncomeRatio": 0.2321959755,
    "totalOtherIncomeExpensesNet": -25000000,
    "incomeBeforeTax": 1302000000,
    "incomeBeforeTaxRatio": 0.2278215223,
    "incomeTaxExpense": 393000000,
    "netIncome": 909000000,
    "netIncomeRatio": 0.1590551181,
    "eps": 0.34,
    "epsdiluted": 0.33,
    "weightedAverageShsOut": 2673529412,
    "weightedAverageShsOutDil": 2754545455,
    "link": "https://www.sec.gov/Archives/edgar/data/200406/000020040697000001/0000200406-97-000001-index.htm",
    "finalLink": "https://www.sec.gov/Archives/edgar/data/200406/0000200406-97-000001.txt"
  },
  {
    "date": "1996-12-31",
    "symbol": "JNJ",
    "reportedCurrency": "USD",
    "cik": "0000200406",
    "fillingDate": "1997-03-31",
    "acceptedDate": "1997-03-31 00:00:00",
    "calendarYear": "1996",
    "period": "Q4",
    "revenue": 5502000000,
    "costOfRevenue": 1601000000,
    "grossProfit": 3901000000,
    "grossProfitRatio": 0.7090149037,
    "researchAndDevelopmentExpenses": 0,
    "generalAndAdministrativeExpenses": 0,
    "sellingAndMarketingExpenses": 0,
    "sellingGeneralAndAdministrativeExpenses": 2867000000,
    "otherExpenses": 251000000,
    "operatingExpenses": 3118000000,
    "costAndExpenses": 4719000000,
    "interestIncome": 0,
    "interestExpense": 0,
    "depreciationAndAmortization": 251000000,
    "ebitda": 1034000000,
    "ebitdaratio": 0.1879316612,
    "operatingIncome": 783000000,
    "operatingIncomeRatio": 0.1423118866,
    "totalOtherIncomeExpensesNet": -52000000,
    "incomeBeforeTax": 731000000,
    "incomeBeforeTaxRatio": 0.1328607779,
    "incomeTaxExpense": 175000000,
    "netIncome": 556000000,
    "netIncomeRatio": 0.1010541621,
    "eps": 0.21,
    "epsdiluted": 0.21,
    "weightedAverageShsOut": 2651317972,
    "weightedAverageShsOutDil": 2726315789,
    "link": "https://www.sec.gov/Archives/edgar/data/200406/000095012397002843/0000950123-97-002843-index.html",
    "finalLink": "https://www.sec.gov/Archives/edgar/data/200406/"
  },
  {
    "date": "1996-09-29",
    "symbol": "JNJ",
    "reportedCurrency": "USD",
    "cik": "0000200406",
    "fillingDate": "1996-11-12",
    "acceptedDate": "1996-11-12 00:00:00",
    "calendarYear": "1996",
    "period": "Q3",
    "revenue": 5402000000,
    "costOfRevenue": 1449000000,
    "grossProfit": 3953000000,
    "grossProfitRatio": 0.7317660126,
    "researchAndDevelopmentExpenses": 0,
    "generalAndAdministrativeExpenses": 0,
    "sellingAndMarketingExpenses": 0,
    "sellingGeneralAndAdministrativeExpenses": 2533000000,
    "otherExpenses": 266000000,
    "operatingExpenses": 2799000000,
    "costAndExpenses": 4248000000,
    "interestIncome": 0,
    "interestExpense": 0,
    "depreciationAndAmortization": 266000000,
    "ebitda": 1420000000,
    "ebitdaratio": 0.2628656053,
    "operatingIncome": 1154000000,
    "operatingIncomeRatio": 0.2136245835,
    "totalOtherIncomeExpensesNet": -95000000,
    "incomeBeforeTax": 1059000000,
    "incomeBeforeTaxRatio": 0.1960385043,
    "incomeTaxExpense": 309000000,
    "netIncome": 750000000,
    "netIncomeRatio": 0.1388374676,
    "eps": 0.28,
    "epsdiluted": 0.28,
    "weightedAverageShsOut": 2678571429,
    "weightedAverageShsOutDil": 2727272727,
    "link": "https://www.sec.gov/Archives/edgar/data/200406/000020040696000005/0000200406-96-000005-index.htm",
    "finalLink": "https://www.sec.gov/Archives/edgar/data/200406/0000200406-96-000005.txt"
  },
  {
    "date": "1996-06-30",
    "symbol": "JNJ",
    "reportedCurrency": "USD",
    "cik": "0000200406",
    "fillingDate": "1996-08-09",
    "acceptedDate": "1996-08-09 00:00:00",
    "calendarYear": "1996",
    "period": "Q2",
    "revenue": 5382000000,
    "costOfRevenue": 1484000000,
    "grossProfit": 3898000000,
    "grossProfitRatio": 0.7242660721,
    "researchAndDevelopmentExpenses": 0,
    "generalAndAdministrativeExpenses": 0,
    "sellingAndMarketingExpenses": 0,
    "sellingGeneralAndAdministrativeExpenses": 2475000000,
    "otherExpenses": 248000000,
    "operatingExpenses": 2723000000,
    "costAndExpenses": 4207000000,
    "interestIncome": 0,
    "interestExpense": 0,
    "depreciationAndAmortization": 248000000,
    "ebitda": 1423000000,
    "ebitdaratio": 0.2643998514,
    "operatingIncome": 1175000000,
    "operatingIncomeRatio": 0.218320327,
    "totalOtherIncomeExpensesNet": -56000000,
    "incomeBeforeTax": 1119000000,
    "incomeBeforeTaxRatio": 0.2079152731,
    "incomeTaxExpense": 328000000,
    "netIncome": 791000000,
    "netIncomeRatio": 0.1469713861,
    "eps": 0.3,
    "epsdiluted": 0.29,
    "weightedAverageShsOut": 2636666667,
    "weightedAverageShsOutDil": 2727586207,
    "link": "https://www.sec.gov/Archives/edgar/data/200406/000020040696000003/0000200406-96-000003-index.htm",
    "finalLink": "https://www.sec.gov/Archives/edgar/data/200406/0000200406-96-000003.txt"
  },
  {
    "date": "1996-03-31",
    "symbol": "JNJ",
    "reportedCurrency": "USD",
    "cik": "0000200406",
    "fillingDate": "1996-05-10",
    "acceptedDate": "1996-05-10 00:00:00",
    "calendarYear": "1996",
    "period": "Q1",
    "revenue": 5334000000,
    "costOfRevenue": 1475000000,
    "grossProfit": 3859000000,
    "grossProfitRatio": 0.723472066,
    "researchAndDevelopmentExpenses": 0,
    "generalAndAdministrativeExpenses": 0,
    "sellingAndMarketingExpenses": 0,
    "sellingGeneralAndAdministrativeExpenses": 2424000000,
    "otherExpenses": 244000000,
    "operatingExpenses": 2668000000,
    "costAndExpenses": 4143000000,
    "interestIncome": 0,
    "interestExpense": 0,
    "depreciationAndAmortization": 244000000,
    "ebitda": 1435000000,
    "ebitdaratio": 0.2690288714,
    "operatingIncome": 1191000000,
    "operatingIncomeRatio": 0.2232845894,
    "totalOtherIncomeExpensesNet": -67000000,
    "incomeBeforeTax": 1124000000,
    "incomeBeforeTaxRatio": 0.2107236595,
    "incomeTaxExpense": 334000000,
    "netIncome": 790000000,
    "netIncomeRatio": 0.1481064867,
    "eps": 0.3,
    "epsdiluted": 0.29,
    "weightedAverageShsOut": 2677966102,
    "weightedAverageShsOutDil": 2724137931,
    "link": "https://www.sec.gov/Archives/edgar/data/200406/000020040696000001/0000200406-96-000001-index.htm",
    "finalLink": "https://www.sec.gov/Archives/edgar/data/200406/0000200406-96-000001.txt"
  },
  {
    "date": "1995-12-31",
    "symbol": "JNJ",
    "reportedCurrency": "USD",
    "cik": "0000200406",
    "fillingDate": "1996-04-01",
    "acceptedDate": "1996-04-01 00:00:00",
    "calendarYear": "1995",
    "period": "Q4",
    "revenue": 4846000000,
    "costOfRevenue": 1430000000,
    "grossProfit": 3416000000,
    "grossProfitRatio": 0.704911267,
    "researchAndDevelopmentExpenses": 0,
    "generalAndAdministrativeExpenses": 0,
    "sellingAndMarketingExpenses": 0,
    "sellingGeneralAndAdministrativeExpenses": 2417000000,
    "otherExpenses": 253000000,
    "operatingExpenses": 2670000000,
    "costAndExpenses": 4100000000,
    "interestIncome": 0,
    "interestExpense": 0,
    "depreciationAndAmortization": 253000000,
    "ebitda": 999000000,
    "ebitdaratio": 0.2061494016,
    "operatingIncome": 746000000,
    "operatingIncomeRatio": 0.153941395,
    "totalOtherIncomeExpensesNet": -153000000,
    "incomeBeforeTax": 593000000,
    "incomeBeforeTaxRatio": 0.1223689641,
    "incomeTaxExpense": 128000000,
    "netIncome": 465000000,
    "netIncomeRatio": 0.0959554272,
    "eps": 0.18,
    "epsdiluted": 0.18,
    "weightedAverageShsOut": 2583483871,
    "weightedAverageShsOutDil": 2584000000,
    "link": "https://www.sec.gov/Archives/edgar/data/200406/000095012396001496/0000950123-96-001496-index.html",
    "finalLink": "https://www.sec.gov/Archives/edgar/data/200406/"
  },
  {
    "date": "1995-10-01",
    "symbol": "JNJ",
    "reportedCurrency": "USD",
    "cik": "0000200406",
    "fillingDate": "1995-11-13",
    "acceptedDate": "1995-11-13 00:00:00",
    "calendarYear": "1995",
    "period": "Q3",
    "revenue": 4738000000,
    "costOfRevenue": 1343000000,
    "grossProfit": 3395000000,
    "grossProfitRatio": 0.7165470663,
    "researchAndDevelopmentExpenses": 0,
    "generalAndAdministrativeExpenses": 0,
    "sellingAndMarketingExpenses": 0,
    "sellingGeneralAndAdministrativeExpenses": 2314000000,
    "otherExpenses": 200000000,
    "operatingExpenses": 2514000000,
    "costAndExpenses": 3857000000,
    "interestIncome": 0,
    "interestExpense": 0,
    "depreciationAndAmortization": 200000000,
    "ebitda": 1081000000,
    "ebitdaratio": 0.2281553398,
    "operatingIncome": 881000000,
    "operatingIncomeRatio": 0.185943436,
    "totalOtherIncomeExpensesNet": -9000000,
    "incomeBeforeTax": 872000000,
    "incomeBeforeTaxRatio": 0.1840439004,
    "incomeTaxExpense": 249000000,
    "netIncome": 623000000,
    "netIncomeRatio": 0.1314900802,
    "eps": 0.24,
    "epsdiluted": 0.24,
    "weightedAverageShsOut": 2595833333,
    "weightedAverageShsOutDil": 2595833333,
    "link": "https://www.sec.gov/Archives/edgar/data/200406/000020040695000007/0000200406-95-000007-index.htm",
    "finalLink": "https://www.sec.gov/Archives/edgar/data/200406/0000200406-95-000007.txt"
  }
]