[
  {
    "date": "2024-12-29",
    "symbol": "JNJ",
    "reportedCurrency": "USD",
    "cik": "0000200406",
    "fillingDate": "2025-02-13",
    "acceptedDate": "2025-02-13 16:07:39",
    "calendarYear": "2024",
    "period": "FY",
    "revenue": 88821000000,
    "costOfRevenue": 27471000000,
    "grossProfit": 61350000000,
    "grossProfitRatio": 0.6907150336,
    "researchAndDevelopmentExpenses": 17232000000,
    "generalAndAdministrativeExpenses": 21969000000,
    "sellingAndMarketingExpenses": 0,
    "sellingGeneralAndAdministrativeExpenses": 21969000000,
    "otherExpenses": 0,
    "operatingExpenses": 39201000000,
    "costAndExpenses": 66672000000,
    "interestIncome": 1332000000,
    "interestExpense": 755000000,
    "depreciationAndAmortization": 7339000000,
    "ebitda": 24781000000,
    "ebitdaratio": 0.2789993357,
    "operatingIncome": 22149000000,
    "operatingIncomeRatio": 0.2493667038,
    "totalOtherIncomeExpensesNet": -5462000000,
    "incomeBeforeTax": 16687000000,
    "incomeBeforeTaxRatio": 0.1878722374,
    "incomeTaxExpense": 2621000000,
    "netIncome": 14066000000,
    "netIncomeRatio": 0.1583634501,
    "eps": 5.84,
    "epsdiluted": 5.79,
    "weightedAverageShsOut": 2407300000,
    "weightedAverageShsOutDil": 2429400000,
    "link": "https://www.sec.gov/Archives/edgar/data/200406/000020040625000038/0000200406-25-000038-index.htm",
    "finalLink": "https://www.sec.gov/Archives/edgar/data/200406/000020040625000038/jnj-20241229.htm"
  },
  {
    "date": "2023-12-31",
    "symbol": "JNJ",
    "reportedCurrency": "USD",
    "cik": "0000200406",
    "fillingDate": "2024-02-16",
    "acceptedDate": "2024-02-16 16:12:22",
    "calendarYear": "2023",
    "period": "FY",
    "revenue": 85159000000,
    "costOfRevenue": 26553000000,
    "grossProfit": 58606000000,
    "grossProfitRatio": 0.6881950234,
    "researchAndDevelopmentExpenses": 15085000000,
    "generalAndAdministrativeExpenses": 20112000000,
    "sellingAndMarketingExpenses": 0,
    "sellingGeneralAndAdministrativeExpenses": 20112000000,
    "otherExpenses": 0,
    "operatingExpenses": 35197000000,
    "costAndExpenses": 61750000000,
    "interestIncome": 1261000000,
    "interestExpense": 772000000,
    "depreciationAndAmortization": 7486000000,
    "ebitda": 23320000000,
    "ebitdaratio": 0.273840698,
    "operatingIncome": 23409000000,
    "operatingIncomeRatio": 0.2748858019,
    "totalOtherIncomeExpensesNet": -8347000000,
    "incomeBeforeTax": 15062000000,
    "incomeBeforeTaxRatio": 0.1768691506,
    "incomeTaxExpense": 1736000000,
    "netIncome": 35153000000,
    "netIncomeRatio": 0.412792541,
    "eps": 13.88,
    "epsdiluted": 13.72,
    "weightedAverageShsOut": 2533500000,
    "weightedAverageShsOutDil": 2560400000,
    "link": "https://www.sec.gov/Archives/edgar/data/200406/000020040624000013/0000200406-24-000013-index.htm",
    "finalLink": "https://www.sec.gov/Archives/edgar/data/200406/000020040624000013/jnj-20231231.htm"
  },
  {
    "date": "2023-01-01",
    "symbol": "JNJ",
    "reportedCurrency": "USD",
    "cik": "0000200406",
    "fillingDate": "2023-02-16",
    "acceptedDate": "2023-02-16 16:01:53",
    "calendarYear": "2022",
    "period": "FY",
    "revenue": 79990000000,
    "costOfRevenue": 24596000000,
    "grossProfit": 55394000000,
    "grossProfitRatio": 0.6925115639,
    "researchAndDevelopmentExpenses": 14135000000,
    "generalAndAdministrativeExpenses": 20246000000,
    "sellingAndMarketingExpenses": 0,
    "sellingGeneralAndAdministrativeExpenses": 20246000000,
    "otherExpenses": 0,
    "operatingExpenses": 34381000000,
    "costAndExpenses": 58977000000,
    "interestIncome": 490000000,
    "interestExpense": 276000000,
    "depreciationAndAmortization": 6970000000,
    "ebitda": 26605000000,
    "ebitdaratio": 0.3326040755,
    "operatingIncome": 21013000000,
    "operatingIncomeRatio": 0.2626953369,
    "totalOtherIncomeExpensesNet": -1654000000,
    "incomeBeforeTax": 19359000000,
    "incomeBeforeTaxRatio": 0.2420177522,
    "incomeTaxExpense": 2989000000,
    "netIncome": 17941000000,
    "netIncomeRatio": 0.2242905363,
    "eps": 6.83,
    "epsdiluted": 6.73,
    "weightedAverageShsOut": 2613597000,
    "weightedAverageShsOutDil": 2663900000,
    "link": "https://www.sec.gov/Archives/edgar/data/200406/000020040623000016/0000200406-23-000016-index.htm",
    "finalLink": "https://www.sec.gov/Archives/edgar/data/200406/000020040623000016/jnj-20230101.htm"
  },
  {
    "date": "2022-01-02",
    "symbol": "JNJ",
    "reportedCurrency": "USD",
    "cik": "0000200406",
    "fillingDate": "2022-02-17",
    "acceptedDate": "2022-02-17 16:06:50",
    "calendarYear": "2021",
    "period": "FY",
    "revenue": 78740000000,
    "costOfRevenue": 23402000000,
    "grossProfit": 55338000000,
    "grossProfitRatio": 0.7027940056,
    "researchAndDevelopmentExpenses": 14277000000,
    "generalAndAdministrativeExpenses": 20118000000,
    "sellingAndMarketingExpenses": 0,
    "sellingGeneralAndAdministrativeExpenses": 20118000000,
    "otherExpenses": 0,
    "operatingExpenses": 34395000000,
    "costAndExpenses": 57797000000,
    "interestIncome": 53000000,
    "interestExpense": 183000000,
    "depreciationAndAmortization": 7390000000,
    "ebitda": 26751000000,
    "ebitdaratio": 0.3397383795,
    "operatingIncome": 20943000000,
    "operatingIncomeRatio": 0.265976632,
    "totalOtherIncomeExpensesNet": -1765000000,
    "incomeBeforeTax": 19178000000,
    "incomeBeforeTaxRatio": 0.2435610871,
    "incomeTaxExpense": 1377000000,
    "netIncome": 20878000000,
    "netIncomeRatio": 0.2651511303,
    "eps": 7.93,
    "epsdiluted": 7.81,
    "weightedAverageShsOut": 2628965000,
    "weightedAverageShsOutDil": 2674000000,
    "link": "https://www.sec.gov/Archives/edgar/data/200406/000020040622000022/0000200406-22-000022-index.htm",
    "finalLink": "https://www.sec.gov/Archives/edgar/data/200406/000020040622000022/jnj-20220102.htm"
  },
  {
    "date": "2021-01-03",
    "symbol": "JNJ",
    "reportedCurrency": "USD",
    "cik": "0000200406",
    "fillingDate": "2021-02-22",
    "acceptedDate": "2021-02-22 16:36:14",
    "calendarYear": "2020",
    "period": "FY",
    "revenue": 82584000000,
    "costOfRevenue": 28427000000,
    "grossProfit": 54157000000,
    "grossProfitRatio": 0.6557807808,
    "researchAndDevelopmentExpenses": 12340000000,
    "generalAndAdministrativeExpenses": 22084000000,
    "sellingAndMarketingExpenses": 0,
    "sellingGeneralAndAdministrativeExpenses": 22084000000,
    "otherExpenses": 0,
    "operatingExpenses": 34424000000,
    "costAndExpenses": 62851000000,
    "interestIncome": 111000000,
    "interestExpense": 201000000,
    "depreciationAndAmortization": 7231000000,
    "ebitda": 23929000000,
    "ebitdaratio": 0.2897534631,
    "operatingIncome": 19733000000,
    "operatingIncomeRatio": 0.2389445898,
    "totalOtherIncomeExpensesNet": -3236000000,
    "incomeBeforeTax": 16497000000,
    "incomeBeforeTaxRatio": 0.1997602441,
    "incomeTaxExpense": 1783000000,
    "netIncome": 14714000000,
    "netIncomeRatio": 0.1781701056,
    "eps": 5.59,
    "epsdiluted": 5.51,
    "weightedAverageShsOut": 2632512000,
    "weightedAverageShsOutDil": 2670700000,
    "link": "https://www.sec.gov/Archives/edgar/data/200406/000020040621000008/0000200406-21-000008-index.htm",
    "finalLink": "https://www.sec.gov/Archives/edgar/data/200406/000020040621000008/jnj-20210103.htm"
  },
  {
    "date": "2019-12-29",
    "symbol": "JNJ",
    "reportedCurrency": "USD",
    "cik": "0000200406",
    "fillingDate": "2020-02-18",
    "acceptedDate": "2020-02-18 16:34:21",
    "calendarYear": "2019",
    "period": "FY",
    "revenue": 82059000000,
    "costOfRevenue": 27556000000,
    "grossProfit": 54503000000,
    "grossProfitRatio": 0.6641928369,
    "researchAndDevelopmentExpenses": 11355000000,
    "generalAndAdministrativeExpenses": 22178000000,
    "sellingAndMarketingExpenses": 0,
    "sellingGeneralAndAdministrativeExpenses": 22178000000,
    "otherExpenses": 0,
    "operatingExpenses": 33533000000,
    "costAndExpenses": 61089000000,
    "interestIncome": 357000000,
    "interestExpense": 318000000,
    "depreciationAndAmortization": 7009000000,
    "ebitda": 24655000000,
    "ebitdaratio": 0.300454551,
    "operatingIncome": 20970000000,
    "operatingIncomeRatio": 0.2555478375,
    "totalOtherIncomeExpensesNet": -3642000000,
    "incomeBeforeTax": 17328000000,
    "incomeBeforeTaxRatio": 0.2111651373,
    "incomeTaxExpense": 2209000000,
    "netIncome": 15119000000,
    "netIncomeRatio": 0.1842454819,
    "eps": 5.74,
    "epsdiluted": 5.63,
    "weightedAverageShsOut": 2632507000,
    "weightedAverageShsOutDil": 2684300000,
    "link": "https://www.sec.gov/Archives/edgar/data/200406/000020040620000010/0000200406-20-000010-index.htm",
    "finalLink": "https://www.sec.gov/Archives/edgar/data/200406/000020040620000010/form10-k20191229.htm"
  },
  {
    "date": "2018-12-30",
    "symbol": "JNJ",
    "reportedCurrency": "USD",
    "cik": "0000200406",
    "fillingDate": "2019-02-20",
    "acceptedDate": "2019-02-20 16:40:34",
    "calendarYear": "2018",
    "period": "FY",
    "revenue": 81581000000,
    "costOfRevenue": 27091000000,
    "grossProfit": 54490000000,
    "grossProfitRatio": 0.6679251296,
    "researchAndDevelopmentExpenses": 10775000000,
    "generalAndAdministrativeExpenses": 22540000000,
    "sellingAndMarketingExpenses": 0,
    "sellingGeneralAndAdministrativeExpenses": 22540000000,
    "otherExpenses": 0,
    "operatingExpenses": 33315000000,
    "costAndExpenses": 60406000000,
    "interestIncome": 611000000,
    "interestExpense": 1005000000,
    "depreciationAndAmortization": 6929000000,
    "ebitda": 25933000000,
    "ebitdaratio": 0.3178803888,
    "operatingIncome": 21175000000,
    "operatingIncomeRatio": 0.2595579853,
    "totalOtherIncomeExpensesNet": -3176000000,
    "incomeBeforeTax": 17999000000,
    "incomeBeforeTaxRatio": 0.220627352,
    "incomeTaxExpense": 2702000000,
    "netIncome": 15297000000,
    "netIncomeRatio": 0.187506895,
    "eps": 5.75,
    "epsdiluted": 5.61,
    "weightedAverageShsOut": 2662324000,
    "weightedAverageShsOutDil": 2728700000,
    "link": "https://www.sec.gov/Archives/edgar/data/200406/000020040619000009/0000200406-19-000009-index.htm",
    "finalLink": "https://www.sec.gov/Archives/edgar/data/200406/000020040619000009/form10-k20181230.htm"
  },
  {
    "date": "2017-12-31",
    "symbol": "JNJ",
    "reportedCurrency": "USD",
    "cik": "0000200406",
    "fillingDate": "2018-02-21",
    "acceptedDate": "2018-02-21 16:49:20",
    "calendarYear": "2017",
    "period": "FY",
    "revenue": 76450000000,
    "costOfRevenue": 25439000000,
    "grossProfit": 51011000000,
    "grossProfitRatio": 0.6672465664,
    "researchAndDevelopmentExpenses": 10594000000,
    "generalAndAdministrativeExpenses": 21520000000,
    "sellingAndMarketingExpenses": 0,
    "sellingGeneralAndAdministrativeExpenses": 21520000000,
    "otherExpenses": 0,
    "operatingExpenses": 32114000000,
    "costAndExpenses": 57553000000,
    "interestIncome": 385000000,
    "interestExpense": 934000000,
    "depreciationAndAmortization": 5642000000,
    "ebitda": 24249000000,
    "ebitdaratio": 0.3171877044,
    "operatingIncome": 18897000000,
    "operatingIncomeRatio": 0.2471811642,
    "totalOtherIncomeExpensesNet": -1224000000,
    "incomeBeforeTax": 17673000000,
    "incomeBeforeTaxRatio": 0.2311706998,
    "incomeTaxExpense": 16373000000,
    "netIncome": 1300000000,
    "netIncomeRatio": 0.0170045782,
    "eps": 0.48,
    "epsdiluted": 0.47,
    "weightedAverageShsOut": 2682525000,
    "weightedAverageShsOutDil": 2745300000,
    "link": "https://www.sec.gov/Archives/edgar/data/200406/000020040618000005/0000200406-18-000005-index.htm",
    "finalLink": "https://www.sec.gov/Archives/edgar/data/200406/000020040618000005/form10-k20171231.htm"
  },
  {
    "date": "2017-01-01",
    "symbol": "JNJ",
    "reportedCurrency": "USD",
    "cik": "0000200406",
    "fillingDate": "2017-02-27",
    "acceptedDate": "2017-02-27 16:52:48",
    "calendarYear": "2016",
    "period": "FY",
    "revenue": 71890000000,
    "costOfRevenue": 21789000000,
    "grossProfit": 50101000000,
    "grossProfitRatio": 0.6969119488,
    "researchAndDevelopmentExpenses": 9143000000,
    "generalAndAdministrativeExpenses": 20067000000,
    "sellingAndMarketingExpenses": 0,
    "sellingGeneralAndAdministrativeExpenses": 20067000000,
    "otherExpenses": 0,
    "operatingExpenses": 29210000000,
    "costAndExpenses": 50999000000,
    "interestIncome": 368000000,
    "interestExpense": 726000000,
    "depreciationAndAmortization": 3754000000,
    "ebitda": 24283000000,
    "ebitdaratio": 0.3377799416,
    "operatingIncome": 20891000000,
    "operatingIncomeRatio": 0.290596745,
    "totalOtherIncomeExpensesNet": -1088000000,
    "incomeBeforeTax": 19803000000,
    "incomeBeforeTaxRatio": 0.2754625122,
    "incomeTaxExpense": 3263000000,
    "netIncome": 16540000000,
    "netIncomeRatio": 0.2300737237,
    "eps": 6.08,
    "epsdiluted": 5.93,
    "weightedAverageShsOut": 2706511000,
    "weightedAverageShsOutDil": 2788900000,
    "link": "https://www.sec.gov/Archives/edgar/data/200406/000020040617000006/0000200406-17-000006-index.htm",
    "finalLink": "https://www.sec.gov/Archives/edgar/data/200406/000020040617000006/form10-k20170101.htm"
  },
  {
    "date": "2016-01-03",
    "symbol": "JNJ",
    "reportedCurrency": "USD",
    "cik": "0000200406",
    "fillingDate": "2016-02-24",
    "acceptedDate": "2016-02-24 16:58:53",
    "calendarYear": "2015",
    "period": "FY",
    "revenue": 70074000000,
    "costOfRevenue": 21536000000,
    "grossProfit": 48538000000,
    "grossProfitRatio": 0.6926677512,
    "researchAndDevelopmentExpenses": 9046000000,
    "generalAndAdministrativeExpenses": 21203000000,
    "sellingAndMarketingExpenses": 0,
    "sellingGeneralAndAdministrativeExpenses": 21203000000,
    "otherExpenses": 0,
    "operatingExpenses": 30249000000,
    "costAndExpenses": 51785000000,
    "interestIncome": 128000000,
    "interestExpense": 552000000,
    "depreciationAndAmortization": 3746000000,
    "ebitda": 23494000000,
    "ebitdaratio": 0.3352741388,
    "operatingIncome": 18289000000,
    "operatingIncomeRatio": 0.260995519,
    "totalOtherIncomeExpensesNet": 907000000,
    "incomeBeforeTax": 19196000000,
    "incomeBeforeTaxRatio": 0.2739389788,
    "incomeTaxExpense": 3787000000,
    "netIncome": 15409000000,
    "netIncomeRatio": 0.2198961098,
    "eps": 5.57,
    "epsdiluted": 5.48,
    "weightedAverageShsOut": 2755162000,
    "weightedAverageShsOutDil": 2812900000,
    "link": "https://www.sec.gov/Archives/edgar/data/200406/000020040616000071/0000200406-16-000071-index.htm",
    "finalLink": "https://www.sec.gov/Archives/edgar/data/200406/000020040616000071/form10-k20160103.htm"
  },
  {
    "date": "2014-12-28",
    "symbol": "JNJ",
    "reportedCurrency": "USD",
    "cik": "0000200406",
    "fillingDate": "2015-02-24",
    "acceptedDate": "2015-02-23 19:11:03",
    "calendarYear": "2014",
    "period": "FY",
    "revenue": 74331000000,
    "costOfRevenue": 22746000000,
    "grossProfit": 51585000000,
    "grossProfitRatio": 0.6939903943,
    "researchAndDevelopmentExpenses": 8494000000,
    "generalAndAdministrativeExpenses": 21954000000,
    "sellingAndMarketingExpenses": 0,
    "sellingGeneralAndAdministrativeExpenses": 21954000000,
    "otherExpenses": 0,
    "operatingExpenses": 30448000000,
    "costAndExpenses": 53194000000,
    "interestIncome": 67000000,
    "interestExpense": 533000000,
    "depreciationAndAmortization": 3895000000,
    "ebitda": 24991000000,
    "ebitdaratio": 0.3362123475,
    "operatingIncome": 21137000000,
    "operatingIncomeRatio": 0.2843631863,
    "totalOtherIncomeExpensesNet": -574000000,
    "incomeBeforeTax": 20563000000,
    "incomeBeforeTaxRatio": 0.2766409708,
    "incomeTaxExpense": 4240000000,
    "netIncome": 16323000000,
    "netIncomeRatio": 0.2195988215,
    "eps": 5.86,
    "epsdiluted": 5.7,
    "weightedAverageShsOut": 2783223000,
    "weightedAverageShsOutDil": 2863900000,
    "link": "https://www.sec.gov/Archives/edgar/data/200406/000020040615000004/0000200406-15-000004-index.htm",
    "finalLink": "https://www.sec.gov/Archives/edgar/data/200406/000020040615000004/a2014122810-k.htm"
  },
  {
    "date": "2013-12-29",
    "symbol": "JNJ",
    "reportedCurrency": "USD",
    "cik": "0000200406",
    "fillingDate": "2014-02-21",
    "acceptedDate": "2014-02-21 14:29:51",
    "calendarYear": "2013",
    "period": "FY",
    "revenue": 71312000000,
    "costOfRevenue": 22342000000,
    "grossProfit": 48970000000,
    "grossProfitRatio": 0.6867006955,
    "researchAndDevelopmentExpenses": 8183000000,
    "generalAndAdministrativeExpenses": 21830000000,
    "sellingAndMarketingExpenses": 0,
    "sellingGeneralAndAdministrativeExpenses": 21830000000,
    "otherExpenses": 0,
    "operatingExpenses": 30013000000,
    "costAndExpenses": 52355000000,
    "interestIncome": 74000000,
    "interestExpense": 482000000,
    "depreciationAndAmortization": 4104000000,
    "ebitda": 20057000000,
    "ebitdaratio": 0.2812570114,
    "operatingIncome": 18957000000,
    "operatingIncomeRatio": 0.2658318376,
    "totalOtherIncomeExpensesNet": -3486000000,
    "incomeBeforeTax": 15471000000,
    "incomeBeforeTaxRatio": 0.2169480592,
    "incomeTaxExpense": 1640000000,
    "netIncome": 13831000000,
    "netIncomeRatio": 0.1939505273,
    "eps": 4.9,
    "epsdiluted": 4.81,
    "weightedAverageShsOut": 2820628000,
    "weightedAverageShsOutDil": 2877000000,
    "link": "https://www.sec.gov/Archives/edgar/data/200406/000020040614000033/0000200406-14-000033-index.htm",
    "finalLink": "https://www.sec.gov/Archives/edgar/data/200406/000020040614000033/a2013122910-k.htm"
  },
  {
    "date": "2012-12-30",
    "symbol": "JNJ",
    "reportedCurrency": "USD",
    "cik": "0000200406",
    "fillingDate": "2013-02-22",
    "acceptedDate": "2013-02-21 18:44:12",
    "calendarYear": "2012",
    "period": "FY",
    "revenue": 67224000000,
    "costOfRevenue": 21658000000,
    "grossProfit": 45566000000,
    "grossProfitRatio": 0.6778233964,
    "researchAndDevelopmentExpenses": 7665000000,
    "generalAndAdministrativeExpenses": 20869000000,
    "sellingAndMarketingExpenses": 0,
    "sellingGeneralAndAdministrativeExpenses": 20869000000,
    "otherExpenses": 0,
    "operatingExpenses": 28534000000,
    "costAndExpenses": 50192000000,
    "interestIncome": 64000000,
    "interestExpense": 532000000,
    "depreciationAndAmortization": 3666000000,
    "ebitda": 17973000000,
    "ebitdaratio": 0.2673598715,
    "operatingIncome": 17032000000,
    "operatingIncomeRatio": 0.2533618946,
    "totalOtherIncomeExpensesNet": -3257000000,
    "incomeBeforeTax": 13775000000,
    "incomeBeforeTaxRatio": 0.2049119362,
    "incomeTaxExpense": 3261000000,
    "netIncome": 10853000000,
    "netIncomeRatio": 0.1614453171,
    "eps": 3.91,
    "epsdiluted": 3.86,
    "weightedAverageShsOut": 2778489000,
    "weightedAverageShsOutDil": 2812600000,
    "link": "https://www.sec.gov/Archives/edgar/data/200406/000020040613000038/0000200406-13-000038-index.htm",
    "finalLink": "https://www.sec.gov/Archives/edgar/data/200406/000020040613000038/a2012123010-k.htm"
  },
  {
    "date": "2012-01-01",
    "symbol": "JNJ",
    "reportedCurrency": "USD",
    "cik": "0000200406",
    "fillingDate": "2012-02-23",
    "acceptedDate": "2012-02-23 17:11:21",
    "calendarYear": "2011",
    "period": "FY",
    "revenue": 65030000000,
    "costOfRevenue": 20360000000,
    "grossProfit": 44670000000,
    "grossProfitRatio": 0.6869137321,
    "researchAndDevelopmentExpenses": 7548000000,
    "generalAndAdministrativeExpenses": 20969000000,
    "sellingAndMarketingExpenses": 0,
    "sellingGeneralAndAdministrativeExpenses": 20969000000,
    "otherExpenses": 0,
    "operatingExpenses": 28517000000,
    "costAndExpenses": 48877000000,
    "interestIncome": 91000000,
    "interestExpense": 571000000,
    "depreciationAndAmortization": 3158000000,
    "ebitda": 16090000000,
    "ebitdaratio": 0.2474242657,
    "operatingIncome": 16153000000,
    "operatingIncomeRatio": 0.2483930494,
    "totalOtherIncomeExpensesNet": -3792000000,
    "incomeBeforeTax": 12361000000,
    "incomeBeforeTaxRatio": 0.1900815008,
    "incomeTaxExpense": 2689000000,
    "netIncome": 9672000000,
    "netIncomeRatio": 0.1487313548,
    "eps": 3.54,
    "epsdiluted": 3.49,
    "weightedAverageShsOut": 2724363000,
    "weightedAverageShsOutDil": 2775300000,
    "link": "https://www.sec.gov/Archives/edgar/data/200406/000119312512075565/0001193125-12-075565-index.htm",
    "finalLink": "https://www.sec.gov/Archives/edgar/data/200406/000119312512075565/d281803d10k.htm"
  },
  {
    "date": "2011-01-02",
    "symbol": "JNJ",
    "reportedCurrency": "USD",
    "cik": "0000200406",
    "fillingDate": "2011-02-25",
    "acceptedDate": "2011-02-24 21:48:40",
    "calendarYear": "2010",
    "period": "FY",
    "revenue": 61587000000,
    "costOfRevenue": 18792000000,
    "grossProfit": 42795000000,
    "grossProfitRatio": 0.6948706708,
    "researchAndDevelopmentExpenses": 6844000000,
    "generalAndAdministrativeExpenses": 19424000000,
    "sellingAndMarketingExpenses": 0,
    "sellingGeneralAndAdministrativeExpenses": 19424000000,
    "otherExpenses": 0,
    "operatingExpenses": 26268000000,
    "costAndExpenses": 45060000000,
    "interestIncome": 107000000,
    "interestExpense": 455000000,
    "depreciationAndAmortization": 2939000000,
    "ebitda": 20341000000,
    "ebitdaratio": 0.3302807411,
    "operatingIncome": 16527000000,
    "operatingIncomeRatio": 0.2683520873,
    "totalOtherIncomeExpensesNet": 420000000,
    "incomeBeforeTax": 16947000000,
    "incomeBeforeTaxRatio": 0.2751717083,
    "incomeTaxExpense": 3613000000,
    "netIncome": 13334000000,
    "netIncomeRatio": 0.2165067303,
    "eps": 4.86,
    "epsdiluted": 4.78,
    "weightedAverageShsOut": 2738097000,
    "weightedAverageShsOutDil": 2788800000,
    "link": "https://www.sec.gov/Archives/edgar/data/200406/000095012311018128/0000950123-11-018128-index.htm",
    "finalLink": "https://www.sec.gov/Archives/edgar/data/200406/000095012311018128/y86310ke10vk.htm"
  },
  {
    "date": "2010-01-03",
    "symbol": "JNJ",
    "reportedCurrency": "USD",
    "cik": "0000200406",
    "fillingDate": "2010-03-01",
    "acceptedDate": "2010-03-01 16:50:02",
    "calendarYear": "2009",
    "period": "FY",
    "revenue": 61897000000,
    "costOfRevenue": 18447000000,
    "grossProfit": 43450000000,
    "grossProfitRatio": 0.701972632,
    "researchAndDevelopmentExpenses": 6986000000,
    "generalAndAdministrativeExpenses": 0,
    "sellingAndMarketingExpenses": 0,
    "sellingGeneralAndAdministrativeExpenses": 19801000000,
    "otherExpenses": 0,
    "operatingExpenses": 26787000000,
    "costAndExpenses": 45234000000,
    "interestIncome": 90000000,
    "interestExpense": 451000000,
    "depreciationAndAmortization": 2774000000,
    "ebitda": 18980000000,
    "ebitdaratio": 0.3066384477,
    "operatingIncome": 16663000000,
    "operatingIncomeRatio": 0.2692052927,
    "totalOtherIncomeExpensesNet": -908000000,
    "incomeBeforeTax": 15755000000,
    "incomeBeforeTaxRatio": 0.254535761,
    "incomeTaxExpense": 3489000000,
    "netIncome": 12266000000,
    "netIncomeRatio": 0.1981679241,
    "eps": 4.45,
    "epsdiluted": 4.4,
    "weightedAverageShsOut": 2760000000,
    "weightedAverageShsOutDil": 2789100000,
    "link": "https://www.sec.gov/Archives/edgar/data/200406/000095012310019392/0000950123-10-019392-index.htm",
    "finalLink": "https://www.sec.gov/Archives/edgar/data/200406/000095012310019392/y80744e10vk.htm"
  },
  {
    "date": "2008-12-28",
    "symbol": "JNJ",
    "reportedCurrency": "USD",
    "cik": "0000200406",
    "fillingDate": "2009-02-20",
    "acceptedDate": "2009-02-20 16:18:45",
    "calendarYear": "2008",
    "period": "FY",
    "revenue": 63747000000,
    "costOfRevenue": 18511000000,
    "grossProfit": 45236000000,
    "grossProfitRatio": 0.7096177075,
    "researchAndDevelopmentExpenses": 7577000000,
    "generalAndAdministrativeExpenses": 0,
    "sellingAndMarketingExpenses": 0,
    "sellingGeneralAndAdministrativeExpenses": 21490000000,
    "otherExpenses": 0,
    "operatingExpenses": 29067000000,
    "costAndExpenses": 47578000000,
    "interestIncome": 361000000,
    "interestExpense": 435000000,
    "depreciationAndAmortization": 2832000000,
    "ebitda": 20196000000,
    "ebitdaratio": 0.3168149089,
    "operatingIncome": 16169000000,
    "operatingIncomeRatio": 0.2536433087,
    "totalOtherIncomeExpensesNet": 760000000,
    "incomeBeforeTax": 16929000000,
    "incomeBeforeTaxRatio": 0.2655654384,
    "incomeTaxExpense": 3980000000,
    "netIncome": 12949000000,
    "netIncomeRatio": 0.2031311277,
    "eps": 4.67,
    "epsdiluted": 4.57,
    "weightedAverageShsOut": 2811900000,
    "weightedAverageShsOutDil": 2835600000,
    "link": "https://www.sec.gov/Archives/edgar/data/200406/000095012309003187/0000950123-09-003187-index.htm",
    "finalLink": "https://www.sec.gov/Archives/edgar/data/200406/000095012309003187/y74152e10vk.htm"
  },
  {
    "date": "2007-12-30",
    "symbol": "JNJ",
    "reportedCurrency": "USD",
    "cik": "0000200406",
    "fillingDate": "2008-02-26",
    "acceptedDate": "2008-02-26 16:39:42",
    "calendarYear": "2007",
    "period": "FY",
    "revenue": 61095000000,
    "costOfRevenue": 17751000000,
    "grossProfit": 43344000000,
    "grossProfitRatio": 0.709452492,
    "researchAndDevelopmentExpenses": 7680000000,
    "generalAndAdministrativeExpenses": 0,
    "sellingAndMarketingExpenses": 0,
    "sellingGeneralAndAdministrativeExpenses": 20451000000,
    "otherExpenses": 0,
    "operatingExpenses": 28131000000,
    "costAndExpenses": 45882000000,
    "interestIncome": 452000000,
    "interestExpense": 296000000,
    "depreciationAndAmortization": 2777000000,
    "ebitda": 16356000000,
    "ebitdaratio": 0.2677142156,
    "operatingIncome": 15213000000,
    "operatingIncomeRatio": 0.2490056469,
    "totalOtherIncomeExpensesNet": -1930000000,
    "incomeBeforeTax": 13283000000,
    "incomeBeforeTaxRatio": 0.2174155005,
    "incomeTaxExpense": 2707000000,
    "netIncome": 10576000000,
    "netIncomeRatio": 0.1731074556,
    "eps": 3.67,
    "epsdiluted": 3.63,
    "weightedAverageShsOut": 2882900000,
    "weightedAverageShsOutDil": 2910700000,
    "link": "https://www.sec.gov/Archives/edgar/data/200406/000095012308002130/0000950123-08-002130-index.htm",
    "finalLink": "https://www.sec.gov/Archives/edgar/data/200406/000095012308002130/y47910e10vk.htm"
  },
  {
    "date": "2006-12-31",
    "symbol": "JNJ",
    "reportedCurrency": "USD",
    "cik": "0000200406",
    "fillingDate": "2007-02-21",
    "acceptedDate": "2007-02-21 17:22:31",
    "calendarYear": "2006",
    "period": "FY",
    "revenue": 53324000000,
    "costOfRevenue": 15057000000,
    "grossProfit": 38267000000,
    "grossProfitRatio": 0.7176318356,
    "researchAndDevelopmentExpenses": 7125000000,
    "generalAndAdministrativeExpenses": 0,
    "sellingAndMarketingExpenses": 0,
    "sellingGeneralAndAdministrativeExpenses": 17433000000,
    "otherExpenses": 0,
    "operatingExpenses": 24558000000,
    "costAndExpenses": 39615000000,
    "interestIncome": 0,
    "interestExpense": 0,
    "depreciationAndAmortization": 2177000000,
    "ebitda": 15886000000,
    "ebitdaratio": 0.2979146351,
    "operatingIncome": 13709000000,
    "operatingIncomeRatio": 0.2570887405,
    "totalOtherIncomeExpensesNet": 878000000,
    "incomeBeforeTax": 14587000000,
    "incomeBeforeTaxRatio": 0.273554122,
    "incomeTaxExpense": 3534000000,
    "netIncome": 11053000000,
    "netIncomeRatio": 0.207280024,
    "eps": 3.76,
    "epsdiluted": 3.73,
    "weightedAverageShsOut": 2939627660,
    "weightedAverageShsOutDil": 2963270777,
    "link": "https://www.sec.gov/Archives/edgar/data/200406/000095012307002542/0000950123-07-002542-index.htm",
    "finalLink": "https://www.sec.gov/Archives/edgar/data/200406/000095012307002542/y29901e10vk.htm"
  },
  {
    "date": "2006-01-01",
    "symbol": "JNJ",
    "reportedCurrency": "USD",
    "cik": "0000200406",
    "fillingDate": "2006-03-14",
    "acceptedDate": "2006-03-14 16:15:17",
    "calendarYear": "2005",
    "period": "FY",
    "revenue": 50514000000,
    "costOfRevenue": 14010000000,
    "grossProfit": 36504000000,
    "grossProfitRatio": 0.7226511462,
    "researchAndDevelopmentExpenses": 6462000000,
    "generalAndAdministrativeExpenses": 0,
    "sellingAndMarketingExpenses": 0,
    "sellingGeneralAndAdministrativeExpenses": 17211000000,
    "otherExpenses": 0,
    "operatingExpenses": 23673000000,
    "costAndExpenses": 37683000000,
    "interestIncome": 0,
    "interestExpense": 0,
    "depreciationAndAmortization": 2093000000,
    "ebitda": 14924000000,
    "ebitdaratio": 0.2954428475,
    "operatingIncome": 12831000000,
    "operatingIncomeRatio": 0.2540087896,
    "totalOtherIncomeExpensesNet": 285000000,
    "incomeBeforeTax": 13116000000,
    "incomeBeforeTaxRatio": 0.2596507899,
    "incomeTaxExpense": 3056000000,
    "netIncome": 10060000000,
    "netIncomeRatio": 0.1991527101,
    "eps": 3.38,
    "epsdiluted": 3.35,
    "weightedAverageShsOut": 2976331361,
    "weightedAverageShsOutDil": 3002985075,
    "link": "https://www.sec.gov/Archives/edgar/data/200406/000095012306003129/0000950123-06-003129-index.htm",
    "finalLink": "https://www.sec.gov/Archives/edgar/data/200406/000095012306003129/y17887e10vk.htm"
  },
  {
    "date": "2005-01-02",
    "symbol": "JNJ",
    "reportedCurrency": "USD",
    "cik": "0000200406",
    "fillingDate": "2005-03-15",
    "acceptedDate": "2005-03-15 16:26:48",
    "calendarYear": "2004",
    "period": "FY",
    "revenue": 47348000000,
    "costOfRevenue": 13474000000,
    "grossProfit": 33874000000,
    "grossProfitRatio": 0.715426206,
    "researchAndDevelopmentExpenses": 5344000000,
    "generalAndAdministrativeExpenses": 0,
    "sellingAndMarketingExpenses": 0,
    "sellingGeneralAndAdministrativeExpenses": 16174000000,
    "otherExpenses": 0,
    "operatingExpenses": 21518000000,
    "costAndExpenses": 34992000000,
    "interestIncome": 0,
    "interestExpense": 0,
    "depreciationAndAmortization": 2124000000,
    "ebitda": 14480000000,
    "ebitdaratio": 0.3058207316,
    "operatingIncome": 12356000000,
    "operatingIncomeRatio": 0.2609613922,
    "totalOtherIncomeExpensesNet": -25000000,
    "incomeBeforeTax": 12331000000,
    "incomeBeforeTaxRatio": 0.2604333868,
    "incomeTaxExpense": 4151000000,
    "netIncome": 8180000000,
    "netIncomeRatio": 0.1727633691,
    "eps": 2.75,
    "epsdiluted": 2.74,
    "weightedAverageShsOut": 2968100000,
    "weightedAverageShsOutDil": 2985401460,
    "link": "https://www.sec.gov/Archives/edgar/data/200406/000095012305003140/0000950123-05-003140-index.htm",
    "finalLink": "https://www.sec.gov/Archives/edgar/data/200406/000095012305003140/y06203e10vk.txt"
  },
  {
    "date": "2003-12-28",
    "symbol": "JNJ",
    "reportedCurrency": "USD",
    "cik": "0000200406",
    "fillingDate": "2004-03-11",
    "acceptedDate": "2004-03-11 08:55:39",
    "calendarYear": "2003",
    "period": "FY",
    "revenue": 41862000000,
    "costOfRevenue": 12176000000,
    "grossProfit": 29686000000,
    "grossProfitRatio": 0.7091395538,
    "researchAndDevelopmentExpenses": 4684000000,
    "generalAndAdministrativeExpenses": 0,
    "sellingAndMarketingExpenses": 0,
    "sellingGeneralAndAdministrativeExpenses": 14131000000,
    "otherExpenses": 0,
    "operatingExpenses": 18815000000,
    "costAndExpenses": 30991000000,
    "interestIncome": 0,
    "interestExpense": 0,
    "depreciationAndAmortization": 1869000000,
    "ebitda": 12740000000,
    "ebitdaratio": 0.3043332856,
    "operatingIncome": 10871000000,
    "operatingIncomeRatio": 0.2596865893,
    "totalOtherIncomeExpensesNet": -563000000,
    "incomeBeforeTax": 10308000000,
    "incomeBeforeTaxRatio": 0.246237638,
    "incomeTaxExpense": 3111000000,
    "netIncome": 7197000000,
    "netIncomeRatio": 0.1719220295,
    "eps": 2.42,
    "epsdiluted": 2.29,
    "weightedAverageShsOut": 2968000000,
    "weightedAverageShsOutDil": 3142794760,
    "link": "https://www.sec.gov/Archives/edgar/data/200406/000095012304003155/0000950123-04-003155-index.htm",
    "finalLink": "https://www.sec.gov/Archives/edgar/data/200406/000095012304003155/y94471e10vk.txt"
  },
  {
    "date": "2002-12-29",
    "symbol": "JNJ",
    "reportedCurrency": "USD",
    "cik": "0000200406",
    "fillingDate": "2003-03-18",
    "acceptedDate": "2003-03-18 16:06:24",
    "calendarYear": "2002",
    "period": "FY",
    "revenue": 36298000000,
    "costOfRevenue": 10447000000,
    "grossProfit": 25851000000,
    "grossProfitRatio": 0.7121879993,
    "researchAndDevelopmentExpenses": 3957000000,
    "generalAndAdministrativeExpenses": 0,
    "sellingAndMarketingExpenses": 0,
    "sellingGeneralAndAdministrativeExpenses": 12216000000,
    "otherExpenses": 0,
    "operatingExpenses": 16173000000,
    "costAndExpenses": 26620000000,
    "interestIncome": 0,
    "interestExpense": 0,
    "depreciationAndAmortization": 1662000000,
    "ebitda": 11340000000,
    "ebitdaratio": 0.3124139071,
    "operatingIncome": 9678000000,
    "operatingIncomeRatio": 0.2666262604,
    "totalOtherIncomeExpensesNet": -387000000,
    "incomeBeforeTax": 9291000000,
    "incomeBeforeTaxRatio": 0.255964516,
    "incomeTaxExpense": 2694000000,
    "netIncome": 6597000000,
    "netIncomeRatio": 0.1817455507,
    "eps": 2.2,
    "epsdiluted": 2.16,
    "weightedAverageShsOut": 2998636364,
    "weightedAverageShsOutDil": 3054166667,
    "link": "https://www.sec.gov/Archives/edgar/data/200406/000095012303002936/0000950123-03-002936-index.htm",
    "finalLink": "https://www.sec.gov/Archives/edgar/data/200406/000095012303002936/y83983e10vk.txt"
  },
  {
    "date": "2001-12-30",
    "symbol": "JNJ",
    "reportedCurrency": "USD",
    "cik": "0000200406",
    "fillingDate": "2002-03-20",
    "acceptedDate": "2002-03-20 00:00:00",
    "calendarYear": "2001",
    "period": "FY",
    "revenue": 32317000000,
    "costOfRevenue": 9581000000,
    "grossProfit": 22736000000,
    "grossProfitRatio": 0.7035306495,
    "researchAndDevelopmentExpenses": 3591000000,
    "generalAndAdministrativeExpenses": 0,
    "sellingAndMarketingExpenses": 0,
    "sellingGeneralAndAdministrativeExpenses": 11260000000,
    "otherExpenses": 0,
    "operatingExpenses": 14851000000,
    "costAndExpenses": 24432000000,
    "interestIncome": 0,
    "interestExpense": 0,
    "depreciationAndAmortization": 1605000000,
    "ebitda": 9490000000,
    "ebitdaratio": 0.2936534951,
    "operatingIncome": 7885000000,
    "operatingIncomeRatio": 0.2439892317,
    "totalOtherIncomeExpensesNet": 13000000,
    "incomeBeforeTax": 7898000000,
    "incomeBeforeTaxRatio": 0.2443914967,
    "incomeTaxExpense": 2230000000,
    "netIncome": 5668000000,
    "netIncomeRatio": 0.1753875669,
    "eps": 1.87,
    "epsdiluted": 1.84,
    "weightedAverageShsOut": 3031016043,
    "weightedAverageShsOutDil": 3080434783,
    "link": "https://www.sec.gov/Archives/edgar/data/200406/000095012302002712/0000950123-02-002712-index.htm",
    "finalLink": "https://www.sec.gov/Archives/edgar/data/200406/000095012302002712/y58008e10-k.txt"
  },
  {
    "date": "2000-12-31",
    "symbol": "JNJ",
    "reportedCurrency": "USD",
    "cik": "0000200406",
    "fillingDate": "2001-06-28",
    "acceptedDate": "2001-06-28 00:00:00",
    "calendarYear": "2000",
    "period": "FY",
    "revenue": 29172000000,
    "costOfRevenue": 8957000000,
    "grossProfit": 20215000000,
    "grossProfitRatio": 0.6929590018,
    "researchAndDevelopmentExpenses": 3105000000,
    "generalAndAdministrativeExpenses": 0,
    "sellingAndMarketingExpenses": 0,
    "sellingGeneralAndAdministrativeExpenses": 10495000000,
    "otherExpenses": 0,
    "operatingExpenses": 13600000000,
    "costAndExpenses": 22557000000,
    "interestIncome": 0,
    "interestExpense": 0,
    "depreciationAndAmortization": 1592000000,
    "ebitda": 8207000000,
    "ebitdaratio": 0.2813314137,
    "operatingIncome": 6615000000,
    "operatingIncomeRatio": 0.2267585356,
    "totalOtherIncomeExpensesNet": 253000000,
    "incomeBeforeTax": 6868000000,
    "incomeBeforeTaxRatio": 0.2354312354,
    "incomeTaxExpense": 1915000000,
    "netIncome": 4953000000,
    "netIncomeRatio": 0.1697860963,
    "eps": 1.65,
    "epsdiluted": 1.61,
    "weightedAverageShsOut": 2993500000,
    "weightedAverageShsOutDil": 3099200000,
    "link": "https://www.sec.gov/Archives/edgar/data/200406/000095012301503933/0000950123-01-503933-index.htm",
    "finalLink": "https://www.sec.gov/Archives/edgar/data/200406/000095012301503933/y50785e10-k405a.txt"
  },
  {
    "date": "2000-01-02",
    "symbol": "JNJ",
    "reportedCurrency": "USD",
    "cik": "0000200406",
    "fillingDate": "2000-03-31",
    "acceptedDate": "2000-03-31 00:00:00",
    "calendarYear": "1999",
    "period": "FY",
    "revenue": 28007000000,
    "costOfRevenue": 8498000000,
    "grossProfit": 19509000000,
    "grossProfitRatio": 0.696575856,
    "researchAndDevelopmentExpenses": 2768000000,
    "generalAndAdministrativeExpenses": 0,
    "sellingAndMarketingExpenses": 0,
    "sellingGeneralAndAdministrativeExpenses": 10756000000,
    "otherExpenses": 0,
    "operatingExpenses": 13524000000,
    "costAndExpenses": 22022000000,
    "interestIncome": 0,
    "interestExpense": 0,
    "depreciationAndAmortization": 1510000000,
    "ebitda": 7495000000,
    "ebitdaratio": 0.2676116685,
    "operatingIncome": 5985000000,
    "operatingIncomeRatio": 0.2136965759,
    "totalOtherIncomeExpensesNet": -108000000,
    "incomeBeforeTax": 5877000000,
    "incomeBeforeTaxRatio": 0.209840397,
    "incomeTaxExpense": 1604000000,
    "netIncome": 4273000000,
    "netIncomeRatio": 0.1525690006,
    "eps": 1.43,
    "epsdiluted": 1.39,
    "weightedAverageShsOut": 2988111888,
    "weightedAverageShsOutDil": 3074100719,
    "link": "https://www.sec.gov/Archives/edgar/data/200406/000095012300003132/0000950123-00-003132-index.htm",
    "finalLink": "https://www.sec.gov/Archives/edgar/data/200406/000095012300003132/"
  },
  {
    "date": "1998-12-31",
    "symbol": "JNJ",
    "reportedCurrency": "USD",
    "cik": "0000200406",
    "fillingDate": "1999-04-01",
    "acceptedDate": "1999-04-01 00:00:00",
    "calendarYear": "1998",
    "period": "FY",
    "revenue": 23995000000,
    "costOfRevenue": 6319000000,
    "grossProfit": 17676000000,
    "grossProfitRatio": 0.7366534695,
    "researchAndDevelopmentExpenses": 2336000000,
    "generalAndAdministrativeExpenses": 0,
    "sellingAndMarketingExpenses": 0,
    "sellingGeneralAndAdministrativeExpenses": 9027000000,
    "otherExpenses": 1285000000,
    "operatingExpenses": 12648000000,
    "costAndExpenses": 18967000000,
    "interestIncome": 0,
    "interestExpense": 0,
    "depreciationAndAmortization": 1285000000,
    "ebitda": 6313000000,
    "ebitdaratio": 0.2630964784,
    "operatingIncome": 5028000000,
    "operatingIncomeRatio": 0.2095436549,
    "totalOtherIncomeExpensesNet": -846000000,
    "incomeBeforeTax": 4182000000,
    "incomeBeforeTaxRatio": 0.1742863096,
    "incomeTaxExpense": 1179000000,
    "netIncome": 3003000000,
    "netIncomeRatio": 0.1251510731,
    "eps": 1.08,
    "epsdiluted": 1.06,
    "weightedAverageShsOut": 2780555556,
    "weightedAverageShsOutDil": 2833018868,
    "link": "https://www.sec.gov/Archives/edgar/data/200406/000095012399002942/0000950123-99-002942-index.htm",
    "finalLink": "https://www.sec.gov/Archives/edgar/data/200406/0000950123-99-002942.txt"
  },
  {
    "date": "1997-12-28",
    "symbol": "JNJ",
    "reportedCurrency": "USD",
    "cik": "0000200406",
    "fillingDate": "1998-03-27",
    "acceptedDate": "1998-03-27 00:00:00",
    "calendarYear": "1997",
    "period": "FY",
    "revenue": 22629000000,
    "costOfRevenue": 6085000000,
    "grossProfit": 16544000000,
    "grossProfitRatio": 0.7310972646,
    "researchAndDevelopmentExpenses": 2140000000,
    "generalAndAdministrativeExpenses": 0,
    "sellingAndMarketingExpenses": 0,
    "sellingGeneralAndAdministrativeExpenses": 8715000000,
    "otherExpenses": 1067000000,
    "operatingExpenses": 11922000000,
    "costAndExpenses": 18007000000,
    "interestIncome": 0,
    "interestExpense": 0,
    "depreciationAndAmortization": 1067000000,
    "ebitda": 5689000000,
    "ebitdaratio": 0.2514030669,
    "operatingIncome": 4622000000,
    "operatingIncomeRatio": 0.2042511821,
    "totalOtherIncomeExpensesNet": -46000000,
    "incomeBeforeTax": 4576000000,
    "incomeBeforeTaxRatio": 0.2022183923,
    "incomeTaxExpense": 1273000000,
    "netIncome": 3303000000,
    "netIncomeRatio": 0.1459631446,
    "eps": 1.24,
    "epsdiluted": 1.21,
    "weightedAverageShsOut": 2674493927,
    "weightedAverageShsOutDil": 2741078838,
    "link": "https://www.sec.gov/Archives/edgar/data/200406/000095012398003008/0000950123-98-003008-index.html",
    "finalLink": "https://www.sec.gov/Archives/edgar/data/200406/"
  },
  {
    "date": "1996-12-31",
    "symbol": "JNJ",
    "reportedCurrency": "USD",
    "cik": "0000200406",
    "fillingDate": "1997-03-31",
    "acceptedDate": "1997-03-31 00:00:00",
    "calendarYear": "1996",
    "period": "FY",
    "revenue": 21620000000,
    "costOfRevenue": 6009000000,
    "grossProfit": 15611000000,
    "grossProfitRatio": 0.7220629047,
    "researchAndDevelopmentExpenses": 0,
    "generalAndAdministrativeExpenses": 0,
    "sellingAndMarketingExpenses": 0,
    "sellingGeneralAndAdministrativeExpenses": 10299000000,
    "otherExpenses": 1009000000,
    "operatingExpenses": 11308000000,
    "costAndExpenses": 17317000000,
    "interestIncome": 0,
    "interestExpense": 0,
    "depreciationAndAmortization": 1009000000,
    "ebitda": 5312000000,
    "ebitdaratio": 0.2456984274,
    "operatingIncome": 4303000000,
    "operatingIncomeRatio": 0.1990286772,
    "totalOtherIncomeExpensesNet": -270000000,
    "incomeBeforeTax": 4033000000,
    "incomeBeforeTaxRatio": 0.1865402405,
    "incomeTaxExpense": 1146000000,
    "netIncome": 2887000000,
    "netIncomeRatio": 0.133533765,
    "eps": 1.09,
    "epsdiluted": 1.09,
    "weightedAverageShsOut": 2660829493,
    "weightedAverageShsOutDil": 2726315789,
    "link": "https://www.sec.gov/Archives/edgar/data/200406/000095012397002843/0000950123-97-002843-index.html",
    "finalLink": "https://www.sec.gov/Archives/edgar/data/200406/"
  },
  {
    "date": "1995-12-31",
    "symbol": "JNJ",
    "reportedCurrency": "USD",
    "cik": "0000200406",
    "fillingDate": "1996-04-01",
    "acceptedDate": "1996-04-01 00:00:00",
    "calendarYear": "1995",
    "period": "FY",
    "revenue": 18842000000,
    "costOfRevenue": 5378000000,
    "grossProfit": 13464000000,
    "grossProfitRatio": 0.7145738244,
    "researchAndDevelopmentExpenses": 0,
    "generalAndAdministrativeExpenses": 0,
    "sellingAndMarketingExpenses": 0,
    "sellingGeneralAndAdministrativeExpenses": 9096000000,
    "otherExpenses": 857000000,
    "operatingExpenses": 9953000000,
    "costAndExpenses": 15331000000,
    "interestIncome": 0,
    "interestExpense": 0,
    "depreciationAndAmortization": 857000000,
    "ebitda": 4368000000,
    "ebitdaratio": 0.2318225241,
    "operatingIncome": 3511000000,
    "operatingIncomeRatio": 0.1863390298,
    "totalOtherIncomeExpensesNet": -194000000,
    "incomeBeforeTax": 3317000000,
    "incomeBeforeTaxRatio": 0.1760428829,
    "incomeTaxExpense": 914000000,
    "netIncome": 2403000000,
    "netIncomeRatio": 0.127534232,
    "eps": 0.93,
    "epsdiluted": 0.93,
    "weightedAverageShsOut": 2583870968,
    "weightedAverageShsOutDil": 2584000000,
    "link": "https://www.sec.gov/Archives/edgar/data/200406/000095012396001496/0000950123-96-001496-index.html",
    "finalLink": "https://www.sec.gov/Archives/edgar/data/200406/"
  },
  {
    "date": "1995-01-01",
    "symbol": "JNJ",
    "reportedCurrency": "USD",
    "cik": "0000200406",
    "fillingDate": "1995-04-03",
    "acceptedDate": "1995-04-03 00:00:00",
    "calendarYear": "1994",
    "period": "FY",
    "revenue": 15734000000,
    "costOfRevenue": 4575000000,
    "grossProfit": 11159000000,
    "grossProfitRatio": 0.7092284225,
    "researchAndDevelopmentExpenses": 1278000000,
    "generalAndAdministrativeExpenses": 0,
    "sellingAndMarketingExpenses": 0,
    "sellingGeneralAndAdministrativeExpenses": 6350000000,
    "otherExpenses": 724000000,
    "operatingExpenses": 8352000000,
    "costAndExpenses": 12927000000,
    "interestIncome": 0,
    "interestExpense": 0,
    "depreciationAndAmortization": 724000000,
    "ebitda": 3531000000,
    "ebitdaratio": 0.2244184568,
    "operatingIncome": 2807000000,
    "operatingIncomeRatio": 0.1784034575,
    "totalOtherIncomeExpensesNet": -126000000,
    "incomeBeforeTax": 2681000000,
    "incomeBeforeTaxRatio": 0.1703953222,
    "incomeTaxExpense": 675000000,
    "netIncome": 2006000000,
    "netIncomeRatio": 0.1274945977,
    "eps": 0.78,
    "epsdiluted": 0.78,
    "weightedAverageShsOut": 2571794872,
    "weightedAverageShsOutDil": 2606000000,
    "link": "https://www.sec.gov/Archives/edgar/data/200406/000095012395000901/0000950123-95-000901-index.html",
    "finalLink": "https://www.sec.gov/Archives/edgar/data/200406/"
  },
  {
    "date": "1994-01-02",
    "symbol": "JNJ",
    "reportedCurrency": "USD",
    "cik": "0000200406",
    "fillingDate": "1994-04-01",
    "acceptedDate": "1994-04-01 00:00:00",
    "calendarYear": "1993",
    "period": "FY",
    "revenue": 14138000000,
    "costOfRevenue": 4174000000,
    "grossProfit": 9964000000,
    "grossProfitRatio": 0.7047672938,
    "researchAndDevelopmentExpenses": 0,
    "generalAndAdministrativeExpenses": 0,
    "sellingAndMarketingExpenses": 0,
    "sellingGeneralAndAdministrativeExpenses": 6953000000,
    "otherExpenses": 617000000,
    "operatingExpenses": 7570000000,
    "costAndExpenses": 11744000000,
    "interestIncome": 0,
    "interestExpense": 0,
    "depreciationAndAmortization": 617000000,
    "ebitda": 3011000000,
    "ebitdaratio": 0.2129721318,
    "operatingIncome": 2394000000,
    "operatingIncomeRatio": 0.1693308813,
    "totalOtherIncomeExpensesNet": -62000000,
    "incomeBeforeTax": 2332000000,
    "incomeBeforeTaxRatio": 0.1649455369,
    "incomeTaxExpense": 545000000,
    "netIncome": 1787000000,
    "netIncomeRatio": 0.1263969444,
    "eps": 0.69,
    "epsdiluted": 0.68,
    "weightedAverageShsOut": 2608759124,
    "weightedAverageShsOutDil": 2627941176,
    "link": "https://www.sec.gov/Archives/edgar/data/200406/000095012394000687/0000950123-94-000687-index.htm",
    "finalLink": "https://www.sec.gov/Archives/edgar/data/200406/0000950123-94-000687.txt"
  },
  {
    "date": "1992-12-31",
    "symbol": "JNJ",
    "reportedCurrency": "USD",
    "cik": "0000200406",
    "fillingDate": "1992-12-31",
    "acceptedDate": "1992-12-31 00:00:00",
    "calendarYear": "1992",
    "period": "FY",
    "revenue": 13753000000,
    "costOfRevenue": 4118000000,
    "grossProfit": 9635000000,
    "grossProfitRatio": 0.7005744201,
    "researchAndDevelopmentExpenses": 0,
    "generalAndAdministrativeExpenses": 0,
    "sellingAndMarketingExpenses": 0,
    "sellingGeneralAndAdministrativeExpenses": 6798000000,
    "otherExpenses": 560000000,
    "operatingExpenses": 7358000000,
    "costAndExpenses": 11476000000,
    "interestIncome": 0,
    "interestExpense": 0,
    "depreciationAndAmortization": 560000000,
    "ebitda": 2837000000,
    "ebitdaratio": 0.2062822657,
    "operatingIncome": 2277000000,
    "operatingIncomeRatio": 0.165563877,
    "totalOtherIncomeExpensesNet": -70000000,
    "incomeBeforeTax": 2207000000,
    "incomeBeforeTaxRatio": 0.1604740784,
    "incomeTaxExpense": 582000000,
    "netIncome": 1030000000,
    "netIncomeRatio": 0.0748927507,
    "eps": 0.17,
    "epsdiluted": 0.16,
    "weightedAverageShsOut": 2627184000,
    "weightedAverageShsOutDil": 2627184000,
    "link": null,
    "finalLink": null
  },
  {
    "date": "1991-12-31",
    "symbol": "JNJ",
    "reportedCurrency": "USD",
    "cik": "0000200406",
    "fillingDate": "1991-12-31",
    "acceptedDate": "1991-12-31 00:00:00",
    "calendarYear": "1991",
    "period": "FY",
    "revenue": 12447000000,
    "costOfRevenue": 3711000000,
    "grossProfit": 8736000000,
    "grossProfitRatio": 0.7018558689,
    "researchAndDevelopmentExpenses": 0,
    "generalAndAdministrativeExpenses": 0,
    "sellingAndMarketingExpenses": 0,
    "sellingGeneralAndAdministrativeExpenses": 6079000000,
    "otherExpenses": 493000000,
    "operatingExpenses": 6572000000,
    "costAndExpenses": 10283000000,
    "interestIncome": 0,
    "interestExpense": 0,
    "depreciationAndAmortization": 493000000,
    "ebitda": 2657000000,
    "ebitdaratio": 0.213465092,
    "operatingIncome": 2164000000,
    "operatingIncomeRatio": 0.1738571543,
    "totalOtherIncomeExpensesNet": -126000000,
    "incomeBeforeTax": 2038000000,
    "incomeBeforeTaxRatio": 0.1637342331,
    "incomeTaxExpense": 577000000,
    "netIncome": 1461000000,
    "netIncomeRatio": 0.1173776814,
    "eps": 0.55,
    "epsdiluted": 0.54,
    "weightedAverageShsOut": 2656363636,
    "weightedAverageShsOutDil": 2705555556,
    "link": null,
    "finalLink": null
  },
  {
    "date": "1990-12-31",
    "symbol": "JNJ",
    "reportedCurrency": "USD",
    "cik": "0000200406",
    "fillingDate": "1990-12-31",
    "acceptedDate": "1990-12-31 00:00:00",
    "calendarYear": "1990",
    "period": "FY",
    "revenue": 11232000000,
    "costOfRevenue": 3463000000,
    "grossProfit": 7769000000,
    "grossProfitRatio": 0.6916844729,
    "researchAndDevelopmentExpenses": 0,
    "generalAndAdministrativeExpenses": 0,
    "sellingAndMarketingExpenses": 0,
    "sellingGeneralAndAdministrativeExpenses": 5303000000,
    "otherExpenses": 474000000,
    "operatingExpenses": 5777000000,
    "costAndExpenses": 9240000000,
    "interestIncome": 0,
    "interestExpense": 0,
    "depreciationAndAmortization": 474000000,
    "ebitda": 2466000000,
    "ebitdaratio": 0.2195512821,
    "operatingIncome": 1992000000,
    "operatingIncomeRatio": 0.1773504274,
    "totalOtherIncomeExpensesNet": -369000000,
    "incomeBeforeTax": 1623000000,
    "incomeBeforeTaxRatio": 0.1444978632,
    "incomeTaxExpense": 480000000,
    "netIncome": 1143000000,
    "netIncomeRatio": 0.1017628205,
    "eps": 0.43,
    "epsdiluted": 0.43,
    "weightedAverageShsOut": 2658139535,
    "weightedAverageShsOutDil": 2689411765,
    "link": null,
    "finalLink": null
  },
  {
    "date": "1989-12-31",
    "symbol": "JNJ",
    "reportedCurrency": "USD",
    "cik": "0000200406",
    "fillingDate": "1989-12-31",
    "acceptedDate": "1989-12-31 00:00:00",
    "calendarYear": "1989",
    "period": "FY",
    "revenue": 9757000000,
    "costOfRevenue": 3066000000,
    "grossProfit": 6691000000,
    "grossProfitRatio": 0.6857640668,
    "researchAndDevelopmentExpenses": 0,
    "generalAndAdministrativeExpenses": 0,
    "sellingAndMarketingExpenses": 0,
    "sellingGeneralAndAdministrativeExpenses": 4616000000,
    "otherExpenses": 414000000,
    "operatingExpenses": 5030000000,
    "costAndExpenses": 8096000000,
    "interestIncome": 0,
    "interestExpense": 0,
    "depreciationAndAmortization": 414000000,
    "ebitda": 2075000000,
    "ebitdaratio": 0.2126678282,
    "operatingIncome": 1661000000,
    "operatingIncomeRatio": 0.1702367531,
    "totalOtherIncomeExpensesNet": -147000000,
    "incomeBeforeTax": 1514000000,
    "incomeBeforeTaxRatio": 0.1551706467,
    "incomeTaxExpense": 432000000,
    "netIncome": 1082000000,
    "netIncomeRatio": 0.1108947422,
    "eps": 0.41,
    "epsdiluted": 0.4,
    "weightedAverageShsOut": 2671604938,
    "weightedAverageShsOutDil": 2705000000,
    "link": null,
    "finalLink": null
  },
  {
    "date": "1988-12-31",
    "symbol": "JNJ",
    "reportedCurrency": "USD",
    "cik": "0000200406",
    "fillingDate": "1988-12-31",
    "acceptedDate": "1988-12-30 19:00:00",
    "calendarYear": "1988",
    "period": "FY",
    "revenue": 9000000000,
    "costOfRevenue": 2901000000,
    "grossProfit": 6099000000,
    "grossProfitRatio": 0.6776666667,
    "researchAndDevelopmentExpenses": 0,
    "generalAndAdministrativeExpenses": 0,
    "sellingAndMarketingExpenses": 0,
    "sellingGeneralAndAdministrativeExpenses": 4304000000,
    "otherExpenses": 391000000,
    "operatingExpenses": 4695000000,
    "costAndExpenses": 7596000000,
    "interestIncome": 0,
    "interestExpense": 0,
    "depreciationAndAmortization": 391000000,
    "ebitda": 1795000000,
    "ebitdaratio": 0.1994444444,
    "operatingIncome": 1404000000,
    "operatingIncomeRatio": 0.156,
    "totalOtherIncomeExpensesNet": -8000000,
    "incomeBeforeTax": 1396000000,
    "incomeBeforeTaxRatio": 0.1551111111,
    "incomeTaxExpense": 422000000,
    "netIncome": 974000000,
    "netIncomeRatio": 0.1082222222,
    "eps": 0.36,
    "epsdiluted": 0.35,
    "weightedAverageShsOut": 2743661972,
    "weightedAverageShsOutDil": 2782857143,
    "link": null,
    "finalLink": null
  },
  {
    "date": "1987-12-31",
    "symbol": "JNJ",
    "reportedCurrency": "USD",
    "cik": "0000200406",
    "fillingDate": "1987-12-31",
    "acceptedDate": "1987-12-30 19:00:00",
    "calendarYear": "1987",
    "period": "FY",
    "revenue": 8012000000,
    "costOfRevenue": 2602000000,
    "grossProfit": 5410000000,
    "grossProfitRatio": 0.6752371443,
    "researchAndDevelopmentExpenses": 0,
    "generalAndAdministrativeExpenses": 0,
    "sellingAndMarketingExpenses": 0,
    "sellingGeneralAndAdministrativeExpenses": 3845000000,
    "otherExpenses": 356000000,
    "operatingExpenses": 4201000000,
    "costAndExpenses": 6803000000,
    "interestIncome": 0,
    "interestExpense": 0,
    "depreciationAndAmortization": 356000000,
    "ebitda": 1565000000,
    "ebitdaratio": 0.195332002,
    "operatingIncome": 1209000000,
    "operatingIncomeRatio": 0.150898652,
    "totalOtherIncomeExpensesNet": -16000000,
    "incomeBeforeTax": 1193000000,
    "incomeBeforeTaxRatio": 0.1489016475,
    "incomeTaxExpense": 360000000,
    "netIncome": 833000000,
    "netIncomeRatio": 0.1039690464,
    "eps": 0.31,
    "epsdiluted": 0.31,
    "weightedAverageShsOut": 2731147541,
    "weightedAverageShsOutDil": 2731147541,
    "link": null,
    "finalLink": null
  },
  {
    "date": "1986-12-31",
    "symbol": "JNJ",
    "reportedCurrency": "USD",
    "cik": "0000200406",
    "fillingDate": "1986-12-31",
    "acceptedDate": "1986-12-30 19:00:00",
    "calendarYear": "1986",
    "period": "FY",
    "revenue": 7002900000,
    "costOfRevenue": 2354900000,
    "grossProfit": 4648000000,
    "grossProfitRatio": 0.6637250282,
    "researchAndDevelopmentExpenses": 0,
    "generalAndAdministrativeExpenses": 0,
    "sellingAndMarketingExpenses": 0,
    "sellingGeneralAndAdministrativeExpenses": 3389200000,
    "otherExpenses": 275200000,
    "operatingExpenses": 3664400000,
    "costAndExpenses": 6019300000,
    "interestIncome": 0,
    "interestExpense": 0,
    "depreciationAndAmortization": 275200000,
    "ebitda": 1258800000,
    "ebitdaratio": 0.1797541019,
    "operatingIncome": 983600000,
    "operatingIncomeRatio": 0.1404560968,
    "totalOtherIncomeExpensesNet": -592800000,
    "incomeBeforeTax": 390800000,
    "incomeBeforeTaxRatio": 0.055805452,
    "incomeTaxExpense": 61300000,
    "netIncome": 329500000,
    "netIncomeRatio": 0.0470519356,
    "eps": 0.12,
    "epsdiluted": 0.12,
    "weightedAverageShsOut": 2745833333,
    "weightedAverageShsOutDil": 2745833333,
    "link": null,
    "finalLink": null
  },
  {
    "date": "1985-12-31",
    "symbol": "JNJ",
    "reportedCurrency": "USD",
    "cik": "0000200406",
    "fillingDate": "1985-12-31",
    "acceptedDate": "1985-12-30 19:00:00",
    "calendarYear": "1985",
    "period": "FY",
    "revenue": 6421300000,
    "costOfRevenue": 2343700000,
    "grossProfit": 4077600000,
    "grossProfitRatio": 0.635011602,
    "researchAndDevelopmentExpenses": 0,
    "generalAndAdministrativeExpenses": 0,
    "sellingAndMarketingExpenses": 0,
    "sellingGeneralAndAdministrativeExpenses": 2987100000,
    "otherExpenses": 250500000,
    "operatingExpenses": 3237600000,
    "costAndExpenses": 5581300000,
    "interestIncome": 0,
    "interestExpense": 0,
    "depreciationAndAmortization": 250500000,
    "ebitda": 1090500000,
    "ebitdaratio": 0.1698254248,
    "operatingIncome": 840000000,
    "operatingIncomeRatio": 0.1308146326,
    "totalOtherIncomeExpensesNet": 59200000,
    "incomeBeforeTax": 899200000,
    "incomeBeforeTaxRatio": 0.1400339495,
    "incomeTaxExpense": 285500000,
    "netIncome": 613700000,
    "netIncomeRatio": 0.0955725476,
    "eps": 0.21,
    "epsdiluted": 0.21,
    "weightedAverageShsOut": 2922380952,
    "weightedAverageShsOutDil": 2922380952,
    "link": null,
    "finalLink": null
  }
]