[
  {
    "date": "2025-06-30",
    "symbol": "JPM",
    "reportedCurrency": "USD",
    "cik": "0000019617",
    "fillingDate": "2025-08-05",
    "acceptedDate": "2025-08-05 16:18:22",
    "calendarYear": "2025",
    "period": "Q2",
    "revenue": 69944000000,
    "costOfRevenue": 27881000000,
    "grossProfit": 42063000000,
    "grossProfitRatio": 0.6013811049,
    "researchAndDevelopmentExpenses": 0,
    "generalAndAdministrativeExpenses": 14974000000,
    "sellingAndMarketingExpenses": 1279000000,
    "sellingGeneralAndAdministrativeExpenses": 16253000000,
    "otherExpenses": 7526000000,
    "operatingExpenses": 23779000000,
    "costAndExpenses": 51660000000,
    "interestIncome": 48241000000,
    "interestExpense": 25032000000,
    "depreciationAndAmortization": 2030000000,
    "ebitda": 20314000000,
    "ebitdaratio": 0.2904323459,
    "operatingIncome": 18284000000,
    "operatingIncomeRatio": 0.2614091273,
    "totalOtherIncomeExpensesNet": 0,
    "incomeBeforeTax": 18284000000,
    "incomeBeforeTaxRatio": 0.2614091273,
    "incomeTaxExpense": 3297000000,
    "netIncome": 14987000000,
    "netIncomeRatio": 0.2142714171,
    "eps": 5.25,
    "epsdiluted": 5.24,
    "weightedAverageShsOut": 2788700000,
    "weightedAverageShsOutDil": 2793700000,
    "link": "https://www.sec.gov/Archives/edgar/data/19617/000001961725000615/0000019617-25-000615-index.htm",
    "finalLink": "https://www.sec.gov/Archives/edgar/data/19617/000001961725000615/jpm-20250630.htm"
  },
  {
    "date": "2025-03-31",
    "symbol": "JPM",
    "reportedCurrency": "USD",
    "cik": "0000019617",
    "fillingDate": "2025-05-01",
    "acceptedDate": "2025-05-01 16:16:56",
    "calendarYear": "2025",
    "period": "Q1",
    "revenue": 68907000000,
    "costOfRevenue": 26902000000,
    "grossProfit": 42005000000,
    "grossProfitRatio": 0.6095897369,
    "researchAndDevelopmentExpenses": 0,
    "generalAndAdministrativeExpenses": 14427000000,
    "sellingAndMarketingExpenses": 1304000000,
    "sellingGeneralAndAdministrativeExpenses": 15731000000,
    "otherExpenses": 7866000000,
    "operatingExpenses": 23597000000,
    "costAndExpenses": 50499000000,
    "interestIncome": 46853000000,
    "interestExpense": 23580000000,
    "depreciationAndAmortization": 2030000000,
    "ebitda": 20438000000,
    "ebitdaratio": 0.2966026674,
    "operatingIncome": 18408000000,
    "operatingIncomeRatio": 0.2671426706,
    "totalOtherIncomeExpensesNet": 0,
    "incomeBeforeTax": 18408000000,
    "incomeBeforeTaxRatio": 0.2671426706,
    "incomeTaxExpense": 3765000000,
    "netIncome": 14643000000,
    "netIncomeRatio": 0.2125038095,
    "eps": 5.08,
    "epsdiluted": 5.07,
    "weightedAverageShsOut": 2819400000,
    "weightedAverageShsOutDil": 2824300000,
    "link": "https://www.sec.gov/Archives/edgar/data/19617/000001961725000421/0000019617-25-000421-index.htm",
    "finalLink": "https://www.sec.gov/Archives/edgar/data/19617/000001961725000421/jpm-20250331.htm"
  },
  {
    "date": "2024-12-31",
    "symbol": "JPM",
    "reportedCurrency": "USD",
    "cik": "0000019617",
    "fillingDate": "2025-02-14",
    "acceptedDate": "2025-02-14 16:17:07",
    "calendarYear": "2024",
    "period": "Q4",
    "revenue": 67007000000,
    "costOfRevenue": 26870000000,
    "grossProfit": 40137000000,
    "grossProfitRatio": 0.5989971197,
    "researchAndDevelopmentExpenses": 0,
    "generalAndAdministrativeExpenses": 12469000000,
    "sellingAndMarketingExpenses": 1335000000,
    "sellingGeneralAndAdministrativeExpenses": 13804000000,
    "otherExpenses": 8958000000,
    "operatingExpenses": 22762000000,
    "costAndExpenses": 49632000000,
    "interestIncome": 47566000000,
    "interestExpense": 24216000000,
    "depreciationAndAmortization": 1965000000,
    "ebitda": 19340000000,
    "ebitdaratio": 0.2886265614,
    "operatingIncome": 17375000000,
    "operatingIncomeRatio": 0.259301267,
    "totalOtherIncomeExpensesNet": 0,
    "incomeBeforeTax": 17375000000,
    "incomeBeforeTaxRatio": 0.259301267,
    "incomeTaxExpense": 3370000000,
    "netIncome": 14005000000,
    "netIncomeRatio": 0.2090080141,
    "eps": 4.82,
    "epsdiluted": 4.81,
    "weightedAverageShsOut": 2836900000,
    "weightedAverageShsOutDil": 2842400000,
    "link": "https://www.sec.gov/Archives/edgar/data/19617/000001961725000270/0000019617-25-000270-index.htm",
    "finalLink": "https://www.sec.gov/Archives/edgar/data/19617/000001961725000270/jpm-20241231.htm"
  },
  {
    "date": "2024-09-30",
    "symbol": "JPM",
    "reportedCurrency": "USD",
    "cik": "0000019617",
    "fillingDate": "2024-10-30",
    "acceptedDate": "2024-10-30 16:18:49",
    "calendarYear": "2024",
    "period": "Q3",
    "revenue": 69667000000,
    "costOfRevenue": 30124000000,
    "grossProfit": 39543000000,
    "grossProfitRatio": 0.567600155,
    "researchAndDevelopmentExpenses": 0,
    "generalAndAdministrativeExpenses": 12817000000,
    "sellingAndMarketingExpenses": 1258000000,
    "sellingGeneralAndAdministrativeExpenses": 14075000000,
    "otherExpenses": 8490000000,
    "operatingExpenses": 22565000000,
    "costAndExpenses": 52689000000,
    "interestIncome": 50416000000,
    "interestExpense": 27011000000,
    "depreciationAndAmortization": 1967000000,
    "ebitda": 18945000000,
    "ebitdaratio": 0.2719364979,
    "operatingIncome": 16978000000,
    "operatingIncomeRatio": 0.2437021832,
    "totalOtherIncomeExpensesNet": 0,
    "incomeBeforeTax": 16978000000,
    "incomeBeforeTaxRatio": 0.2437021832,
    "incomeTaxExpense": 4080000000,
    "netIncome": 12898000000,
    "netIncomeRatio": 0.1851378702,
    "eps": 4.38,
    "epsdiluted": 4.37,
    "weightedAverageShsOut": 2860600000,
    "weightedAverageShsOutDil": 2865900000,
    "link": "https://www.sec.gov/Archives/edgar/data/19617/000001961724000611/0000019617-24-000611-index.htm",
    "finalLink": "https://www.sec.gov/Archives/edgar/data/19617/000001961724000611/jpm-20240930.htm"
  },
  {
    "date": "2024-06-30",
    "symbol": "JPM",
    "reportedCurrency": "USD",
    "cik": "0000019617",
    "fillingDate": "2024-08-02",
    "acceptedDate": "2024-08-02 16:18:48",
    "calendarYear": "2024",
    "period": "Q2",
    "revenue": 67835000000,
    "costOfRevenue": 28796000000,
    "grossProfit": 39039000000,
    "grossProfitRatio": 0.5754993735,
    "researchAndDevelopmentExpenses": 0,
    "generalAndAdministrativeExpenses": 12953000000,
    "sellingAndMarketingExpenses": 1221000000,
    "sellingGeneralAndAdministrativeExpenses": 14174000000,
    "otherExpenses": 1430000000,
    "operatingExpenses": 15604000000,
    "costAndExpenses": 44400000000,
    "interestIncome": 48513000000,
    "interestExpense": 25767000000,
    "depreciationAndAmortization": 2002000000,
    "ebitda": 25437000000,
    "ebitdaratio": 0.3749834156,
    "operatingIncome": 23435000000,
    "operatingIncomeRatio": 0.3454706273,
    "totalOtherIncomeExpensesNet": 0,
    "incomeBeforeTax": 23435000000,
    "incomeBeforeTaxRatio": 0.3454706273,
    "incomeTaxExpense": 5286000000,
    "netIncome": 18149000000,
    "netIncomeRatio": 0.2675462519,
    "eps": 6.13,
    "epsdiluted": 6.12,
    "weightedAverageShsOut": 2889800000,
    "weightedAverageShsOutDil": 2894900000,
    "link": "https://www.sec.gov/Archives/edgar/data/19617/000001961724000453/0000019617-24-000453-index.htm",
    "finalLink": "https://www.sec.gov/Archives/edgar/data/19617/000001961724000453/jpm-20240630.htm"
  },
  {
    "date": "2024-03-31",
    "symbol": "JPM",
    "reportedCurrency": "USD",
    "cik": "0000019617",
    "fillingDate": "2024-05-01",
    "acceptedDate": "2024-05-01 16:18:10",
    "calendarYear": "2024",
    "period": "Q1",
    "revenue": 66264000000,
    "costOfRevenue": 26214000000,
    "grossProfit": 40050000000,
    "grossProfitRatio": 0.6044005795,
    "researchAndDevelopmentExpenses": 0,
    "generalAndAdministrativeExpenses": 13366000000,
    "sellingAndMarketingExpenses": 1160000000,
    "sellingGeneralAndAdministrativeExpenses": 14526000000,
    "otherExpenses": 8231000000,
    "operatingExpenses": 22757000000,
    "costAndExpenses": 48971000000,
    "interestIncome": 47438000000,
    "interestExpense": 24356000000,
    "depreciationAndAmortization": 2004000000,
    "ebitda": 19297000000,
    "ebitdaratio": 0.2912139322,
    "operatingIncome": 17293000000,
    "operatingIncomeRatio": 0.2609712664,
    "totalOtherIncomeExpensesNet": 0,
    "incomeBeforeTax": 17293000000,
    "incomeBeforeTaxRatio": 0.2609712664,
    "incomeTaxExpense": 3874000000,
    "netIncome": 13419000000,
    "netIncomeRatio": 0.2025081492,
    "eps": 4.45,
    "epsdiluted": 4.44,
    "weightedAverageShsOut": 2908300000,
    "weightedAverageShsOutDil": 2912800000,
    "link": "https://www.sec.gov/Archives/edgar/data/19617/000001961724000326/0000019617-24-000326-index.htm",
    "finalLink": "https://www.sec.gov/Archives/edgar/data/19617/000001961724000326/jpm-20240331.htm"
  },
  {
    "date": "2023-12-31",
    "symbol": "JPM",
    "reportedCurrency": "USD",
    "cik": "0000019617",
    "fillingDate": "2024-02-16",
    "acceptedDate": "2024-02-16 16:20:22",
    "calendarYear": "2023",
    "period": "Q4",
    "revenue": 61933000000,
    "costOfRevenue": 26084000000,
    "grossProfit": 35849000000,
    "grossProfitRatio": 0.5788351929,
    "researchAndDevelopmentExpenses": 0,
    "generalAndAdministrativeExpenses": 11847000000,
    "sellingAndMarketingExpenses": 1298000000,
    "sellingGeneralAndAdministrativeExpenses": 13145000000,
    "otherExpenses": 11378000000,
    "operatingExpenses": 24523000000,
    "costAndExpenses": 50607000000,
    "interestIncome": 47384000000,
    "interestExpense": 23333000000,
    "depreciationAndAmortization": 3337000000,
    "ebitda": 14663000000,
    "ebitdaratio": 0.2367558491,
    "operatingIncome": 11326000000,
    "operatingIncomeRatio": 0.1828750424,
    "totalOtherIncomeExpensesNet": 0,
    "incomeBeforeTax": 11326000000,
    "incomeBeforeTaxRatio": 0.1828750424,
    "incomeTaxExpense": 2019000000,
    "netIncome": 9307000000,
    "netIncomeRatio": 0.1502752975,
    "eps": 3.04,
    "epsdiluted": 3.04,
    "weightedAverageShsOut": 2914400000,
    "weightedAverageShsOutDil": 2919100000,
    "link": "https://www.sec.gov/Archives/edgar/data/19617/000001961724000225/0000019617-24-000225-index.htm",
    "finalLink": "https://www.sec.gov/Archives/edgar/data/19617/000001961724000225/jpm-20231231.htm"
  },
  {
    "date": "2023-09-30",
    "symbol": "JPM",
    "reportedCurrency": "USD",
    "cik": "0000019617",
    "fillingDate": "2023-11-01",
    "acceptedDate": "2023-11-01 16:29:55",
    "calendarYear": "2023",
    "period": "Q3",
    "revenue": 61591000000,
    "costOfRevenue": 23201000000,
    "grossProfit": 38390000000,
    "grossProfitRatio": 0.6233053531,
    "researchAndDevelopmentExpenses": 0,
    "generalAndAdministrativeExpenses": 11726000000,
    "sellingAndMarketingExpenses": 1126000000,
    "sellingGeneralAndAdministrativeExpenses": 12852000000,
    "otherExpenses": 8805000000,
    "operatingExpenses": 21657000000,
    "costAndExpenses": 44858000000,
    "interestIncome": 44556000000,
    "interestExpense": 21830000000,
    "depreciationAndAmortization": 2019000000,
    "ebitda": 18752000000,
    "ebitdaratio": 0.3044600672,
    "operatingIncome": 16733000000,
    "operatingIncomeRatio": 0.2716793038,
    "totalOtherIncomeExpensesNet": 0,
    "incomeBeforeTax": 16733000000,
    "incomeBeforeTaxRatio": 0.2716793038,
    "incomeTaxExpense": 3582000000,
    "netIncome": 13151000000,
    "netIncomeRatio": 0.2135214561,
    "eps": 4.33,
    "epsdiluted": 4.33,
    "weightedAverageShsOut": 2927500000,
    "weightedAverageShsOutDil": 2932100000,
    "link": "https://www.sec.gov/Archives/edgar/data/19617/000001961723000524/0000019617-23-000524-index.htm",
    "finalLink": "https://www.sec.gov/Archives/edgar/data/19617/000001961723000524/jpm-20230930.htm"
  },
  {
    "date": "2023-06-30",
    "symbol": "JPM",
    "reportedCurrency": "USD",
    "cik": "0000019617",
    "fillingDate": "2023-08-03",
    "acceptedDate": "2023-08-03 16:41:34",
    "calendarYear": "2023",
    "period": "Q2",
    "revenue": 58447000000,
    "costOfRevenue": 22751000000,
    "grossProfit": 35696000000,
    "grossProfitRatio": 0.6107413554,
    "researchAndDevelopmentExpenses": 0,
    "generalAndAdministrativeExpenses": 11216000000,
    "sellingAndMarketingExpenses": 1122000000,
    "sellingGeneralAndAdministrativeExpenses": 12338000000,
    "otherExpenses": 5772000000,
    "operatingExpenses": 18110000000,
    "costAndExpenses": 40861000000,
    "interestIncome": 41644000000,
    "interestExpense": 19865000000,
    "depreciationAndAmortization": 507000000,
    "ebitda": 18093000000,
    "ebitdaratio": 0.3095625096,
    "operatingIncome": 17586000000,
    "operatingIncomeRatio": 0.300887984,
    "totalOtherIncomeExpensesNet": 0,
    "incomeBeforeTax": 17586000000,
    "incomeBeforeTaxRatio": 0.300887984,
    "incomeTaxExpense": 3114000000,
    "netIncome": 14472000000,
    "netIncomeRatio": 0.2476089449,
    "eps": 4.76,
    "epsdiluted": 4.75,
    "weightedAverageShsOut": 2943800000,
    "weightedAverageShsOutDil": 2948300000,
    "link": "https://www.sec.gov/Archives/edgar/data/19617/000001961723000432/0000019617-23-000432-index.htm",
    "finalLink": "https://www.sec.gov/Archives/edgar/data/19617/000001961723000432/jpm-20230630.htm"
  },
  {
    "date": "2023-03-31",
    "symbol": "JPM",
    "reportedCurrency": "USD",
    "cik": "0000019617",
    "fillingDate": "2023-05-03",
    "acceptedDate": "2023-05-03 16:10:19",
    "calendarYear": "2023",
    "period": "Q1",
    "revenue": 54641000000,
    "costOfRevenue": 18567000000,
    "grossProfit": 36074000000,
    "grossProfitRatio": 0.660200216,
    "researchAndDevelopmentExpenses": 0,
    "generalAndAdministrativeExpenses": 11993000000,
    "sellingAndMarketingExpenses": 1045000000,
    "sellingGeneralAndAdministrativeExpenses": 13038000000,
    "otherExpenses": 7069000000,
    "operatingExpenses": 20107000000,
    "costAndExpenses": 38674000000,
    "interestIncome": 37004000000,
    "interestExpense": 16293000000,
    "depreciationAndAmortization": 1649000000,
    "ebitda": 17616000000,
    "ebitdaratio": 0.322395271,
    "operatingIncome": 15967000000,
    "operatingIncomeRatio": 0.2922164675,
    "totalOtherIncomeExpensesNet": 0,
    "incomeBeforeTax": 15967000000,
    "incomeBeforeTaxRatio": 0.2922164675,
    "incomeTaxExpense": 3345000000,
    "netIncome": 12622000000,
    "netIncomeRatio": 0.2309987006,
    "eps": 4.11,
    "epsdiluted": 4.1,
    "weightedAverageShsOut": 2968500000,
    "weightedAverageShsOutDil": 2972700000,
    "link": "https://www.sec.gov/Archives/edgar/data/19617/000001961723000310/0000019617-23-000310-index.htm",
    "finalLink": "https://www.sec.gov/Archives/edgar/data/19617/000001961723000310/jpm-20230331.htm"
  },
  {
    "date": "2022-12-31",
    "symbol": "JPM",
    "reportedCurrency": "USD",
    "cik": "0000019617",
    "fillingDate": "2023-02-21",
    "acceptedDate": "2023-02-21 16:13:55",
    "calendarYear": "2022",
    "period": "Q4",
    "revenue": 47374000000,
    "costOfRevenue": 15115000000,
    "grossProfit": 32259000000,
    "grossProfitRatio": 0.6809431334,
    "researchAndDevelopmentExpenses": 0,
    "generalAndAdministrativeExpenses": 10009000000,
    "sellingAndMarketingExpenses": 1093000000,
    "sellingGeneralAndAdministrativeExpenses": 11102000000,
    "otherExpenses": 7920000000,
    "operatingExpenses": 19022000000,
    "costAndExpenses": 34137000000,
    "interestIncome": 33054000000,
    "interestExpense": 12862000000,
    "depreciationAndAmortization": 1671000000,
    "ebitda": 14908000000,
    "ebitdaratio": 0.3146873813,
    "operatingIncome": 13237000000,
    "operatingIncomeRatio": 0.2794148689,
    "totalOtherIncomeExpensesNet": 0,
    "incomeBeforeTax": 13237000000,
    "incomeBeforeTaxRatio": 0.2794148689,
    "incomeTaxExpense": 2229000000,
    "netIncome": 11008000000,
    "netIncomeRatio": 0.2323637438,
    "eps": 3.58,
    "epsdiluted": 3.57,
    "weightedAverageShsOut": 2962900000,
    "weightedAverageShsOutDil": 2967100000,
    "link": "https://www.sec.gov/Archives/edgar/data/19617/000001961723000231/0000019617-23-000231-index.htm",
    "finalLink": "https://www.sec.gov/Archives/edgar/data/19617/000001961723000231/jpm-20221231.htm"
  },
  {
    "date": "2022-09-30",
    "symbol": "JPM",
    "reportedCurrency": "USD",
    "cik": "0000019617",
    "fillingDate": "2022-11-03",
    "acceptedDate": "2022-11-03 16:13:37",
    "calendarYear": "2022",
    "period": "Q3",
    "revenue": 40795000000,
    "costOfRevenue": 9616000000,
    "grossProfit": 31179000000,
    "grossProfitRatio": 0.7642848388,
    "researchAndDevelopmentExpenses": 0,
    "generalAndAdministrativeExpenses": 10539000000,
    "sellingAndMarketingExpenses": 1017000000,
    "sellingGeneralAndAdministrativeExpenses": 11556000000,
    "otherExpenses": 7622000000,
    "operatingExpenses": 19178000000,
    "costAndExpenses": 28794000000,
    "interestIncome": 25611000000,
    "interestExpense": 8093000000,
    "depreciationAndAmortization": 1771000000,
    "ebitda": 13772000000,
    "ebitdaratio": 0.337590391,
    "operatingIncome": 12001000000,
    "operatingIncomeRatio": 0.2941782081,
    "totalOtherIncomeExpensesNet": 0,
    "incomeBeforeTax": 12001000000,
    "incomeBeforeTaxRatio": 0.2941782081,
    "incomeTaxExpense": 2264000000,
    "netIncome": 9737000000,
    "netIncomeRatio": 0.2386812109,
    "eps": 3.13,
    "epsdiluted": 3.12,
    "weightedAverageShsOut": 2961200000,
    "weightedAverageShsOutDil": 2965400000,
    "link": "https://www.sec.gov/Archives/edgar/data/19617/000001961722000492/0000019617-22-000492-index.htm",
    "finalLink": "https://www.sec.gov/Archives/edgar/data/19617/000001961722000492/jpm-20220930.htm"
  },
  {
    "date": "2022-06-30",
    "symbol": "JPM",
    "reportedCurrency": "USD",
    "cik": "0000019617",
    "fillingDate": "2022-08-03",
    "acceptedDate": "2022-08-03 16:13:24",
    "calendarYear": "2022",
    "period": "Q2",
    "revenue": 34227000000,
    "costOfRevenue": 4613000000,
    "grossProfit": 29614000000,
    "grossProfitRatio": 0.8652233617,
    "researchAndDevelopmentExpenses": 0,
    "generalAndAdministrativeExpenses": 10301000000,
    "sellingAndMarketingExpenses": 881000000,
    "sellingGeneralAndAdministrativeExpenses": 11182000000,
    "otherExpenses": 7567000000,
    "operatingExpenses": 18749000000,
    "costAndExpenses": 23362000000,
    "interestIncome": 18646000000,
    "interestExpense": 3518000000,
    "depreciationAndAmortization": 1789000000,
    "ebitda": 12654000000,
    "ebitdaratio": 0.3697081252,
    "operatingIncome": 10865000000,
    "operatingIncomeRatio": 0.3174394484,
    "totalOtherIncomeExpensesNet": 0,
    "incomeBeforeTax": 10865000000,
    "incomeBeforeTaxRatio": 0.3174394484,
    "incomeTaxExpense": 2216000000,
    "netIncome": 8649000000,
    "netIncomeRatio": 0.2526952406,
    "eps": 2.77,
    "epsdiluted": 2.76,
    "weightedAverageShsOut": 2962200000,
    "weightedAverageShsOutDil": 2966300000,
    "link": "https://www.sec.gov/Archives/edgar/data/19617/000001961722000422/0000019617-22-000422-index.htm",
    "finalLink": "https://www.sec.gov/Archives/edgar/data/19617/000001961722000422/jpm-20220630.htm"
  },
  {
    "date": "2022-03-31",
    "symbol": "JPM",
    "reportedCurrency": "USD",
    "cik": "0000019617",
    "fillingDate": "2022-05-03",
    "acceptedDate": "2022-05-03 16:13:30",
    "calendarYear": "2022",
    "period": "Q1",
    "revenue": 32342000000,
    "costOfRevenue": 3088000000,
    "grossProfit": 29254000000,
    "grossProfitRatio": 0.9045204378,
    "researchAndDevelopmentExpenses": 0,
    "generalAndAdministrativeExpenses": 10787000000,
    "sellingAndMarketingExpenses": 920000000,
    "sellingGeneralAndAdministrativeExpenses": 11707000000,
    "otherExpenses": 7484000000,
    "operatingExpenses": 19191000000,
    "costAndExpenses": 22279000000,
    "interestIncome": 15496000000,
    "interestExpense": 1624000000,
    "depreciationAndAmortization": 1820000000,
    "ebitda": 11883000000,
    "ebitdaratio": 0.367416981,
    "operatingIncome": 10063000000,
    "operatingIncomeRatio": 0.3111434049,
    "totalOtherIncomeExpensesNet": 0,
    "incomeBeforeTax": 10063000000,
    "incomeBeforeTaxRatio": 0.3111434049,
    "incomeTaxExpense": 1781000000,
    "netIncome": 8282000000,
    "netIncomeRatio": 0.2560756911,
    "eps": 2.64,
    "epsdiluted": 2.63,
    "weightedAverageShsOut": 2977000000,
    "weightedAverageShsOutDil": 2981000000,
    "link": "https://www.sec.gov/Archives/edgar/data/19617/000001961722000319/0000019617-22-000319-index.htm",
    "finalLink": "https://www.sec.gov/Archives/edgar/data/19617/000001961722000319/jpm-20220331.htm"
  },
  {
    "date": "2021-12-31",
    "symbol": "JPM",
    "reportedCurrency": "USD",
    "cik": "0000019617",
    "fillingDate": "2022-02-22",
    "acceptedDate": "2022-02-22 16:56:31",
    "calendarYear": "2021",
    "period": "Q4",
    "revenue": 30706000000,
    "costOfRevenue": 161000000,
    "grossProfit": 30545000000,
    "grossProfitRatio": 0.9947567251,
    "researchAndDevelopmentExpenses": 0,
    "generalAndAdministrativeExpenses": 9065000000,
    "sellingAndMarketingExpenses": 947000000,
    "sellingGeneralAndAdministrativeExpenses": 10012000000,
    "otherExpenses": 7876000000,
    "operatingExpenses": 17888000000,
    "costAndExpenses": 18049000000,
    "interestIncome": 15019000000,
    "interestExpense": 1418000000,
    "depreciationAndAmortization": 1931000000,
    "ebitda": 14588000000,
    "ebitdaratio": 0.4750863024,
    "operatingIncome": 12657000000,
    "operatingIncomeRatio": 0.4121995701,
    "totalOtherIncomeExpensesNet": 0,
    "incomeBeforeTax": 12657000000,
    "incomeBeforeTaxRatio": 0.4121995701,
    "incomeTaxExpense": 2258000000,
    "netIncome": 10399000000,
    "netIncomeRatio": 0.3386634534,
    "eps": 3.33,
    "epsdiluted": 3.33,
    "weightedAverageShsOut": 2981698000,
    "weightedAverageShsOutDil": 2981800000,
    "link": "https://www.sec.gov/Archives/edgar/data/19617/000001961722000272/0000019617-22-000272-index.htm",
    "finalLink": "https://www.sec.gov/Archives/edgar/data/19617/000001961722000272/jpm-20211231.htm"
  },
  {
    "date": "2021-09-30",
    "symbol": "JPM",
    "reportedCurrency": "USD",
    "cik": "0000019617",
    "fillingDate": "2021-11-02",
    "acceptedDate": "2021-11-02 16:10:39",
    "calendarYear": "2021",
    "period": "Q3",
    "revenue": 31061000000,
    "costOfRevenue": -113000000,
    "grossProfit": 31174000000,
    "grossProfitRatio": 1.0036380026,
    "researchAndDevelopmentExpenses": 0,
    "generalAndAdministrativeExpenses": 9087000000,
    "sellingAndMarketingExpenses": 712000000,
    "sellingGeneralAndAdministrativeExpenses": 9799000000,
    "otherExpenses": 7264000000,
    "operatingExpenses": 17063000000,
    "costAndExpenses": 16950000000,
    "interestIncome": 14480000000,
    "interestExpense": 1400000000,
    "depreciationAndAmortization": 1928000000,
    "ebitda": 16039000000,
    "ebitdaratio": 0.5163710119,
    "operatingIncome": 14111000000,
    "operatingIncomeRatio": 0.454299604,
    "totalOtherIncomeExpensesNet": 0,
    "incomeBeforeTax": 14111000000,
    "incomeBeforeTaxRatio": 0.454299604,
    "incomeTaxExpense": 2424000000,
    "netIncome": 11687000000,
    "netIncomeRatio": 0.3762596182,
    "eps": 3.74,
    "epsdiluted": 3.74,
    "weightedAverageShsOut": 3002406000,
    "weightedAverageShsOutDil": 3005100000,
    "link": "https://www.sec.gov/Archives/edgar/data/19617/000001961721000458/0000019617-21-000458-index.htm",
    "finalLink": "https://www.sec.gov/Archives/edgar/data/19617/000001961721000458/jpm-20210930.htm"
  },
  {
    "date": "2021-06-30",
    "symbol": "JPM",
    "reportedCurrency": "USD",
    "cik": "0000019617",
    "fillingDate": "2021-08-02",
    "acceptedDate": "2021-08-02 16:12:31",
    "calendarYear": "2021",
    "period": "Q2",
    "revenue": 31839000000,
    "costOfRevenue": -925000000,
    "grossProfit": 32764000000,
    "grossProfitRatio": 1.02905242,
    "researchAndDevelopmentExpenses": 0,
    "generalAndAdministrativeExpenses": 9814000000,
    "sellingAndMarketingExpenses": 626000000,
    "sellingGeneralAndAdministrativeExpenses": 10440000000,
    "otherExpenses": 7227000000,
    "operatingExpenses": 17667000000,
    "costAndExpenses": 16742000000,
    "interestIncome": 14094000000,
    "interestExpense": 1353000000,
    "depreciationAndAmortization": 2003000000,
    "ebitda": 17100000000,
    "ebitdaratio": 0.5370771695,
    "operatingIncome": 15097000000,
    "operatingIncomeRatio": 0.4741669022,
    "totalOtherIncomeExpensesNet": 0,
    "incomeBeforeTax": 15097000000,
    "incomeBeforeTaxRatio": 0.4741669022,
    "incomeTaxExpense": 3149000000,
    "netIncome": 11948000000,
    "netIncomeRatio": 0.3752630422,
    "eps": 3.79,
    "epsdiluted": 3.78,
    "weightedAverageShsOut": 3041270000,
    "weightedAverageShsOutDil": 3041900000,
    "link": "https://www.sec.gov/Archives/edgar/data/19617/000001961721000373/0000019617-21-000373-index.htm",
    "finalLink": "https://www.sec.gov/Archives/edgar/data/19617/000001961721000373/jpm-20210630.htm"
  },
  {
    "date": "2021-03-31",
    "symbol": "JPM",
    "reportedCurrency": "USD",
    "cik": "0000019617",
    "fillingDate": "2021-05-04",
    "acceptedDate": "2021-05-04 16:17:30",
    "calendarYear": "2021",
    "period": "Q1",
    "revenue": 33632000000,
    "costOfRevenue": -2790000000,
    "grossProfit": 36422000000,
    "grossProfitRatio": 1.0829567079,
    "researchAndDevelopmentExpenses": 0,
    "generalAndAdministrativeExpenses": 10601000000,
    "sellingAndMarketingExpenses": 751000000,
    "sellingGeneralAndAdministrativeExpenses": 11352000000,
    "otherExpenses": 7373000000,
    "operatingExpenses": 18725000000,
    "costAndExpenses": 15935000000,
    "interestIncome": 14271000000,
    "interestExpense": 1382000000,
    "depreciationAndAmortization": 2070000000,
    "ebitda": 19767000000,
    "ebitdaratio": 0.5877438154,
    "operatingIncome": 17697000000,
    "operatingIncomeRatio": 0.5261952902,
    "totalOtherIncomeExpensesNet": 0,
    "incomeBeforeTax": 17697000000,
    "incomeBeforeTaxRatio": 0.5261952902,
    "incomeTaxExpense": 3397000000,
    "netIncome": 14300000000,
    "netIncomeRatio": 0.425190295,
    "eps": 4.51,
    "epsdiluted": 4.5,
    "weightedAverageShsOut": 3078000000,
    "weightedAverageShsOutDil": 3078900000,
    "link": "https://www.sec.gov/Archives/edgar/data/19617/000001961721000292/0000019617-21-000292-index.htm",
    "finalLink": "https://www.sec.gov/Archives/edgar/data/19617/000001961721000292/jpm-20210331.htm"
  },
  {
    "date": "2020-12-31",
    "symbol": "JPM",
    "reportedCurrency": "USD",
    "cik": "0000019617",
    "fillingDate": "2021-02-23",
    "acceptedDate": "2021-02-23 16:17:29",
    "calendarYear": "2020",
    "period": "Q4",
    "revenue": 30558000000,
    "costOfRevenue": -555000000,
    "grossProfit": 31113000000,
    "grossProfitRatio": 1.0181621834,
    "researchAndDevelopmentExpenses": 0,
    "generalAndAdministrativeExpenses": 7954000000,
    "sellingAndMarketingExpenses": 725000000,
    "sellingGeneralAndAdministrativeExpenses": 8679000000,
    "otherExpenses": 7369000000,
    "operatingExpenses": 16048000000,
    "costAndExpenses": 15493000000,
    "interestIncome": 14550000000,
    "interestExpense": 1292000000,
    "depreciationAndAmortization": 2127000000,
    "ebitda": 17192000000,
    "ebitdaratio": 0.5626022645,
    "operatingIncome": 15065000000,
    "operatingIncomeRatio": 0.4929969239,
    "totalOtherIncomeExpensesNet": 0,
    "incomeBeforeTax": 15065000000,
    "incomeBeforeTaxRatio": 0.4929969239,
    "incomeTaxExpense": 2929000000,
    "netIncome": 12136000000,
    "netIncomeRatio": 0.3971464101,
    "eps": 3.8,
    "epsdiluted": 3.79,
    "weightedAverageShsOut": 3085100000,
    "weightedAverageShsOutDil": 3085184000,
    "link": "https://www.sec.gov/Archives/edgar/data/19617/000001961721000236/0000019617-21-000236-index.htm",
    "finalLink": "https://www.sec.gov/Archives/edgar/data/19617/000001961721000236/jpm-20201231.htm"
  },
  {
    "date": "2020-09-30",
    "symbol": "JPM",
    "reportedCurrency": "USD",
    "cik": "0000019617",
    "fillingDate": "2020-11-02",
    "acceptedDate": "2020-11-02 16:23:19",
    "calendarYear": "2020",
    "period": "Q3",
    "revenue": 30845000000,
    "costOfRevenue": 2201000000,
    "grossProfit": 28644000000,
    "grossProfitRatio": 0.9286432161,
    "researchAndDevelopmentExpenses": 0,
    "generalAndAdministrativeExpenses": 8630000000,
    "sellingAndMarketingExpenses": 470000000,
    "sellingGeneralAndAdministrativeExpenses": 9100000000,
    "otherExpenses": 7775000000,
    "operatingExpenses": 16875000000,
    "costAndExpenses": 19076000000,
    "interestIncome": 14700000000,
    "interestExpense": 1687000000,
    "depreciationAndAmortization": 2141000000,
    "ebitda": 13910000000,
    "ebitdaratio": 0.4509644999,
    "operatingIncome": 11769000000,
    "operatingIncomeRatio": 0.3815529259,
    "totalOtherIncomeExpensesNet": 0,
    "incomeBeforeTax": 11769000000,
    "incomeBeforeTaxRatio": 0.3815529259,
    "incomeTaxExpense": 2326000000,
    "netIncome": 9443000000,
    "netIncomeRatio": 0.3061436213,
    "eps": 2.93,
    "epsdiluted": 2.92,
    "weightedAverageShsOut": 3082800000,
    "weightedAverageShsOutDil": 3087329000,
    "link": "https://www.sec.gov/Archives/edgar/data/19617/000001961720000438/0000019617-20-000438-index.htm",
    "finalLink": "https://www.sec.gov/Archives/edgar/data/19617/000001961720000438/jpm-20200930.htm"
  },
  {
    "date": "2020-06-30",
    "symbol": "JPM",
    "reportedCurrency": "USD",
    "cik": "0000019617",
    "fillingDate": "2020-08-03",
    "acceptedDate": "2020-08-03 16:13:32",
    "calendarYear": "2020",
    "period": "Q2",
    "revenue": 35330000000,
    "costOfRevenue": 12728000000,
    "grossProfit": 22602000000,
    "grossProfitRatio": 0.6397395981,
    "researchAndDevelopmentExpenses": 0,
    "generalAndAdministrativeExpenses": 9509000000,
    "sellingAndMarketingExpenses": 481000000,
    "sellingGeneralAndAdministrativeExpenses": 9990000000,
    "otherExpenses": 6952000000,
    "operatingExpenses": 16942000000,
    "costAndExpenses": 29670000000,
    "interestIncome": 16112000000,
    "interestExpense": 2259000000,
    "depreciationAndAmortization": 2149000000,
    "ebitda": 7809000000,
    "ebitdaratio": 0.2210302859,
    "operatingIncome": 5660000000,
    "operatingIncomeRatio": 0.1602037928,
    "totalOtherIncomeExpensesNet": 0,
    "incomeBeforeTax": 5660000000,
    "incomeBeforeTaxRatio": 0.1602037928,
    "incomeTaxExpense": 973000000,
    "netIncome": 4687000000,
    "netIncomeRatio": 0.1326634588,
    "eps": 1.39,
    "epsdiluted": 1.38,
    "weightedAverageShsOut": 3081000000,
    "weightedAverageShsOutDil": 3090580000,
    "link": "https://www.sec.gov/Archives/edgar/data/19617/000001961720000372/0000019617-20-000372-index.htm",
    "finalLink": "https://www.sec.gov/Archives/edgar/data/19617/000001961720000372/corpq22020.htm"
  },
  {
    "date": "2020-03-31",
    "symbol": "JPM",
    "reportedCurrency": "USD",
    "cik": "0000019617",
    "fillingDate": "2020-05-07",
    "acceptedDate": "2020-05-07 16:37:43",
    "calendarYear": "2020",
    "period": "Q1",
    "revenue": 32999000000,
    "costOfRevenue": 12998000000,
    "grossProfit": 20001000000,
    "grossProfitRatio": 0.606109276,
    "researchAndDevelopmentExpenses": 0,
    "generalAndAdministrativeExpenses": 8895000000,
    "sellingAndMarketingExpenses": 800000000,
    "sellingGeneralAndAdministrativeExpenses": 9695000000,
    "otherExpenses": 7096000000,
    "operatingExpenses": 16791000000,
    "costAndExpenses": 29789000000,
    "interestIncome": 19161000000,
    "interestExpense": 4722000000,
    "depreciationAndAmortization": 2197000000,
    "ebitda": 5407000000,
    "ebitdaratio": 0.1638534501,
    "operatingIncome": 3210000000,
    "operatingIncomeRatio": 0.097275675,
    "totalOtherIncomeExpensesNet": 0,
    "incomeBeforeTax": 3210000000,
    "incomeBeforeTaxRatio": 0.097275675,
    "incomeTaxExpense": 345000000,
    "netIncome": 2865000000,
    "netIncomeRatio": 0.0868208128,
    "eps": 0.79,
    "epsdiluted": 0.78,
    "weightedAverageShsOut": 3095900000,
    "weightedAverageShsOutDil": 3100600000,
    "link": "https://www.sec.gov/Archives/edgar/data/19617/000001961720000299/0000019617-20-000299-index.html",
    "finalLink": "https://www.sec.gov/Archives/edgar/data/19617/000001961720000299/corpq12020.htm"
  },
  {
    "date": "2019-12-31",
    "symbol": "JPM",
    "reportedCurrency": "USD",
    "cik": "0000019617",
    "fillingDate": "2020-02-25",
    "acceptedDate": "2020-02-25 16:31:02",
    "calendarYear": "2019",
    "period": "Q4",
    "revenue": 34092000000,
    "costOfRevenue": 7188000000,
    "grossProfit": 26904000000,
    "grossProfitRatio": 0.7891587469,
    "researchAndDevelopmentExpenses": 0,
    "generalAndAdministrativeExpenses": 8088000000,
    "sellingAndMarketingExpenses": 893000000,
    "sellingGeneralAndAdministrativeExpenses": 8981000000,
    "otherExpenses": 7358000000,
    "operatingExpenses": 16339000000,
    "costAndExpenses": 23527000000,
    "interestIncome": 19927000000,
    "interestExpense": 5761000000,
    "depreciationAndAmortization": 2139000000,
    "ebitda": 12704000000,
    "ebitdaratio": 0.3726387422,
    "operatingIncome": 10565000000,
    "operatingIncomeRatio": 0.30989675,
    "totalOtherIncomeExpensesNet": 0,
    "incomeBeforeTax": 10565000000,
    "incomeBeforeTaxRatio": 0.30989675,
    "incomeTaxExpense": 2045000000,
    "netIncome": 8520000000,
    "netIncomeRatio": 0.2499120028,
    "eps": 2.58,
    "epsdiluted": 2.57,
    "weightedAverageShsOut": 3148500000,
    "weightedAverageShsOutDil": 3153884000,
    "link": "https://www.sec.gov/Archives/edgar/data/19617/000001961720000257/0000019617-20-000257-index.html",
    "finalLink": "https://www.sec.gov/Archives/edgar/data/19617/000001961720000257/corp10k2019.htm"
  },
  {
    "date": "2019-09-30",
    "symbol": "JPM",
    "reportedCurrency": "USD",
    "cik": "0000019617",
    "fillingDate": "2019-11-04",
    "acceptedDate": "2019-11-04 16:24:10",
    "calendarYear": "2019",
    "period": "Q3",
    "revenue": 36184000000,
    "costOfRevenue": 8407000000,
    "grossProfit": 27777000000,
    "grossProfitRatio": 0.7676597391,
    "researchAndDevelopmentExpenses": 0,
    "generalAndAdministrativeExpenses": 8583000000,
    "sellingAndMarketingExpenses": 895000000,
    "sellingGeneralAndAdministrativeExpenses": 9478000000,
    "otherExpenses": 6894000000,
    "operatingExpenses": 16372000000,
    "costAndExpenses": 24779000000,
    "interestIncome": 21121000000,
    "interestExpense": 6893000000,
    "depreciationAndAmortization": 2145000000,
    "ebitda": 13550000000,
    "ebitdaratio": 0.374474906,
    "operatingIncome": 11405000000,
    "operatingIncomeRatio": 0.3151945611,
    "totalOtherIncomeExpensesNet": 0,
    "incomeBeforeTax": 11405000000,
    "incomeBeforeTaxRatio": 0.3151945611,
    "incomeTaxExpense": 2325000000,
    "netIncome": 9080000000,
    "netIncomeRatio": 0.2509396418,
    "eps": 2.69,
    "epsdiluted": 2.68,
    "weightedAverageShsOut": 3207200000,
    "weightedAverageShsOutDil": 3211194000,
    "link": "https://www.sec.gov/Archives/edgar/data/19617/000001961719000232/0000019617-19-000232-index.html",
    "finalLink": "https://www.sec.gov/Archives/edgar/data/19617/000001961719000232/corpq32019.htm"
  },
  {
    "date": "2019-06-30",
    "symbol": "JPM",
    "reportedCurrency": "USD",
    "cik": "0000019617",
    "fillingDate": "2019-08-06",
    "acceptedDate": "2019-08-05 18:19:56",
    "calendarYear": "2019",
    "period": "Q2",
    "revenue": 35952000000,
    "costOfRevenue": 8354000000,
    "grossProfit": 27598000000,
    "grossProfitRatio": 0.7676346239,
    "researchAndDevelopmentExpenses": 0,
    "generalAndAdministrativeExpenses": 8547000000,
    "sellingAndMarketingExpenses": 777000000,
    "sellingGeneralAndAdministrativeExpenses": 9324000000,
    "otherExpenses": 6932000000,
    "operatingExpenses": 16256000000,
    "costAndExpenses": 24610000000,
    "interestIncome": 21603000000,
    "interestExpense": 7205000000,
    "depreciationAndAmortization": 2046000000,
    "ebitda": 13388000000,
    "ebitdaratio": 0.3723854028,
    "operatingIncome": 11342000000,
    "operatingIncomeRatio": 0.3154761905,
    "totalOtherIncomeExpensesNet": 0,
    "incomeBeforeTax": 11342000000,
    "incomeBeforeTaxRatio": 0.3154761905,
    "incomeTaxExpense": 1690000000,
    "netIncome": 9652000000,
    "netIncomeRatio": 0.2684690699,
    "eps": 2.83,
    "epsdiluted": 2.82,
    "weightedAverageShsOut": 3259574000,
    "weightedAverageShsOutDil": 3259700000,
    "link": "https://www.sec.gov/Archives/edgar/data/19617/000001961719000127/0000019617-19-000127-index.html",
    "finalLink": "https://www.sec.gov/Archives/edgar/data/19617/000001961719000127/corpq22019.htm"
  },
  {
    "date": "2019-03-31",
    "symbol": "JPM",
    "reportedCurrency": "USD",
    "cik": "0000019617",
    "fillingDate": "2019-05-02",
    "acceptedDate": "2019-05-02 16:35:55",
    "calendarYear": "2019",
    "period": "Q1",
    "revenue": 36059000000,
    "costOfRevenue": 8431000000,
    "grossProfit": 27628000000,
    "grossProfitRatio": 0.7661887462,
    "researchAndDevelopmentExpenses": 0,
    "generalAndAdministrativeExpenses": 8937000000,
    "sellingAndMarketingExpenses": 879000000,
    "sellingGeneralAndAdministrativeExpenses": 9816000000,
    "otherExpenses": 6579000000,
    "operatingExpenses": 16395000000,
    "costAndExpenses": 24826000000,
    "interestIncome": 21389000000,
    "interestExpense": 6936000000,
    "depreciationAndAmortization": 2038000000,
    "ebitda": 13271000000,
    "ebitdaratio": 0.3680357192,
    "operatingIncome": 11233000000,
    "operatingIncomeRatio": 0.3115172356,
    "totalOtherIncomeExpensesNet": 0,
    "incomeBeforeTax": 11233000000,
    "incomeBeforeTaxRatio": 0.3115172356,
    "incomeTaxExpense": 2054000000,
    "netIncome": 9179000000,
    "netIncomeRatio": 0.2545550348,
    "eps": 2.65,
    "epsdiluted": 2.64,
    "weightedAverageShsOut": 3308100000,
    "weightedAverageShsOutDil": 3313878000,
    "link": "https://www.sec.gov/Archives/edgar/data/19617/000001961719000067/0000019617-19-000067-index.html",
    "finalLink": "https://www.sec.gov/Archives/edgar/data/19617/000001961719000067/corpq12019.htm"
  },
  {
    "date": "2018-12-31",
    "symbol": "JPM",
    "reportedCurrency": "USD",
    "cik": "0000019617",
    "fillingDate": "2019-02-26",
    "acceptedDate": "2019-02-26 16:57:25",
    "calendarYear": "2018",
    "period": "Q4",
    "revenue": 32793000000,
    "costOfRevenue": 8232000000,
    "grossProfit": 24561000000,
    "grossProfitRatio": 0.7489708169,
    "researchAndDevelopmentExpenses": 0,
    "generalAndAdministrativeExpenses": 7809000000,
    "sellingAndMarketingExpenses": 894000000,
    "sellingGeneralAndAdministrativeExpenses": 8703000000,
    "otherExpenses": 7017000000,
    "operatingExpenses": 15720000000,
    "costAndExpenses": 23952000000,
    "interestIncome": 21038000000,
    "interestExpense": 6684000000,
    "depreciationAndAmortization": 2075000000,
    "ebitda": 10916000000,
    "ebitdaratio": 0.3328759186,
    "operatingIncome": 8841000000,
    "operatingIncomeRatio": 0.2696002196,
    "totalOtherIncomeExpensesNet": 0,
    "incomeBeforeTax": 8841000000,
    "incomeBeforeTaxRatio": 0.2696002196,
    "incomeTaxExpense": 1775000000,
    "netIncome": 7066000000,
    "netIncomeRatio": 0.2154728143,
    "eps": 1.99,
    "epsdiluted": 1.98,
    "weightedAverageShsOut": 3335801000,
    "weightedAverageShsOutDil": 3347300000,
    "link": "https://www.sec.gov/Archives/edgar/data/19617/000001961719000054/0000019617-19-000054-index.html",
    "finalLink": "https://www.sec.gov/Archives/edgar/data/19617/000001961719000054/corp10k2018.htm"
  },
  {
    "date": "2018-09-30",
    "symbol": "JPM",
    "reportedCurrency": "USD",
    "cik": "0000019617",
    "fillingDate": "2018-10-31",
    "acceptedDate": "2018-10-31 16:35:41",
    "calendarYear": "2018",
    "period": "Q3",
    "revenue": 32791000000,
    "costOfRevenue": 6479000000,
    "grossProfit": 26312000000,
    "grossProfitRatio": 0.8024152969,
    "researchAndDevelopmentExpenses": 0,
    "generalAndAdministrativeExpenses": 8108000000,
    "sellingAndMarketingExpenses": 798000000,
    "sellingGeneralAndAdministrativeExpenses": 8906000000,
    "otherExpenses": 6717000000,
    "operatingExpenses": 15623000000,
    "costAndExpenses": 22102000000,
    "interestIncome": 19439000000,
    "interestExpense": 5531000000,
    "depreciationAndAmortization": 1992000000,
    "ebitda": 12681000000,
    "ebitdaratio": 0.3867219664,
    "operatingIncome": 10689000000,
    "operatingIncomeRatio": 0.3259735903,
    "totalOtherIncomeExpensesNet": -21000000,
    "incomeBeforeTax": 10689000000,
    "incomeBeforeTaxRatio": 0.3259735903,
    "incomeTaxExpense": 2309000000,
    "netIncome": 8380000000,
    "netIncomeRatio": 0.2555579275,
    "eps": 2.35,
    "epsdiluted": 2.34,
    "weightedAverageShsOut": 3394300000,
    "weightedAverageShsOutDil": 3396581000,
    "link": "https://www.sec.gov/Archives/edgar/data/19617/000001961718000206/0000019617-18-000206-index.html",
    "finalLink": "https://www.sec.gov/Archives/edgar/data/19617/000001961718000206/corpq32018.htm"
  },
  {
    "date": "2018-06-30",
    "symbol": "JPM",
    "reportedCurrency": "USD",
    "cik": "0000019617",
    "fillingDate": "2018-08-01",
    "acceptedDate": "2018-08-01 16:49:36",
    "calendarYear": "2018",
    "period": "Q2",
    "revenue": 32834000000,
    "costOfRevenue": 6291000000,
    "grossProfit": 26543000000,
    "grossProfitRatio": 0.8083998294,
    "researchAndDevelopmentExpenses": 0,
    "generalAndAdministrativeExpenses": 8338000000,
    "sellingAndMarketingExpenses": 798000000,
    "sellingGeneralAndAdministrativeExpenses": 9136000000,
    "otherExpenses": 6835000000,
    "operatingExpenses": 15971000000,
    "costAndExpenses": 22262000000,
    "interestIncome": 18566000000,
    "interestExpense": 5081000000,
    "depreciationAndAmortization": 1927000000,
    "ebitda": 12499000000,
    "ebitdaratio": 0.3806724737,
    "operatingIncome": 10572000000,
    "operatingIncomeRatio": 0.32198331,
    "totalOtherIncomeExpensesNet": -1000000,
    "incomeBeforeTax": 10572000000,
    "incomeBeforeTaxRatio": 0.32198331,
    "incomeTaxExpense": 2256000000,
    "netIncome": 8316000000,
    "netIncomeRatio": 0.2532740452,
    "eps": 2.31,
    "epsdiluted": 2.29,
    "weightedAverageShsOut": 3434700000,
    "weightedAverageShsOutDil": 3441048000,
    "link": "https://www.sec.gov/Archives/edgar/data/19617/000001961718000151/0000019617-18-000151-index.html",
    "finalLink": "https://www.sec.gov/Archives/edgar/data/19617/000001961718000151/corpq22018.htm"
  },
  {
    "date": "2018-03-31",
    "symbol": "JPM",
    "reportedCurrency": "USD",
    "cik": "0000019617",
    "fillingDate": "2018-05-02",
    "acceptedDate": "2018-05-02 16:20:20",
    "calendarYear": "2018",
    "period": "Q1",
    "revenue": 32290000000,
    "costOfRevenue": 5548000000,
    "grossProfit": 26742000000,
    "grossProfitRatio": 0.8281820997,
    "researchAndDevelopmentExpenses": 0,
    "generalAndAdministrativeExpenses": 8862000000,
    "sellingAndMarketingExpenses": 800000000,
    "sellingGeneralAndAdministrativeExpenses": 9662000000,
    "otherExpenses": 6418000000,
    "operatingExpenses": 16080000000,
    "costAndExpenses": 21628000000,
    "interestIncome": 17695000000,
    "interestExpense": 4383000000,
    "depreciationAndAmortization": 1797000000,
    "ebitda": 12459000000,
    "ebitdaratio": 0.3858470115,
    "operatingIncome": 10662000000,
    "operatingIncomeRatio": 0.3301951068,
    "totalOtherIncomeExpensesNet": -90000000,
    "incomeBeforeTax": 10662000000,
    "incomeBeforeTaxRatio": 0.3301951068,
    "incomeTaxExpense": 1950000000,
    "netIncome": 8712000000,
    "netIncomeRatio": 0.2698048932,
    "eps": 2.38,
    "epsdiluted": 2.37,
    "weightedAverageShsOut": 3475949000,
    "weightedAverageShsOutDil": 3479500000,
    "link": "https://www.sec.gov/Archives/edgar/data/19617/000001961718000092/0000019617-18-000092-index.html",
    "finalLink": "https://www.sec.gov/Archives/edgar/data/19617/000001961718000092/corpq12018.htm"
  },
  {
    "date": "2017-12-31",
    "symbol": "JPM",
    "reportedCurrency": "USD",
    "cik": "0000019617",
    "fillingDate": "2018-02-27",
    "acceptedDate": "2018-02-27 16:23:03",
    "calendarYear": "2017",
    "period": "Q4",
    "revenue": 28119000000,
    "costOfRevenue": 5274000000,
    "grossProfit": 22845000000,
    "grossProfitRatio": 0.8124399872,
    "researchAndDevelopmentExpenses": 0,
    "generalAndAdministrativeExpenses": 7456000000,
    "sellingAndMarketingExpenses": 721000000,
    "sellingGeneralAndAdministrativeExpenses": 8177000000,
    "otherExpenses": 6414000000,
    "operatingExpenses": 14591000000,
    "costAndExpenses": 19865000000,
    "interestIncome": 16993000000,
    "interestExpense": 3966000000,
    "depreciationAndAmortization": 1632000000,
    "ebitda": 9886000000,
    "ebitdaratio": 0.3515772254,
    "operatingIncome": 8254000000,
    "operatingIncomeRatio": 0.293538177,
    "totalOtherIncomeExpensesNet": 0,
    "incomeBeforeTax": 8254000000,
    "incomeBeforeTaxRatio": 0.293538177,
    "incomeTaxExpense": 4022000000,
    "netIncome": 4232000000,
    "netIncomeRatio": 0.1505032185,
    "eps": 1.08,
    "epsdiluted": 1.08,
    "weightedAverageShsOut": 3500842000,
    "weightedAverageShsOutDil": 3512200000,
    "link": "https://www.sec.gov/Archives/edgar/data/19617/000001961718000057/0000019617-18-000057-index.html",
    "finalLink": "https://www.sec.gov/Archives/edgar/data/19617/000001961718000057/corp10k2017.htm"
  },
  {
    "date": "2017-09-30",
    "symbol": "JPM",
    "reportedCurrency": "USD",
    "cik": "0000019617",
    "fillingDate": "2017-11-01",
    "acceptedDate": "2017-11-01 16:36:54",
    "calendarYear": "2017",
    "period": "Q3",
    "revenue": 29467000000,
    "costOfRevenue": 5341000000,
    "grossProfit": 24126000000,
    "grossProfitRatio": 0.8187463943,
    "researchAndDevelopmentExpenses": 0,
    "generalAndAdministrativeExpenses": 7697000000,
    "sellingAndMarketingExpenses": 710000000,
    "sellingGeneralAndAdministrativeExpenses": 8407000000,
    "otherExpenses": 6163000000,
    "operatingExpenses": 14570000000,
    "costAndExpenses": 19911000000,
    "interestIncome": 16687000000,
    "interestExpense": 3889000000,
    "depreciationAndAmortization": 1579000000,
    "ebitda": 11135000000,
    "ebitdaratio": 0.3778803407,
    "operatingIncome": 9556000000,
    "operatingIncomeRatio": 0.324294974,
    "totalOtherIncomeExpensesNet": 0,
    "incomeBeforeTax": 9556000000,
    "incomeBeforeTaxRatio": 0.324294974,
    "incomeTaxExpense": 2824000000,
    "netIncome": 6732000000,
    "netIncomeRatio": 0.2284589541,
    "eps": 1.77,
    "epsdiluted": 1.76,
    "weightedAverageShsOut": 3557955000,
    "weightedAverageShsOutDil": 3559600000,
    "link": "https://www.sec.gov/Archives/edgar/data/19617/000001961717000552/0000019617-17-000552-index.html",
    "finalLink": "https://www.sec.gov/Archives/edgar/data/19617/000001961717000552/corpq32017.htm"
  },
  {
    "date": "2017-06-30",
    "symbol": "JPM",
    "reportedCurrency": "USD",
    "cik": "0000019617",
    "fillingDate": "2017-08-02",
    "acceptedDate": "2017-08-02 16:22:16",
    "calendarYear": "2017",
    "period": "Q2",
    "revenue": 28528000000,
    "costOfRevenue": 4657000000,
    "grossProfit": 23871000000,
    "grossProfitRatio": 0.8367568704,
    "researchAndDevelopmentExpenses": 0,
    "generalAndAdministrativeExpenses": 7757000000,
    "sellingAndMarketingExpenses": 756000000,
    "sellingGeneralAndAdministrativeExpenses": 8513000000,
    "otherExpenses": 5609000000,
    "operatingExpenses": 14122000000,
    "costAndExpenses": 18779000000,
    "interestIncome": 15650000000,
    "interestExpense": 3442000000,
    "depreciationAndAmortization": 1504000000,
    "ebitda": 11253000000,
    "ebitdaratio": 0.3944545709,
    "operatingIncome": 9749000000,
    "operatingIncomeRatio": 0.3417344363,
    "totalOtherIncomeExpensesNet": -61000000,
    "incomeBeforeTax": 9749000000,
    "incomeBeforeTaxRatio": 0.3417344363,
    "incomeTaxExpense": 2720000000,
    "netIncome": 7029000000,
    "netIncomeRatio": 0.2463895121,
    "eps": 1.83,
    "epsdiluted": 1.82,
    "weightedAverageShsOut": 3599000000,
    "weightedAverageShsOutDil": 3614296000,
    "link": "https://www.sec.gov/Archives/edgar/data/19617/000001961717000486/0000019617-17-000486-index.html",
    "finalLink": "https://www.sec.gov/Archives/edgar/data/19617/000001961717000486/corpq22017.htm"
  },
  {
    "date": "2017-03-31",
    "symbol": "JPM",
    "reportedCurrency": "USD",
    "cik": "0000019617",
    "fillingDate": "2017-05-02",
    "acceptedDate": "2017-05-02 16:15:49",
    "calendarYear": "2017",
    "period": "Q1",
    "revenue": 27917000000,
    "costOfRevenue": 4293000000,
    "grossProfit": 23624000000,
    "grossProfitRatio": 0.8462227317,
    "researchAndDevelopmentExpenses": 0,
    "generalAndAdministrativeExpenses": 8256000000,
    "sellingAndMarketingExpenses": 713000000,
    "sellingGeneralAndAdministrativeExpenses": 8969000000,
    "otherExpenses": 6314000000,
    "operatingExpenses": 15283000000,
    "costAndExpenses": 19576000000,
    "interestIncome": 15042000000,
    "interestExpense": 2978000000,
    "depreciationAndAmortization": 1464000000,
    "ebitda": 9805000000,
    "ebitdaratio": 0.3512196869,
    "operatingIncome": 8341000000,
    "operatingIncomeRatio": 0.298778522,
    "totalOtherIncomeExpensesNet": 0,
    "incomeBeforeTax": 8341000000,
    "incomeBeforeTaxRatio": 0.298778522,
    "incomeTaxExpense": 1893000000,
    "netIncome": 6448000000,
    "netIncomeRatio": 0.2309703765,
    "eps": 1.66,
    "epsdiluted": 1.65,
    "weightedAverageShsOut": 3621212000,
    "weightedAverageShsOutDil": 3630400000,
    "link": "https://www.sec.gov/Archives/edgar/data/19617/000001961717000364/0000019617-17-000364-index.html",
    "finalLink": "https://www.sec.gov/Archives/edgar/data/19617/000001961717000364/corpq12017.htm"
  },
  {
    "date": "2016-12-31",
    "symbol": "JPM",
    "reportedCurrency": "USD",
    "cik": "0000019617",
    "fillingDate": "2017-02-28",
    "acceptedDate": "2017-02-28 16:23:41",
    "calendarYear": "2016",
    "period": "Q4",
    "revenue": 26089000000,
    "costOfRevenue": 3577000000,
    "grossProfit": 22512000000,
    "grossProfitRatio": 0.8628924068,
    "researchAndDevelopmentExpenses": 0,
    "generalAndAdministrativeExpenses": 6872000000,
    "sellingAndMarketingExpenses": 697000000,
    "sellingGeneralAndAdministrativeExpenses": 7569000000,
    "otherExpenses": 6264000000,
    "operatingExpenses": 13833000000,
    "costAndExpenses": 17410000000,
    "interestIncome": 14466000000,
    "interestExpense": 2713000000,
    "depreciationAndAmortization": 1446000000,
    "ebitda": 10125000000,
    "ebitdaratio": 0.3880945993,
    "operatingIncome": 8679000000,
    "operatingIncomeRatio": 0.3326689409,
    "totalOtherIncomeExpensesNet": 0,
    "incomeBeforeTax": 8679000000,
    "incomeBeforeTaxRatio": 0.3326689409,
    "incomeTaxExpense": 1952000000,
    "netIncome": 6727000000,
    "netIncomeRatio": 0.2578481352,
    "eps": 1.73,
    "epsdiluted": 1.71,
    "weightedAverageShsOut": 3606000000,
    "weightedAverageShsOutDil": 3608922000,
    "link": "https://www.sec.gov/Archives/edgar/data/19617/000001961717000314/0000019617-17-000314-index.html",
    "finalLink": "https://www.sec.gov/Archives/edgar/data/19617/000001961717000314/corp10k2016.htm"
  },
  {
    "date": "2016-09-30",
    "symbol": "JPM",
    "reportedCurrency": "USD",
    "cik": "0000019617",
    "fillingDate": "2016-11-01",
    "acceptedDate": "2016-11-01 16:19:05",
    "calendarYear": "2016",
    "period": "Q3",
    "revenue": 27140000000,
    "costOfRevenue": 3738000000,
    "grossProfit": 23402000000,
    "grossProfitRatio": 0.8622697126,
    "researchAndDevelopmentExpenses": 0,
    "generalAndAdministrativeExpenses": 7669000000,
    "sellingAndMarketingExpenses": 825000000,
    "sellingGeneralAndAdministrativeExpenses": 8494000000,
    "otherExpenses": 5969000000,
    "operatingExpenses": 14463000000,
    "costAndExpenses": 18201000000,
    "interestIncome": 14070000000,
    "interestExpense": 2467000000,
    "depreciationAndAmortization": 1407000000,
    "ebitda": 10346000000,
    "ebitdaratio": 0.3812085483,
    "operatingIncome": 8939000000,
    "operatingIncomeRatio": 0.3293662491,
    "totalOtherIncomeExpensesNet": 0,
    "incomeBeforeTax": 8939000000,
    "incomeBeforeTaxRatio": 0.3293662491,
    "incomeTaxExpense": 2653000000,
    "netIncome": 6286000000,
    "netIncomeRatio": 0.2316138541,
    "eps": 1.6,
    "epsdiluted": 1.58,
    "weightedAverageShsOut": 3597400000,
    "weightedAverageShsOutDil": 3629600000,
    "link": "https://www.sec.gov/Archives/edgar/data/19617/000001961716001150/0000019617-16-001150-index.html",
    "finalLink": "https://www.sec.gov/Archives/edgar/data/19617/000001961716001150/corpq32016.htm"
  },
  {
    "date": "2016-06-30",
    "symbol": "JPM",
    "reportedCurrency": "USD",
    "cik": "0000019617",
    "fillingDate": "2016-08-03",
    "acceptedDate": "2016-08-03 16:15:34",
    "calendarYear": "2016",
    "period": "Q2",
    "revenue": 26846000000,
    "costOfRevenue": 3868000000,
    "grossProfit": 22978000000,
    "grossProfitRatio": 0.8559189451,
    "researchAndDevelopmentExpenses": 0,
    "generalAndAdministrativeExpenses": 7778000000,
    "sellingAndMarketingExpenses": 672000000,
    "sellingGeneralAndAdministrativeExpenses": 8450000000,
    "otherExpenses": 5188000000,
    "operatingExpenses": 13638000000,
    "costAndExpenses": 12714000000,
    "interestIncome": 13813000000,
    "interestExpense": 2466000000,
    "depreciationAndAmortization": 1336000000,
    "ebitda": 10676000000,
    "ebitdaratio": 0.3976756314,
    "operatingIncome": 9340000000,
    "operatingIncomeRatio": 0.3479103032,
    "totalOtherIncomeExpensesNet": 0,
    "incomeBeforeTax": 9340000000,
    "incomeBeforeTaxRatio": 0.3479103032,
    "incomeTaxExpense": 3140000000,
    "netIncome": 6200000000,
    "netIncomeRatio": 0.2309468822,
    "eps": 1.56,
    "epsdiluted": 1.55,
    "weightedAverageShsOut": 3635800000,
    "weightedAverageShsOutDil": 3666500000,
    "link": "https://www.sec.gov/Archives/edgar/data/19617/000001961716001056/0000019617-16-001056-index.html",
    "finalLink": "https://www.sec.gov/Archives/edgar/data/19617/000001961716001056/corpq22016.htm"
  },
  {
    "date": "2016-03-31",
    "symbol": "JPM",
    "reportedCurrency": "USD",
    "cik": "0000019617",
    "fillingDate": "2016-04-29",
    "acceptedDate": "2016-04-29 16:18:25",
    "calendarYear": "2016",
    "period": "Q1",
    "revenue": 25411000000,
    "costOfRevenue": 3996000000,
    "grossProfit": 21415000000,
    "grossProfitRatio": 0.8427452678,
    "researchAndDevelopmentExpenses": 0,
    "generalAndAdministrativeExpenses": 7660000000,
    "sellingAndMarketingExpenses": 703000000,
    "sellingGeneralAndAdministrativeExpenses": 8363000000,
    "otherExpenses": 5474000000,
    "operatingExpenses": 13837000000,
    "costAndExpenses": 12412000000,
    "interestIncome": 13552000000,
    "interestExpense": 2172000000,
    "depreciationAndAmortization": 1289000000,
    "ebitda": 8867000000,
    "ebitdaratio": 0.348943371,
    "operatingIncome": 7578000000,
    "operatingIncomeRatio": 0.2982173075,
    "totalOtherIncomeExpensesNet": 0,
    "incomeBeforeTax": 7578000000,
    "incomeBeforeTaxRatio": 0.2982173075,
    "incomeTaxExpense": 2058000000,
    "netIncome": 5520000000,
    "netIncomeRatio": 0.2172287592,
    "eps": 1.36,
    "epsdiluted": 1.35,
    "weightedAverageShsOut": 3669900000,
    "weightedAverageShsOutDil": 3696900000,
    "link": "https://www.sec.gov/Archives/edgar/data/19617/000001961716000960/0000019617-16-000960-index.html",
    "finalLink": "https://www.sec.gov/Archives/edgar/data/19617/000001961716000960/corpq12016.htm"
  },
  {
    "date": "2015-12-31",
    "symbol": "JPM",
    "reportedCurrency": "USD",
    "cik": "0000019617",
    "fillingDate": "2016-02-23",
    "acceptedDate": "2016-02-23 16:17:46",
    "calendarYear": "2015",
    "period": "Q4",
    "revenue": 24301000000,
    "costOfRevenue": 3181000000,
    "grossProfit": 21120000000,
    "grossProfitRatio": 0.869100037,
    "researchAndDevelopmentExpenses": 0,
    "generalAndAdministrativeExpenses": 6693000000,
    "sellingAndMarketingExpenses": 771000000,
    "sellingGeneralAndAdministrativeExpenses": 7464000000,
    "otherExpenses": 6285000000,
    "operatingExpenses": 13749000000,
    "costAndExpenses": 16930000000,
    "interestIncome": 13155000000,
    "interestExpense": 1930000000,
    "depreciationAndAmortization": 1273000000,
    "ebitda": 8644000000,
    "ebitdaratio": 0.3557055265,
    "operatingIncome": 7371000000,
    "operatingIncomeRatio": 0.303320851,
    "totalOtherIncomeExpensesNet": 0,
    "incomeBeforeTax": 7371000000,
    "incomeBeforeTaxRatio": 0.303320851,
    "incomeTaxExpense": 1937000000,
    "netIncome": 5434000000,
    "netIncomeRatio": 0.223612197,
    "eps": 1.34,
    "epsdiluted": 1.32,
    "weightedAverageShsOut": 3704600000,
    "weightedAverageShsOutDil": 3723335000,
    "link": "https://www.sec.gov/Archives/edgar/data/19617/000001961716000902/0000019617-16-000902-index.html",
    "finalLink": "https://www.sec.gov/Archives/edgar/data/19617/000001961716000902/corp10k2015.htm"
  },
  {
    "date": "2015-09-30",
    "symbol": "JPM",
    "reportedCurrency": "USD",
    "cik": "0000019617",
    "fillingDate": "2015-11-02",
    "acceptedDate": "2015-11-02 16:21:11",
    "calendarYear": "2015",
    "period": "Q3",
    "revenue": 24595000000,
    "costOfRevenue": 2497000000,
    "grossProfit": 22098000000,
    "grossProfitRatio": 0.8984752999,
    "researchAndDevelopmentExpenses": 0,
    "generalAndAdministrativeExpenses": 7320000000,
    "sellingAndMarketingExpenses": 704000000,
    "sellingGeneralAndAdministrativeExpenses": 8024000000,
    "otherExpenses": 7344000000,
    "operatingExpenses": 15368000000,
    "costAndExpenses": 12311000000,
    "interestIncome": 12739000000,
    "interestExpense": 1815000000,
    "depreciationAndAmortization": 1248000000,
    "ebitda": 7978000000,
    "ebitdaratio": 0.3243748729,
    "operatingIncome": 6730000000,
    "operatingIncomeRatio": 0.2736328522,
    "totalOtherIncomeExpensesNet": 0,
    "incomeBeforeTax": 6730000000,
    "incomeBeforeTaxRatio": 0.2736328522,
    "incomeTaxExpense": -74000000,
    "netIncome": 6804000000,
    "netIncomeRatio": 0.2766415938,
    "eps": 1.7,
    "epsdiluted": 1.68,
    "weightedAverageShsOut": 3725600000,
    "weightedAverageShsOutDil": 3732143000,
    "link": "https://www.sec.gov/Archives/edgar/data/19617/000001961715000464/0000019617-15-000464-index.html",
    "finalLink": "https://www.sec.gov/Archives/edgar/data/19617/000001961715000464/corpq32015.htm"
  },
  {
    "date": "2015-06-30",
    "symbol": "JPM",
    "reportedCurrency": "USD",
    "cik": "0000019617",
    "fillingDate": "2015-08-03",
    "acceptedDate": "2015-08-03 16:03:18",
    "calendarYear": "2015",
    "period": "Q2",
    "revenue": 25642000000,
    "costOfRevenue": 2765000000,
    "grossProfit": 22877000000,
    "grossProfitRatio": 0.8921690976,
    "researchAndDevelopmentExpenses": 0,
    "generalAndAdministrativeExpenses": 7694000000,
    "sellingAndMarketingExpenses": 642000000,
    "sellingGeneralAndAdministrativeExpenses": 8336000000,
    "otherExpenses": 6164000000,
    "operatingExpenses": 14500000000,
    "costAndExpenses": 12526000000,
    "interestIncome": 12514000000,
    "interestExpense": 1830000000,
    "depreciationAndAmortization": 1238000000,
    "ebitda": 9615000000,
    "ebitdaratio": 0.3749707511,
    "operatingIncome": 8377000000,
    "operatingIncomeRatio": 0.3266905858,
    "totalOtherIncomeExpensesNet": 0,
    "incomeBeforeTax": 8377000000,
    "incomeBeforeTaxRatio": 0.3266905858,
    "incomeTaxExpense": 2087000000,
    "netIncome": 6290000000,
    "netIncomeRatio": 0.2453006786,
    "eps": 1.56,
    "epsdiluted": 1.54,
    "weightedAverageShsOut": 3743600000,
    "weightedAverageShsOutDil": 3750649000,
    "link": "https://www.sec.gov/Archives/edgar/data/19617/000001961715000367/0000019617-15-000367-index.html",
    "finalLink": "https://www.sec.gov/Archives/edgar/data/19617/000001961715000367/corpq22015.htm"
  },
  {
    "date": "2015-03-31",
    "symbol": "JPM",
    "reportedCurrency": "USD",
    "cik": "0000019617",
    "fillingDate": "2015-05-05",
    "acceptedDate": "2015-05-05 16:08:04",
    "calendarYear": "2015",
    "period": "Q1",
    "revenue": 25954000000,
    "costOfRevenue": 2847000000,
    "grossProfit": 23107000000,
    "grossProfitRatio": 0.8903059259,
    "researchAndDevelopmentExpenses": 0,
    "generalAndAdministrativeExpenses": 8043000000,
    "sellingAndMarketingExpenses": 591000000,
    "sellingGeneralAndAdministrativeExpenses": 8634000000,
    "otherExpenses": 6249000000,
    "operatingExpenses": 14883000000,
    "costAndExpenses": 12692000000,
    "interestIncome": 12565000000,
    "interestExpense": 1888000000,
    "depreciationAndAmortization": 1181000000,
    "ebitda": 9405000000,
    "ebitdaratio": 0.3623718887,
    "operatingIncome": 8224000000,
    "operatingIncomeRatio": 0.3168683055,
    "totalOtherIncomeExpensesNet": 0,
    "incomeBeforeTax": 8224000000,
    "incomeBeforeTaxRatio": 0.3168683055,
    "incomeTaxExpense": 2310000000,
    "netIncome": 5914000000,
    "netIncomeRatio": 0.2278646837,
    "eps": 1.46,
    "epsdiluted": 1.45,
    "weightedAverageShsOut": 3757500000,
    "weightedAverageShsOutDil": 3760000000,
    "link": "https://www.sec.gov/Archives/edgar/data/19617/000001961715000318/0000019617-15-000318-index.html",
    "finalLink": "https://www.sec.gov/Archives/edgar/data/19617/000001961715000318/corpq12015.htm"
  },
  {
    "date": "2014-12-31",
    "symbol": "JPM",
    "reportedCurrency": "USD",
    "cik": "0000019617",
    "fillingDate": "2015-02-24",
    "acceptedDate": "2015-02-24 16:04:18",
    "calendarYear": "2014",
    "period": "Q4",
    "revenue": 24401000000,
    "costOfRevenue": 2729000000,
    "grossProfit": 21672000000,
    "grossProfitRatio": 0.8881603213,
    "researchAndDevelopmentExpenses": 0,
    "generalAndAdministrativeExpenses": 6860000000,
    "sellingAndMarketingExpenses": 726000000,
    "sellingGeneralAndAdministrativeExpenses": 7586000000,
    "otherExpenses": 7823000000,
    "operatingExpenses": 15409000000,
    "costAndExpenses": 18138000000,
    "interestIncome": 12951000000,
    "interestExpense": 1889000000,
    "depreciationAndAmortization": 1186000000,
    "ebitda": 7449000000,
    "ebitdaratio": 0.305274374,
    "operatingIncome": 6263000000,
    "operatingIncomeRatio": 0.2566698086,
    "totalOtherIncomeExpensesNet": 0,
    "incomeBeforeTax": 6263000000,
    "incomeBeforeTaxRatio": 0.2566698086,
    "incomeTaxExpense": 1332000000,
    "netIncome": 4931000000,
    "netIncomeRatio": 0.2020818819,
    "eps": 1.2,
    "epsdiluted": 1.19,
    "weightedAverageShsOut": 3745321000,
    "weightedAverageShsOutDil": 3765200000,
    "link": "https://www.sec.gov/Archives/edgar/data/19617/000001961715000272/corp10k2014.htm",
    "finalLink": "https://www.sec.gov/Archives/edgar/data/19617/000001961715000272/corp10k2014.htm"
  },
  {
    "date": "2014-09-30",
    "symbol": "JPM",
    "reportedCurrency": "USD",
    "cik": "0000019617",
    "fillingDate": "2014-11-03",
    "acceptedDate": "2014-11-03 17:23:42",
    "calendarYear": "2014",
    "period": "Q3",
    "revenue": 26288000000,
    "costOfRevenue": 2576000000,
    "grossProfit": 23712000000,
    "grossProfitRatio": 0.902008521,
    "researchAndDevelopmentExpenses": 0,
    "generalAndAdministrativeExpenses": 7831000000,
    "sellingAndMarketingExpenses": 610000000,
    "sellingGeneralAndAdministrativeExpenses": 8441000000,
    "otherExpenses": 7357000000,
    "operatingExpenses": 15798000000,
    "costAndExpenses": 12791000000,
    "interestIncome": 12926000000,
    "interestExpense": 1819000000,
    "depreciationAndAmortization": 1147000000,
    "ebitda": 9061000000,
    "ebitdaratio": 0.3446819842,
    "operatingIncome": 7914000000,
    "operatingIncomeRatio": 0.3010499087,
    "totalOtherIncomeExpensesNet": 0,
    "incomeBeforeTax": 7914000000,
    "incomeBeforeTaxRatio": 0.3010499087,
    "incomeTaxExpense": 2349000000,
    "netIncome": 5565000000,
    "netIncomeRatio": 0.2116935484,
    "eps": 1.37,
    "epsdiluted": 1.35,
    "weightedAverageShsOut": 3788700000,
    "weightedAverageShsOutDil": 3798519000,
    "link": "https://www.sec.gov/Archives/edgar/data/19617/000001961714000451/0000019617-14-000451-index.html",
    "finalLink": "https://www.sec.gov/Archives/edgar/data/19617/000001961714000451/corpq32014.htm"
  },
  {
    "date": "2014-06-30",
    "symbol": "JPM",
    "reportedCurrency": "USD",
    "cik": "0000019617",
    "fillingDate": "2014-08-04",
    "acceptedDate": "2014-08-04 16:27:32",
    "calendarYear": "2014",
    "period": "Q2",
    "revenue": 26741000000,
    "costOfRevenue": 2755000000,
    "grossProfit": 23986000000,
    "grossProfitRatio": 0.8969746831,
    "researchAndDevelopmentExpenses": 0,
    "generalAndAdministrativeExpenses": 7610000000,
    "sellingAndMarketingExpenses": 650000000,
    "sellingGeneralAndAdministrativeExpenses": 8260000000,
    "otherExpenses": 7171000000,
    "operatingExpenses": 15431000000,
    "costAndExpenses": 12598000000,
    "interestIncome": 12861000000,
    "interestExpense": 2063000000,
    "depreciationAndAmortization": 1218000000,
    "ebitda": 9773000000,
    "ebitdaratio": 0.3654687558,
    "operatingIncome": 8555000000,
    "operatingIncomeRatio": 0.319920721,
    "totalOtherIncomeExpensesNet": 0,
    "incomeBeforeTax": 8555000000,
    "incomeBeforeTaxRatio": 0.319920721,
    "incomeTaxExpense": 2575000000,
    "netIncome": 5980000000,
    "netIncomeRatio": 0.2236266407,
    "eps": 1.47,
    "epsdiluted": 1.46,
    "weightedAverageShsOut": 3812500000,
    "weightedAverageShsOutDil": 3813699000,
    "link": "https://www.sec.gov/Archives/edgar/data/19617/000001961714000409/0000019617-14-000409-index.html",
    "finalLink": "https://www.sec.gov/Archives/edgar/data/19617/000001961714000409/corpq22014.htm"
  },
  {
    "date": "2014-03-31",
    "symbol": "JPM",
    "reportedCurrency": "USD",
    "cik": "0000019617",
    "fillingDate": "2014-05-02",
    "acceptedDate": "2014-05-02 16:02:43",
    "calendarYear": "2014",
    "period": "Q1",
    "revenue": 25341000000,
    "costOfRevenue": 2976000000,
    "grossProfit": 22365000000,
    "grossProfitRatio": 0.8825618563,
    "researchAndDevelopmentExpenses": 0,
    "generalAndAdministrativeExpenses": 7859000000,
    "sellingAndMarketingExpenses": 564000000,
    "sellingGeneralAndAdministrativeExpenses": 8423000000,
    "otherExpenses": 6213000000,
    "operatingExpenses": 14636000000,
    "costAndExpenses": 12572000000,
    "interestIncome": 12793000000,
    "interestExpense": 2126000000,
    "depreciationAndAmortization": 1208000000,
    "ebitda": 8937000000,
    "ebitdaratio": 0.3526695868,
    "operatingIncome": 7729000000,
    "operatingIncomeRatio": 0.3049998027,
    "totalOtherIncomeExpensesNet": 0,
    "incomeBeforeTax": 7729000000,
    "incomeBeforeTaxRatio": 0.3049998027,
    "incomeTaxExpense": 2460000000,
    "netIncome": 5269000000,
    "netIncomeRatio": 0.2079239178,
    "eps": 1.29,
    "epsdiluted": 1.28,
    "weightedAverageShsOut": 3822656000,
    "weightedAverageShsOutDil": 3823600000,
    "link": "https://www.sec.gov/Archives/edgar/data/19617/000001961714000339/0000019617-14-000339-index.html",
    "finalLink": "https://www.sec.gov/Archives/edgar/data/19617/000001961714000339/corpq12014.htm"
  },
  {
    "date": "2013-12-31",
    "symbol": "JPM",
    "reportedCurrency": "USD",
    "cik": "0000019617",
    "fillingDate": "2014-02-20",
    "acceptedDate": "2014-02-19 20:02:20",
    "calendarYear": "2013",
    "period": "Q4",
    "revenue": 25511000000,
    "costOfRevenue": 2459000000,
    "grossProfit": 23052000000,
    "grossProfitRatio": 0.9036102074,
    "researchAndDevelopmentExpenses": 0,
    "generalAndAdministrativeExpenses": 7052000000,
    "sellingAndMarketingExpenses": 745000000,
    "sellingGeneralAndAdministrativeExpenses": 7797000000,
    "otherExpenses": 7755000000,
    "operatingExpenses": 15552000000,
    "costAndExpenses": 18011000000,
    "interestIncome": 13262000000,
    "interestExpense": 2355000000,
    "depreciationAndAmortization": 1246000000,
    "ebitda": 8746000000,
    "ebitdaratio": 0.3428325036,
    "operatingIncome": 7500000000,
    "operatingIncomeRatio": 0.2939908275,
    "totalOtherIncomeExpensesNet": 0,
    "incomeBeforeTax": 7500000000,
    "incomeBeforeTaxRatio": 0.2939908275,
    "incomeTaxExpense": 2222000000,
    "netIncome": 5278000000,
    "netIncomeRatio": 0.206891145,
    "eps": 1.31,
    "epsdiluted": 1.3,
    "weightedAverageShsOut": 3793974000,
    "weightedAverageShsOutDil": 3797100000,
    "link": "https://www.sec.gov/Archives/edgar/data/19617/000001961714000289/corp10k2013.htm",
    "finalLink": "https://www.sec.gov/Archives/edgar/data/19617/000001961714000289/corp10k2013.htm"
  },
  {
    "date": "2013-09-30",
    "symbol": "JPM",
    "reportedCurrency": "USD",
    "cik": "0000019617",
    "fillingDate": "2013-11-01",
    "acceptedDate": "2013-11-01 07:09:50",
    "calendarYear": "2013",
    "period": "Q3",
    "revenue": 25408000000,
    "costOfRevenue": 1748000000,
    "grossProfit": 23660000000,
    "grossProfitRatio": 0.9312027708,
    "researchAndDevelopmentExpenses": 0,
    "generalAndAdministrativeExpenses": 7325000000,
    "sellingAndMarketingExpenses": 588000000,
    "sellingGeneralAndAdministrativeExpenses": 7913000000,
    "otherExpenses": 15713000000,
    "operatingExpenses": 23626000000,
    "costAndExpenses": 12113000000,
    "interestIncome": 13066000000,
    "interestExpense": 2291000000,
    "depreciationAndAmortization": 1651000000,
    "ebitda": 1685000000,
    "ebitdaratio": 0.0663176952,
    "operatingIncome": 34000000,
    "operatingIncomeRatio": 0.0013381612,
    "totalOtherIncomeExpensesNet": 0,
    "incomeBeforeTax": 34000000,
    "incomeBeforeTaxRatio": 0.0013381612,
    "incomeTaxExpense": 414000000,
    "netIncome": -380000000,
    "netIncomeRatio": -0.0149559194,
    "eps": -0.17,
    "epsdiluted": -0.17,
    "weightedAverageShsOut": 3767000000,
    "weightedAverageShsOutDil": 3767002000,
    "link": "https://www.sec.gov/Archives/edgar/data/19617/000001961713000400/0000019617-13-000400-index.html",
    "finalLink": "https://www.sec.gov/Archives/edgar/data/19617/000001961713000400/corpq32013.htm"
  },
  {
    "date": "2013-06-30",
    "symbol": "JPM",
    "reportedCurrency": "USD",
    "cik": "0000019617",
    "fillingDate": "2013-08-07",
    "acceptedDate": "2013-08-07 16:25:03",
    "calendarYear": "2013",
    "period": "Q2",
    "revenue": 27579000000,
    "costOfRevenue": 2415000000,
    "grossProfit": 25164000000,
    "grossProfitRatio": 0.9124333732,
    "researchAndDevelopmentExpenses": 0,
    "generalAndAdministrativeExpenses": 8019000000,
    "sellingAndMarketingExpenses": 578000000,
    "sellingGeneralAndAdministrativeExpenses": 8597000000,
    "otherExpenses": 7269000000,
    "operatingExpenses": 15866000000,
    "costAndExpenses": 18185000000,
    "interestIncome": 13072000000,
    "interestExpense": 2368000000,
    "depreciationAndAmortization": 1435000000,
    "ebitda": 10733000000,
    "ebitdaratio": 0.3891729214,
    "operatingIncome": 9298000000,
    "operatingIncomeRatio": 0.337140578,
    "totalOtherIncomeExpensesNet": 0,
    "incomeBeforeTax": 9298000000,
    "incomeBeforeTaxRatio": 0.337140578,
    "incomeTaxExpense": 2802000000,
    "netIncome": 6496000000,
    "netIncomeRatio": 0.2355415352,
    "eps": 1.61,
    "epsdiluted": 1.6,
    "weightedAverageShsOut": 3812816000,
    "weightedAverageShsOutDil": 3814300000,
    "link": "https://www.sec.gov/Archives/edgar/data/19617/000001961713000354/0000019617-13-000354-index.html",
    "finalLink": "https://www.sec.gov/Archives/edgar/data/19617/000001961713000354/corpq22013.htm"
  },
  {
    "date": "2013-03-31",
    "symbol": "JPM",
    "reportedCurrency": "USD",
    "cik": "0000019617",
    "fillingDate": "2013-05-08",
    "acceptedDate": "2013-05-08 16:09:43",
    "calendarYear": "2013",
    "period": "Q1",
    "revenue": 27554000000,
    "costOfRevenue": 3049000000,
    "grossProfit": 24505000000,
    "grossProfitRatio": 0.8893445598,
    "researchAndDevelopmentExpenses": 0,
    "generalAndAdministrativeExpenses": 8414000000,
    "sellingAndMarketingExpenses": 589000000,
    "sellingGeneralAndAdministrativeExpenses": 9003000000,
    "otherExpenses": 6420000000,
    "operatingExpenses": 15423000000,
    "costAndExpenses": 18376000000,
    "interestIncome": 13365000000,
    "interestExpense": 2432000000,
    "depreciationAndAmortization": 974000000,
    "ebitda": 10056000000,
    "ebitdaratio": 0.3649560862,
    "operatingIncome": 9082000000,
    "operatingIncomeRatio": 0.3296073165,
    "totalOtherIncomeExpensesNet": 0,
    "incomeBeforeTax": 9082000000,
    "incomeBeforeTaxRatio": 0.3296073165,
    "incomeTaxExpense": 2553000000,
    "netIncome": 6529000000,
    "netIncomeRatio": 0.2369528925,
    "eps": 1.61,
    "epsdiluted": 1.59,
    "weightedAverageShsOut": 3847000000,
    "weightedAverageShsOutDil": 3855975000,
    "link": "https://www.sec.gov/Archives/edgar/data/19617/000001961713000300/0000019617-13-000300-index.html",
    "finalLink": "https://www.sec.gov/Archives/edgar/data/19617/000001961713000300/corpq12013.htm"
  },
  {
    "date": "2012-12-31",
    "symbol": "JPM",
    "reportedCurrency": "USD",
    "cik": "0000019617",
    "fillingDate": "2013-02-28",
    "acceptedDate": "2013-02-28 16:06:59",
    "calendarYear": "2012",
    "period": "Q4",
    "revenue": 26165000000,
    "costOfRevenue": 3168000000,
    "grossProfit": 22997000000,
    "grossProfitRatio": 0.8789222243,
    "researchAndDevelopmentExpenses": 0,
    "generalAndAdministrativeExpenses": 3177000000,
    "sellingAndMarketingExpenses": 648000000,
    "sellingGeneralAndAdministrativeExpenses": 3825000000,
    "otherExpenses": 12222000000,
    "operatingExpenses": 16047000000,
    "costAndExpenses": 19215000000,
    "interestIncome": 13634000000,
    "interestExpense": 2512000000,
    "depreciationAndAmortization": 1404000000,
    "ebitda": 8354000000,
    "ebitdaratio": 0.3192814829,
    "operatingIncome": 6950000000,
    "operatingIncomeRatio": 0.2656220141,
    "totalOtherIncomeExpensesNet": 0,
    "incomeBeforeTax": 6950000000,
    "incomeBeforeTaxRatio": 0.2656220141,
    "incomeTaxExpense": 1258000000,
    "netIncome": 5692000000,
    "netIncomeRatio": 0.2175425186,
    "eps": 1.4,
    "epsdiluted": 1.39,
    "weightedAverageShsOut": 3820900000,
    "weightedAverageShsOutDil": 3827854000,
    "link": "https://www.sec.gov/Archives/edgar/data/19617/000001961713000221/0000019617-13-000221-index.html",
    "finalLink": "https://www.sec.gov/Archives/edgar/data/19617/000001961713000221/corp10k2012.htm"
  },
  {
    "date": "2012-09-30",
    "symbol": "JPM",
    "reportedCurrency": "USD",
    "cik": "0000019617",
    "fillingDate": "2012-11-08",
    "acceptedDate": "2012-11-08 07:14:44",
    "calendarYear": "2012",
    "period": "Q3",
    "revenue": 27799000000,
    "costOfRevenue": 4442000000,
    "grossProfit": 23357000000,
    "grossProfitRatio": 0.8402100795,
    "researchAndDevelopmentExpenses": 0,
    "generalAndAdministrativeExpenses": 7503000000,
    "sellingAndMarketingExpenses": 607000000,
    "sellingGeneralAndAdministrativeExpenses": 8110000000,
    "otherExpenses": 7261000000,
    "operatingExpenses": 15371000000,
    "costAndExpenses": 19813000000,
    "interestIncome": 13629000000,
    "interestExpense": 2653000000,
    "depreciationAndAmortization": 1294000000,
    "ebitda": 9280000000,
    "ebitdaratio": 0.3338249577,
    "operatingIncome": 7986000000,
    "operatingIncomeRatio": 0.2872765207,
    "totalOtherIncomeExpensesNet": 0,
    "incomeBeforeTax": 7986000000,
    "incomeBeforeTaxRatio": 0.2872765207,
    "incomeTaxExpense": 2278000000,
    "netIncome": 5708000000,
    "netIncomeRatio": 0.205331127,
    "eps": 1.41,
    "epsdiluted": 1.4,
    "weightedAverageShsOut": 3803300000,
    "weightedAverageShsOutDil": 3813900000,
    "link": "https://www.sec.gov/Archives/edgar/data/19617/000001961712000308/0000019617-12-000308-index.html",
    "finalLink": "https://www.sec.gov/Archives/edgar/data/19617/000001961712000308/corpq32012.htm"
  },
  {
    "date": "2012-06-30",
    "symbol": "JPM",
    "reportedCurrency": "USD",
    "cik": "0000019617",
    "fillingDate": "2012-08-09",
    "acceptedDate": "2012-08-09 08:17:55",
    "calendarYear": "2012",
    "period": "Q2",
    "revenue": 25133000000,
    "costOfRevenue": 3167000000,
    "grossProfit": 21966000000,
    "grossProfitRatio": 0.8739903712,
    "researchAndDevelopmentExpenses": 0,
    "generalAndAdministrativeExpenses": 7427000000,
    "sellingAndMarketingExpenses": 642000000,
    "sellingGeneralAndAdministrativeExpenses": 8069000000,
    "otherExpenses": 6897000000,
    "operatingExpenses": 14966000000,
    "costAndExpenses": 18133000000,
    "interestIncome": 14099000000,
    "interestExpense": 2953000000,
    "depreciationAndAmortization": 1217000000,
    "ebitda": 8217000000,
    "ebitdaratio": 0.3269406756,
    "operatingIncome": 7000000000,
    "operatingIncomeRatio": 0.2785182827,
    "totalOtherIncomeExpensesNet": 0,
    "incomeBeforeTax": 7000000000,
    "incomeBeforeTaxRatio": 0.2785182827,
    "incomeTaxExpense": 2040000000,
    "netIncome": 4960000000,
    "netIncomeRatio": 0.1973500975,
    "eps": 1.22,
    "epsdiluted": 1.21,
    "weightedAverageShsOut": 3808900000,
    "weightedAverageShsOutDil": 3820500000,
    "link": "https://www.sec.gov/Archives/edgar/data/19617/000001961712000264/0000019617-12-000264-index.html",
    "finalLink": "https://www.sec.gov/Archives/edgar/data/19617/000001961712000264/jpm-2012063010q.htm"
  },
  {
    "date": "2012-03-31",
    "symbol": "JPM",
    "reportedCurrency": "USD",
    "cik": "0000019617",
    "fillingDate": "2012-05-10",
    "acceptedDate": "2012-05-10 16:39:24",
    "calendarYear": "2012",
    "period": "Q1",
    "revenue": 29087000000,
    "costOfRevenue": 3761000000,
    "grossProfit": 25326000000,
    "grossProfitRatio": 0.8706982501,
    "researchAndDevelopmentExpenses": 0,
    "generalAndAdministrativeExpenses": 8613000000,
    "sellingAndMarketingExpenses": 680000000,
    "sellingGeneralAndAdministrativeExpenses": 9293000000,
    "otherExpenses": 9052000000,
    "operatingExpenses": 18345000000,
    "costAndExpenses": 22106000000,
    "interestIncome": 14701000000,
    "interestExpense": 3035000000,
    "depreciationAndAmortization": 1232000000,
    "ebitda": 8213000000,
    "ebitdaratio": 0.2823598171,
    "operatingIncome": 6981000000,
    "operatingIncomeRatio": 0.2400041256,
    "totalOtherIncomeExpensesNet": 0,
    "incomeBeforeTax": 6981000000,
    "incomeBeforeTaxRatio": 0.2400041256,
    "incomeTaxExpense": 2057000000,
    "netIncome": 4924000000,
    "netIncomeRatio": 0.1692852477,
    "eps": 1.19,
    "epsdiluted": 1.2,
    "weightedAverageShsOut": 3818800000,
    "weightedAverageShsOutDil": 3833400000,
    "link": "https://www.sec.gov/Archives/edgar/data/19617/000001961712000213/0000019617-12-000213-index.htm",
    "finalLink": "https://www.sec.gov/Archives/edgar/data/19617/000001961712000213/jpm-2012033110q.htm"
  },
  {
    "date": "2011-12-31",
    "symbol": "JPM",
    "reportedCurrency": "USD",
    "cik": "0000019617",
    "fillingDate": "2012-02-29",
    "acceptedDate": "2012-02-29 10:29:19",
    "calendarYear": "2011",
    "period": "Q4",
    "revenue": 24394000000,
    "costOfRevenue": 5107000000,
    "grossProfit": 19287000000,
    "grossProfitRatio": 0.7906452406,
    "researchAndDevelopmentExpenses": 0,
    "generalAndAdministrativeExpenses": 2632000000,
    "sellingAndMarketingExpenses": 814000000,
    "sellingGeneralAndAdministrativeExpenses": 3446000000,
    "otherExpenses": 11094000000,
    "operatingExpenses": 14540000000,
    "costAndExpenses": 19647000000,
    "interestIncome": 15054000000,
    "interestExpense": 2923000000,
    "depreciationAndAmortization": 1288000000,
    "ebitda": 6035000000,
    "ebitdaratio": 0.2473969009,
    "operatingIncome": 4747000000,
    "operatingIncomeRatio": 0.1945970321,
    "totalOtherIncomeExpensesNet": 0,
    "incomeBeforeTax": 4747000000,
    "incomeBeforeTaxRatio": 0.1945970321,
    "incomeTaxExpense": 1019000000,
    "netIncome": 3728000000,
    "netIncomeRatio": 0.152824465,
    "eps": 0.9,
    "epsdiluted": 0.9,
    "weightedAverageShsOut": 3801900000,
    "weightedAverageShsOutDil": 3811700000,
    "link": "https://www.sec.gov/Archives/edgar/data/19617/000001961712000163/0000019617-12-000163-index.html",
    "finalLink": "https://www.sec.gov/Archives/edgar/data/19617/000001961712000163/corp10k2011.htm"
  },
  {
    "date": "2011-09-30",
    "symbol": "JPM",
    "reportedCurrency": "USD",
    "cik": "0000019617",
    "fillingDate": "2011-11-04",
    "acceptedDate": "2011-11-04 15:18:09",
    "calendarYear": "2011",
    "period": "Q3",
    "revenue": 27106000000,
    "costOfRevenue": 5754000000,
    "grossProfit": 21352000000,
    "grossProfitRatio": 0.7877222755,
    "researchAndDevelopmentExpenses": 0,
    "generalAndAdministrativeExpenses": 8156000000,
    "sellingAndMarketingExpenses": 926000000,
    "sellingGeneralAndAdministrativeExpenses": 9082000000,
    "otherExpenses": 6452000000,
    "operatingExpenses": 15534000000,
    "costAndExpenses": 21288000000,
    "interestIncome": 15160000000,
    "interestExpense": 3343000000,
    "depreciationAndAmortization": 1265000000,
    "ebitda": 7083000000,
    "ebitdaratio": 0.2613074596,
    "operatingIncome": 5818000000,
    "operatingIncomeRatio": 0.2146388254,
    "totalOtherIncomeExpensesNet": 0,
    "incomeBeforeTax": 5818000000,
    "incomeBeforeTaxRatio": 0.2146388254,
    "incomeTaxExpense": 1556000000,
    "netIncome": 4262000000,
    "netIncomeRatio": 0.1572345606,
    "eps": 1.02,
    "epsdiluted": 1.02,
    "weightedAverageShsOut": 3859600000,
    "weightedAverageShsOutDil": 3872200000,
    "link": "https://www.sec.gov/Archives/edgar/data/19617/000001961711000264/0000019617-11-000264-index.html",
    "finalLink": "https://www.sec.gov/Archives/edgar/data/19617/000001961711000264/corpq32011.htm"
  },
  {
    "date": "2011-06-30",
    "symbol": "JPM",
    "reportedCurrency": "USD",
    "cik": "0000019617",
    "fillingDate": "2011-08-05",
    "acceptedDate": "2011-08-05 14:30:36",
    "calendarYear": "2011",
    "period": "Q2",
    "revenue": 30575000000,
    "costOfRevenue": 5606000000,
    "grossProfit": 24969000000,
    "grossProfitRatio": 0.8166475879,
    "researchAndDevelopmentExpenses": 0,
    "generalAndAdministrativeExpenses": 8786000000,
    "sellingAndMarketingExpenses": 744000000,
    "sellingGeneralAndAdministrativeExpenses": 9530000000,
    "otherExpenses": 7312000000,
    "operatingExpenses": 16842000000,
    "costAndExpenses": 22448000000,
    "interestIncome": 15632000000,
    "interestExpense": 3796000000,
    "depreciationAndAmortization": 1278000000,
    "ebitda": 9405000000,
    "ebitdaratio": 0.3076042518,
    "operatingIncome": 8127000000,
    "operatingIncomeRatio": 0.2658053966,
    "totalOtherIncomeExpensesNet": 0,
    "incomeBeforeTax": 8127000000,
    "incomeBeforeTaxRatio": 0.2658053966,
    "incomeTaxExpense": 2696000000,
    "netIncome": 5431000000,
    "netIncomeRatio": 0.1776287817,
    "eps": 1.28,
    "epsdiluted": 1.28,
    "weightedAverageShsOut": 3958400000,
    "weightedAverageShsOutDil": 3958400000,
    "link": "https://www.sec.gov/Archives/edgar/data/19617/000119312511212045/0001193125-11-212045-index.html",
    "finalLink": "https://www.sec.gov/Archives/edgar/data/19617/000119312511212045/d10q.htm"
  },
  {
    "date": "2011-03-31",
    "symbol": "JPM",
    "reportedCurrency": "USD",
    "cik": "0000019617",
    "fillingDate": "2011-05-06",
    "acceptedDate": "2011-05-05 21:27:44",
    "calendarYear": "2011",
    "period": "Q1",
    "revenue": 28763000000,
    "costOfRevenue": 4711000000,
    "grossProfit": 24052000000,
    "grossProfitRatio": 0.8362131906,
    "researchAndDevelopmentExpenses": 0,
    "generalAndAdministrativeExpenses": 9463000000,
    "sellingAndMarketingExpenses": 659000000,
    "sellingGeneralAndAdministrativeExpenses": 10122000000,
    "otherExpenses": 5873000000,
    "operatingExpenses": 15995000000,
    "costAndExpenses": 20706000000,
    "interestIncome": 15447000000,
    "interestExpense": 3542000000,
    "depreciationAndAmortization": 1274000000,
    "ebitda": 9331000000,
    "ebitdaratio": 0.3244098321,
    "operatingIncome": 8057000000,
    "operatingIncomeRatio": 0.2801168167,
    "totalOtherIncomeExpensesNet": 0,
    "incomeBeforeTax": 8057000000,
    "incomeBeforeTaxRatio": 0.2801168167,
    "incomeTaxExpense": 2502000000,
    "netIncome": 5555000000,
    "netIncomeRatio": 0.1931300629,
    "eps": 1.29,
    "epsdiluted": 1.28,
    "weightedAverageShsOut": 3981600000,
    "weightedAverageShsOutDil": 4014100000,
    "link": "https://www.sec.gov/Archives/edgar/data/19617/000095012311045948/0000950123-11-045948-index.html",
    "finalLink": "https://www.sec.gov/Archives/edgar/data/19617/000095012311045948/y90414e10vq.htm"
  },
  {
    "date": "2010-12-31",
    "symbol": "JPM",
    "reportedCurrency": "USD",
    "cik": "0000019617",
    "fillingDate": "2011-02-28",
    "acceptedDate": "2011-02-28 16:27:50",
    "calendarYear": "2010",
    "period": "Q4",
    "revenue": 29608000000,
    "costOfRevenue": 6553000000,
    "grossProfit": 23055000000,
    "grossProfitRatio": 0.7786746825,
    "researchAndDevelopmentExpenses": 0,
    "generalAndAdministrativeExpenses": 3085000000,
    "sellingAndMarketingExpenses": 584000000,
    "sellingGeneralAndAdministrativeExpenses": 3669000000,
    "otherExpenses": 12374000000,
    "operatingExpenses": 16043000000,
    "costAndExpenses": 22596000000,
    "interestIncome": 15612000000,
    "interestExpense": 3510000000,
    "depreciationAndAmortization": 1288000000,
    "ebitda": 8300000000,
    "ebitdaratio": 0.2803296406,
    "operatingIncome": 7012000000,
    "operatingIncomeRatio": 0.2368278844,
    "totalOtherIncomeExpensesNet": 0,
    "incomeBeforeTax": 7012000000,
    "incomeBeforeTaxRatio": 0.2368278844,
    "incomeTaxExpense": 2181000000,
    "netIncome": 4831000000,
    "netIncomeRatio": 0.1631653607,
    "eps": 1.13,
    "epsdiluted": 1.12,
    "weightedAverageShsOut": 3917000000,
    "weightedAverageShsOutDil": 3935200000,
    "link": "https://www.sec.gov/Archives/edgar/data/19617/000095012311019773/y86143e10vk.htm",
    "finalLink": "https://www.sec.gov/Archives/edgar/data/19617/000095012311019773/y86143e10vk.htm"
  },
  {
    "date": "2010-09-30",
    "symbol": "JPM",
    "reportedCurrency": "USD",
    "cik": "0000019617",
    "fillingDate": "2010-11-09",
    "acceptedDate": "2010-11-08 19:45:15",
    "calendarYear": "2010",
    "period": "Q3",
    "revenue": 26928000000,
    "costOfRevenue": 6327000000,
    "grossProfit": 20601000000,
    "grossProfitRatio": 0.765040107,
    "researchAndDevelopmentExpenses": 0,
    "generalAndAdministrativeExpenses": 7845000000,
    "sellingAndMarketingExpenses": 651000000,
    "sellingGeneralAndAdministrativeExpenses": 8496000000,
    "otherExpenses": 5902000000,
    "operatingExpenses": 14398000000,
    "costAndExpenses": 20725000000,
    "interestIncome": 15606000000,
    "interestExpense": 3104000000,
    "depreciationAndAmortization": 1273000000,
    "ebitda": 7476000000,
    "ebitdaratio": 0.2776292335,
    "operatingIncome": 6203000000,
    "operatingIncomeRatio": 0.2303550208,
    "totalOtherIncomeExpensesNet": 0,
    "incomeBeforeTax": 6203000000,
    "incomeBeforeTaxRatio": 0.2303550208,
    "incomeTaxExpense": 1785000000,
    "netIncome": 4418000000,
    "netIncomeRatio": 0.164067142,
    "eps": 1.02,
    "epsdiluted": 1.01,
    "weightedAverageShsOut": 3954300000,
    "weightedAverageShsOutDil": 3971900000,
    "link": "https://www.sec.gov/Archives/edgar/data/19617/000095012310102689/0000950123-10-102689-index.html",
    "finalLink": "https://www.sec.gov/Archives/edgar/data/19617/000095012310102689/y86142e10vq.htm"
  },
  {
    "date": "2010-06-30",
    "symbol": "JPM",
    "reportedCurrency": "USD",
    "cik": "0000019617",
    "fillingDate": "2010-08-06",
    "acceptedDate": "2010-08-06 15:39:00",
    "calendarYear": "2010",
    "period": "Q2",
    "revenue": 28133000000,
    "costOfRevenue": 6395000000,
    "grossProfit": 21738000000,
    "grossProfitRatio": 0.7726868802,
    "researchAndDevelopmentExpenses": 0,
    "generalAndAdministrativeExpenses": 8781000000,
    "sellingAndMarketingExpenses": 628000000,
    "sellingGeneralAndAdministrativeExpenses": 9409000000,
    "otherExpenses": 5222000000,
    "operatingExpenses": 14631000000,
    "costAndExpenses": 21026000000,
    "interestIncome": 15719000000,
    "interestExpense": 3032000000,
    "depreciationAndAmortization": 1208000000,
    "ebitda": 8315000000,
    "ebitdaratio": 0.2955603739,
    "operatingIncome": 7107000000,
    "operatingIncomeRatio": 0.2526214766,
    "totalOtherIncomeExpensesNet": 0,
    "incomeBeforeTax": 7107000000,
    "incomeBeforeTaxRatio": 0.2526214766,
    "incomeTaxExpense": 2312000000,
    "netIncome": 4795000000,
    "netIncomeRatio": 0.1704404081,
    "eps": 1.1,
    "epsdiluted": 1.09,
    "weightedAverageShsOut": 3983500000,
    "weightedAverageShsOutDil": 4005600000,
    "link": "https://www.sec.gov/Archives/edgar/data/19617/000095012310074254/0000950123-10-074254-index.html",
    "finalLink": "https://www.sec.gov/Archives/edgar/data/19617/000095012310074254/y80915e10vq.htm"
  },
  {
    "date": "2010-03-31",
    "symbol": "JPM",
    "reportedCurrency": "USD",
    "cik": "0000019617",
    "fillingDate": "2010-05-10",
    "acceptedDate": "2010-05-10 16:00:02",
    "calendarYear": "2010",
    "period": "Q1",
    "revenue": 30806000000,
    "costOfRevenue": 10145000000,
    "grossProfit": 20661000000,
    "grossProfitRatio": 0.6706810362,
    "researchAndDevelopmentExpenses": 0,
    "generalAndAdministrativeExpenses": 8413000000,
    "sellingAndMarketingExpenses": 583000000,
    "sellingGeneralAndAdministrativeExpenses": 8996000000,
    "otherExpenses": 7128000000,
    "operatingExpenses": 16124000000,
    "costAndExpenses": 26269000000,
    "interestIncome": 16845000000,
    "interestExpense": 3135000000,
    "depreciationAndAmortization": 1204000000,
    "ebitda": 5741000000,
    "ebitdaratio": 0.1863598,
    "operatingIncome": 4537000000,
    "operatingIncomeRatio": 0.1472765046,
    "totalOtherIncomeExpensesNet": 0,
    "incomeBeforeTax": 4537000000,
    "incomeBeforeTaxRatio": 0.1472765046,
    "incomeTaxExpense": 1211000000,
    "netIncome": 3326000000,
    "netIncomeRatio": 0.1079659807,
    "eps": 0.75,
    "epsdiluted": 0.74,
    "weightedAverageShsOut": 3970500000,
    "weightedAverageShsOutDil": 3994700000,
    "link": "https://www.sec.gov/Archives/edgar/data/19617/000095012310047138/0000950123-10-047138-index.html",
    "finalLink": "https://www.sec.gov/Archives/edgar/data/19617/000095012310047138/y84097e10vq.htm"
  },
  {
    "date": "2009-12-31",
    "symbol": "JPM",
    "reportedCurrency": "USD",
    "cik": "0000019617",
    "fillingDate": "2010-02-24",
    "acceptedDate": "2010-02-24 06:19:22",
    "calendarYear": "2009",
    "period": "Q4",
    "revenue": 26401000000,
    "costOfRevenue": 10521000000,
    "grossProfit": 15880000000,
    "grossProfitRatio": 0.6014923677,
    "researchAndDevelopmentExpenses": 0,
    "generalAndAdministrativeExpenses": 1670000000,
    "sellingAndMarketingExpenses": 536000000,
    "sellingGeneralAndAdministrativeExpenses": 2206000000,
    "otherExpenses": 9798000000,
    "operatingExpenses": 12004000000,
    "costAndExpenses": 22525000000,
    "interestIncome": 15615000000,
    "interestExpense": 3237000000,
    "depreciationAndAmortization": 1087000000,
    "ebitda": 4963000000,
    "ebitdaratio": 0.1879853036,
    "operatingIncome": 3876000000,
    "operatingIncomeRatio": 0.1468126207,
    "totalOtherIncomeExpensesNet": 0,
    "incomeBeforeTax": 3876000000,
    "incomeBeforeTaxRatio": 0.1468126207,
    "incomeTaxExpense": 598000000,
    "netIncome": 3278000000,
    "netIncomeRatio": 0.1241619636,
    "eps": 0.75,
    "epsdiluted": 0.74,
    "weightedAverageShsOut": 3946100000,
    "weightedAverageShsOutDil": 3974100000,
    "link": "https://www.sec.gov/Archives/edgar/data/19617/000095012310016029/0000950123-10-016029-index.html",
    "finalLink": "https://www.sec.gov/Archives/edgar/data/19617/000095012310016029/e82150e10vk.htm"
  },
  {
    "date": "2009-09-30",
    "symbol": "JPM",
    "reportedCurrency": "USD",
    "cik": "0000019617",
    "fillingDate": "2009-11-09",
    "acceptedDate": "2009-11-09 15:36:03",
    "calendarYear": "2009",
    "period": "Q3",
    "revenue": 30145000000,
    "costOfRevenue": 11627000000,
    "grossProfit": 18518000000,
    "grossProfitRatio": 0.6142975618,
    "researchAndDevelopmentExpenses": 0,
    "generalAndAdministrativeExpenses": 8451000000,
    "sellingAndMarketingExpenses": 440000000,
    "sellingGeneralAndAdministrativeExpenses": 8891000000,
    "otherExpenses": 4564000000,
    "operatingExpenses": 13455000000,
    "costAndExpenses": 25082000000,
    "interestIncome": 16260000000,
    "interestExpense": 3523000000,
    "depreciationAndAmortization": 997000000,
    "ebitda": 6060000000,
    "ebitdaratio": 0.2010283629,
    "operatingIncome": 5063000000,
    "operatingIncomeRatio": 0.1679548847,
    "totalOtherIncomeExpensesNet": 0,
    "incomeBeforeTax": 5063000000,
    "incomeBeforeTaxRatio": 0.1679548847,
    "incomeTaxExpense": 1551000000,
    "netIncome": 3588000000,
    "netIncomeRatio": 0.1190247139,
    "eps": 0.82,
    "epsdiluted": 0.82,
    "weightedAverageShsOut": 3937900000,
    "weightedAverageShsOutDil": 3962000000,
    "link": "https://www.sec.gov/Archives/edgar/data/19617/000095012309060099/0000950123-09-060099-index.html",
    "finalLink": "https://www.sec.gov/Archives/edgar/data/19617/000095012309060099/y78939e10vq.htm"
  },
  {
    "date": "2009-06-30",
    "symbol": "JPM",
    "reportedCurrency": "USD",
    "cik": "0000019617",
    "fillingDate": "2009-08-10",
    "acceptedDate": "2009-08-10 15:46:09",
    "calendarYear": "2009",
    "period": "Q2",
    "revenue": 29502000000,
    "costOfRevenue": 11910000000,
    "grossProfit": 17592000000,
    "grossProfitRatio": 0.596298556,
    "researchAndDevelopmentExpenses": 0,
    "generalAndAdministrativeExpenses": 8073000000,
    "sellingAndMarketingExpenses": 417000000,
    "sellingGeneralAndAdministrativeExpenses": 8490000000,
    "otherExpenses": 5030000000,
    "operatingExpenses": 13520000000,
    "costAndExpenses": 25430000000,
    "interestIncome": 16549000000,
    "interestExpense": 3879000000,
    "depreciationAndAmortization": 1063000000,
    "ebitda": 5135000000,
    "ebitdaratio": 0.1740559962,
    "operatingIncome": 4072000000,
    "operatingIncomeRatio": 0.1380245407,
    "totalOtherIncomeExpensesNet": 0,
    "incomeBeforeTax": 4072000000,
    "incomeBeforeTaxRatio": 0.1380245407,
    "incomeTaxExpense": 1351000000,
    "netIncome": 2721000000,
    "netIncomeRatio": 0.0922310352,
    "eps": 0.28,
    "epsdiluted": 0.28,
    "weightedAverageShsOut": 3811500000,
    "weightedAverageShsOutDil": 3824100000,
    "link": "https://www.sec.gov/Archives/edgar/data/19617/000095012309032832/0000950123-09-032832-index.html",
    "finalLink": "https://www.sec.gov/Archives/edgar/data/19617/000095012309032832/y78644e10vq.htm"
  },
  {
    "date": "2009-03-31",
    "symbol": "JPM",
    "reportedCurrency": "USD",
    "cik": "0000019617",
    "fillingDate": "2009-05-07",
    "acceptedDate": "2009-05-07 16:42:52",
    "calendarYear": "2009",
    "period": "Q1",
    "revenue": 29584000000,
    "costOfRevenue": 13155000000,
    "grossProfit": 16429000000,
    "grossProfitRatio": 0.5553339643,
    "researchAndDevelopmentExpenses": 0,
    "generalAndAdministrativeExpenses": 8734000000,
    "sellingAndMarketingExpenses": 384000000,
    "sellingGeneralAndAdministrativeExpenses": 9118000000,
    "otherExpenses": 4255000000,
    "operatingExpenses": 13373000000,
    "costAndExpenses": 26528000000,
    "interestIncome": 17926000000,
    "interestExpense": 4559000000,
    "depreciationAndAmortization": 686000000,
    "ebitda": 3742000000,
    "ebitdaratio": 0.1264872904,
    "operatingIncome": 3056000000,
    "operatingIncomeRatio": 0.1032990806,
    "totalOtherIncomeExpensesNet": 0,
    "incomeBeforeTax": 3056000000,
    "incomeBeforeTaxRatio": 0.1032990806,
    "incomeTaxExpense": 915000000,
    "netIncome": 2141000000,
    "netIncomeRatio": 0.0723702001,
    "eps": 0.4,
    "epsdiluted": 0.4,
    "weightedAverageShsOut": 3755700000,
    "weightedAverageShsOutDil": 3758700000,
    "link": "https://www.sec.gov/Archives/edgar/data/19617/000095012309008271/0000950123-09-008271-index.html",
    "finalLink": "https://www.sec.gov/Archives/edgar/data/19617/000095012309008271/y76962e10vq.htm"
  },
  {
    "date": "2008-12-31",
    "symbol": "JPM",
    "reportedCurrency": "USD",
    "cik": "0000019617",
    "fillingDate": "2009-03-02",
    "acceptedDate": "2009-03-02 16:12:08",
    "calendarYear": "2008",
    "period": "Q4",
    "revenue": 25025000000,
    "costOfRevenue": 15112000000,
    "grossProfit": 9913000000,
    "grossProfitRatio": 0.3961238761,
    "researchAndDevelopmentExpenses": 0,
    "generalAndAdministrativeExpenses": 5024000000,
    "sellingAndMarketingExpenses": 501000000,
    "sellingGeneralAndAdministrativeExpenses": 5525000000,
    "otherExpenses": 5730000000,
    "operatingExpenses": 11255000000,
    "costAndExpenses": 26367000000,
    "interestIncome": 21631000000,
    "interestExpense": 7799000000,
    "depreciationAndAmortization": 1156000000,
    "ebitda": -186000000,
    "ebitdaratio": -0.0074325674,
    "operatingIncome": -1342000000,
    "operatingIncomeRatio": -0.0536263736,
    "totalOtherIncomeExpensesNet": 0,
    "incomeBeforeTax": -1342000000,
    "incomeBeforeTaxRatio": -0.0536263736,
    "incomeTaxExpense": -719000000,
    "netIncome": 702000000,
    "netIncomeRatio": 0.0280519481,
    "eps": 0.03,
    "epsdiluted": 0.02,
    "weightedAverageShsOut": 3737500000,
    "weightedAverageShsOutDil": 3737500000,
    "link": "https://www.sec.gov/Archives/edgar/data/19617/000095012309003840/0000950123-09-003840-index.html",
    "finalLink": "https://www.sec.gov/Archives/edgar/data/19617/000095012309003840/y74757e10vk.htm"
  },
  {
    "date": "2008-09-30",
    "symbol": "JPM",
    "reportedCurrency": "USD",
    "cik": "0000019617",
    "fillingDate": "2008-11-07",
    "acceptedDate": "2008-11-06 21:44:29",
    "calendarYear": "2008",
    "period": "Q3",
    "revenue": 23069000000,
    "costOfRevenue": 14119000000,
    "grossProfit": 8950000000,
    "grossProfitRatio": 0.3879665352,
    "researchAndDevelopmentExpenses": 0,
    "generalAndAdministrativeExpenses": 6970000000,
    "sellingAndMarketingExpenses": 453000000,
    "sellingGeneralAndAdministrativeExpenses": 7423000000,
    "otherExpenses": 3714000000,
    "operatingExpenses": 11137000000,
    "costAndExpenses": 25256000000,
    "interestIncome": 17326000000,
    "interestExpense": 8332000000,
    "depreciationAndAmortization": 1115000000,
    "ebitda": -1072000000,
    "ebitdaratio": -0.0464692878,
    "operatingIncome": -2187000000,
    "operatingIncomeRatio": -0.0948025489,
    "totalOtherIncomeExpensesNet": 0,
    "incomeBeforeTax": -2187000000,
    "incomeBeforeTaxRatio": -0.0948025489,
    "incomeTaxExpense": -2133000000,
    "netIncome": 527000000,
    "netIncomeRatio": 0.0228445099,
    "eps": 0.1,
    "epsdiluted": 0.09,
    "weightedAverageShsOut": 3411100000,
    "weightedAverageShsOutDil": 3512900000,
    "link": "https://www.sec.gov/Archives/edgar/data/19617/000095012308014621/0000950123-08-014621-index.html",
    "finalLink": "https://www.sec.gov/Archives/edgar/data/19617/000095012308014621/y72204e10vq.htm"
  },
  {
    "date": "2008-06-30",
    "symbol": "JPM",
    "reportedCurrency": "USD",
    "cik": "0000019617",
    "fillingDate": "2008-08-11",
    "acceptedDate": "2008-08-11 16:31:20",
    "calendarYear": "2008",
    "period": "Q2",
    "revenue": 26634000000,
    "costOfRevenue": 11690000000,
    "grossProfit": 14944000000,
    "grossProfitRatio": 0.561087332,
    "researchAndDevelopmentExpenses": 0,
    "generalAndAdministrativeExpenses": 7941000000,
    "sellingAndMarketingExpenses": 413000000,
    "sellingGeneralAndAdministrativeExpenses": 8354000000,
    "otherExpenses": 3823000000,
    "operatingExpenses": 12177000000,
    "costAndExpenses": 23867000000,
    "interestIncome": 16529000000,
    "interestExpense": 8235000000,
    "depreciationAndAmortization": 1212000000,
    "ebitda": 3979000000,
    "ebitdaratio": 0.1493955095,
    "operatingIncome": 2767000000,
    "operatingIncomeRatio": 0.103889765,
    "totalOtherIncomeExpensesNet": 0,
    "incomeBeforeTax": 2767000000,
    "incomeBeforeTaxRatio": 0.103889765,
    "incomeTaxExpense": 764000000,
    "netIncome": 2003000000,
    "netIncomeRatio": 0.0752046257,
    "eps": 0.54,
    "epsdiluted": 0.53,
    "weightedAverageShsOut": 3426200000,
    "weightedAverageShsOutDil": 3453100000,
    "link": "https://www.sec.gov/Archives/edgar/data/19617/000095012308009300/0000950123-08-009300-index.html",
    "finalLink": "https://www.sec.gov/Archives/edgar/data/19617/000095012308009300/y63389e10vq.htm"
  },
  {
    "date": "2008-03-31",
    "symbol": "JPM",
    "reportedCurrency": "USD",
    "cik": "0000019617",
    "fillingDate": "2008-05-12",
    "acceptedDate": "2008-05-12 16:44:31",
    "calendarYear": "2008",
    "period": "Q1",
    "revenue": 26763000000,
    "costOfRevenue": 14297000000,
    "grossProfit": 12466000000,
    "grossProfitRatio": 0.4657923252,
    "researchAndDevelopmentExpenses": 0,
    "generalAndAdministrativeExpenses": 4951000000,
    "sellingAndMarketingExpenses": 546000000,
    "sellingGeneralAndAdministrativeExpenses": 5497000000,
    "otherExpenses": 3434000000,
    "operatingExpenses": 8931000000,
    "costAndExpenses": 23228000000,
    "interestIncome": 17532000000,
    "interestExpense": 9873000000,
    "depreciationAndAmortization": 923000000,
    "ebitda": 4458000000,
    "ebitdaratio": 0.1665732541,
    "operatingIncome": 3535000000,
    "operatingIncomeRatio": 0.1320853417,
    "totalOtherIncomeExpensesNet": 0,
    "incomeBeforeTax": 3535000000,
    "incomeBeforeTaxRatio": 0.1320853417,
    "incomeTaxExpense": 1162000000,
    "netIncome": 2373000000,
    "netIncomeRatio": 0.0886671898,
    "eps": 0.7,
    "epsdiluted": 0.68,
    "weightedAverageShsOut": 3396000000,
    "weightedAverageShsOutDil": 3494700000,
    "link": "https://www.sec.gov/Archives/edgar/data/19617/000095012308005523/0000950123-08-005523-index.html",
    "finalLink": "https://www.sec.gov/Archives/edgar/data/19617/000095012308005523/y54617e10vq.htm"
  },
  {
    "date": "2007-12-31",
    "symbol": "JPM",
    "reportedCurrency": "USD",
    "cik": "0000019617",
    "fillingDate": "2008-02-29",
    "acceptedDate": "2008-02-29 15:24:16",
    "calendarYear": "2007",
    "period": "Q4",
    "revenue": 28780000000,
    "costOfRevenue": 13938000000,
    "grossProfit": 14842000000,
    "grossProfitRatio": 0.5157053509,
    "researchAndDevelopmentExpenses": 0,
    "generalAndAdministrativeExpenses": 5469000000,
    "sellingAndMarketingExpenses": 570000000,
    "sellingGeneralAndAdministrativeExpenses": 6039000000,
    "otherExpenses": 4681000000,
    "operatingExpenses": 10720000000,
    "costAndExpenses": 24658000000,
    "interestIncome": 18043000000,
    "interestExpense": 11396000000,
    "depreciationAndAmortization": 1061000000,
    "ebitda": 5183000000,
    "ebitdaratio": 0.1800903405,
    "operatingIncome": 4122000000,
    "operatingIncomeRatio": 0.1432244614,
    "totalOtherIncomeExpensesNet": 0,
    "incomeBeforeTax": 4122000000,
    "incomeBeforeTaxRatio": 0.1432244614,
    "incomeTaxExpense": 1151000000,
    "netIncome": 2971000000,
    "netIncomeRatio": 0.1032314107,
    "eps": 0.87,
    "epsdiluted": 0.87,
    "weightedAverageShsOut": 3367000000,
    "weightedAverageShsOutDil": 3396000000,
    "link": "https://www.sec.gov/Archives/edgar/data/19617/000119312508043536/d10k.htm",
    "finalLink": "https://www.sec.gov/Archives/edgar/data/19617/000119312508043536/d10k.htm"
  },
  {
    "date": "2007-09-30",
    "symbol": "JPM",
    "reportedCurrency": "USD",
    "cik": "0000019617",
    "fillingDate": "2007-11-09",
    "acceptedDate": "2007-11-09 14:20:08",
    "calendarYear": "2007",
    "period": "Q3",
    "revenue": 28005000000,
    "costOfRevenue": 13678000000,
    "grossProfit": 14327000000,
    "grossProfitRatio": 0.5115872166,
    "researchAndDevelopmentExpenses": 0,
    "generalAndAdministrativeExpenses": 4677000000,
    "sellingAndMarketingExpenses": 561000000,
    "sellingGeneralAndAdministrativeExpenses": 5238000000,
    "otherExpenses": 4089000000,
    "operatingExpenses": 9327000000,
    "costAndExpenses": 23005000000,
    "interestIncome": 18806000000,
    "interestExpense": 11893000000,
    "depreciationAndAmortization": 957000000,
    "ebitda": 5957000000,
    "ebitdaratio": 0.2127120157,
    "operatingIncome": 5000000000,
    "operatingIncomeRatio": 0.1785395465,
    "totalOtherIncomeExpensesNet": 0,
    "incomeBeforeTax": 5000000000,
    "incomeBeforeTaxRatio": 0.1785395465,
    "incomeTaxExpense": 1627000000,
    "netIncome": 3373000000,
    "netIncomeRatio": 0.1204427781,
    "eps": 1,
    "epsdiluted": 0.97,
    "weightedAverageShsOut": 3375900000,
    "weightedAverageShsOutDil": 3477700000,
    "link": "https://www.sec.gov/Archives/edgar/data/19617/000095012307015226/0000950123-07-015226-index.html",
    "finalLink": "https://www.sec.gov/Archives/edgar/data/19617/000095012307015226/y41905e10vq.htm"
  },
  {
    "date": "2007-06-30",
    "symbol": "JPM",
    "reportedCurrency": "USD",
    "cik": "0000019617",
    "fillingDate": "2007-08-09",
    "acceptedDate": "2007-08-08 20:42:17",
    "calendarYear": "2007",
    "period": "Q2",
    "revenue": 30082000000,
    "costOfRevenue": 12703000000,
    "grossProfit": 17379000000,
    "grossProfitRatio": 0.5777208962,
    "researchAndDevelopmentExpenses": 0,
    "generalAndAdministrativeExpenses": 6309000000,
    "sellingAndMarketingExpenses": 457000000,
    "sellingGeneralAndAdministrativeExpenses": 6766000000,
    "otherExpenses": 4262000000,
    "operatingExpenses": 11028000000,
    "costAndExpenses": 23731000000,
    "interestIncome": 17342000000,
    "interestExpense": 11174000000,
    "depreciationAndAmortization": 927000000,
    "ebitda": 7278000000,
    "ebitdaratio": 0.2419387009,
    "operatingIncome": 6351000000,
    "operatingIncomeRatio": 0.2111229307,
    "totalOtherIncomeExpensesNet": 0,
    "incomeBeforeTax": 6351000000,
    "incomeBeforeTaxRatio": 0.2111229307,
    "incomeTaxExpense": 2117000000,
    "netIncome": 4234000000,
    "netIncomeRatio": 0.1407486204,
    "eps": 1.24,
    "epsdiluted": 1.2,
    "weightedAverageShsOut": 3415100000,
    "weightedAverageShsOutDil": 3521600000,
    "link": "https://www.sec.gov/Archives/edgar/data/19617/000095012307011115/0000950123-07-011115-index.html",
    "finalLink": "https://www.sec.gov/Archives/edgar/data/19617/000095012307011115/y38001e10vq.htm"
  },
  {
    "date": "2007-03-31",
    "symbol": "JPM",
    "reportedCurrency": "USD",
    "cik": "0000019617",
    "fillingDate": "2007-05-10",
    "acceptedDate": "2007-05-10 14:49:06",
    "calendarYear": "2007",
    "period": "Q1",
    "revenue": 29486000000,
    "costOfRevenue": 11526000000,
    "grossProfit": 17960000000,
    "grossProfitRatio": 0.609102625,
    "researchAndDevelopmentExpenses": 0,
    "generalAndAdministrativeExpenses": 6234000000,
    "sellingAndMarketingExpenses": 482000000,
    "sellingGeneralAndAdministrativeExpenses": 6716000000,
    "otherExpenses": 3912000000,
    "operatingExpenses": 10628000000,
    "costAndExpenses": 22154000000,
    "interestIncome": 16636000000,
    "interestExpense": 10518000000,
    "depreciationAndAmortization": 876000000,
    "ebitda": 8208000000,
    "ebitdaratio": 0.2783693956,
    "operatingIncome": 7332000000,
    "operatingIncomeRatio": 0.2486603812,
    "totalOtherIncomeExpensesNet": 0,
    "incomeBeforeTax": 7332000000,
    "incomeBeforeTaxRatio": 0.2486603812,
    "incomeTaxExpense": 2545000000,
    "netIncome": 4787000000,
    "netIncomeRatio": 0.1623482331,
    "eps": 1.38,
    "epsdiluted": 1.34,
    "weightedAverageShsOut": 3456400000,
    "weightedAverageShsOutDil": 3559500000,
    "link": "https://www.sec.gov/Archives/edgar/data/19617/000095012307007195/0000950123-07-007195-index.html",
    "finalLink": "https://www.sec.gov/Archives/edgar/data/19617/000095012307007195/y34487e10vq.htm"
  },
  {
    "date": "2006-12-31",
    "symbol": "JPM",
    "reportedCurrency": "USD",
    "cik": "0000019617",
    "fillingDate": "2007-03-01",
    "acceptedDate": "2007-03-01 14:41:44",
    "calendarYear": "2006",
    "period": "Q4",
    "revenue": 27055000000,
    "costOfRevenue": 12135000000,
    "grossProfit": 14920000000,
    "grossProfitRatio": 0.5514692293,
    "researchAndDevelopmentExpenses": 0,
    "generalAndAdministrativeExpenses": 4985000000,
    "sellingAndMarketingExpenses": 614000000,
    "sellingGeneralAndAdministrativeExpenses": 5599000000,
    "otherExpenses": 4147000000,
    "operatingExpenses": 9746000000,
    "costAndExpenses": 21881000000,
    "interestIncome": 16693000000,
    "interestExpense": 11001000000,
    "depreciationAndAmortization": 997000000,
    "ebitda": 6171000000,
    "ebitdaratio": 0.2280909259,
    "operatingIncome": 5174000000,
    "operatingIncomeRatio": 0.1912400665,
    "totalOtherIncomeExpensesNet": 0,
    "incomeBeforeTax": 5174000000,
    "incomeBeforeTaxRatio": 0.1912400665,
    "incomeTaxExpense": 1268000000,
    "netIncome": 4526000000,
    "netIncomeRatio": 0.167288856,
    "eps": 1.31,
    "epsdiluted": 1.31,
    "weightedAverageShsOut": 3456400000,
    "weightedAverageShsOutDil": 3456400000,
    "link": "https://www.sec.gov/Archives/edgar/data/19617/000095012307003015/y30834e10vk.htm",
    "finalLink": "https://www.sec.gov/Archives/edgar/data/19617/000095012307003015/y30834e10vk.htm"
  },
  {
    "date": "2006-09-30",
    "symbol": "JPM",
    "reportedCurrency": "USD",
    "cik": "0000019617",
    "fillingDate": "2006-11-08",
    "acceptedDate": "2006-11-08 16:48:18",
    "calendarYear": "2006",
    "period": "Q3",
    "revenue": 25323000000,
    "costOfRevenue": 10590000000,
    "grossProfit": 14733000000,
    "grossProfitRatio": 0.5818031039,
    "researchAndDevelopmentExpenses": 0,
    "generalAndAdministrativeExpenses": 5390000000,
    "sellingAndMarketingExpenses": 550000000,
    "sellingGeneralAndAdministrativeExpenses": 5940000000,
    "otherExpenses": 3856000000,
    "operatingExpenses": 9796000000,
    "costAndExpenses": 20386000000,
    "interestIncome": 15157000000,
    "interestExpense": 9778000000,
    "depreciationAndAmortization": 860000000,
    "ebitda": 5797000000,
    "ebitdaratio": 0.2289223236,
    "operatingIncome": 4937000000,
    "operatingIncomeRatio": 0.1949611026,
    "totalOtherIncomeExpensesNet": 0,
    "incomeBeforeTax": 4937000000,
    "incomeBeforeTaxRatio": 0.1949611026,
    "incomeTaxExpense": 1705000000,
    "netIncome": 3297000000,
    "netIncomeRatio": 0.1301978439,
    "eps": 0.95,
    "epsdiluted": 0.92,
    "weightedAverageShsOut": 3468600000,
    "weightedAverageShsOutDil": 3574000000,
    "link": "https://www.sec.gov/Archives/edgar/data/19617/000095012306013738/y26732e10vq.htm",
    "finalLink": "https://www.sec.gov/Archives/edgar/data/19617/000095012306013738/y26732e10vq.htm"
  },
  {
    "date": "2006-06-30",
    "symbol": "JPM",
    "reportedCurrency": "USD",
    "cik": "0000019617",
    "fillingDate": "2006-08-09",
    "acceptedDate": "2006-08-09 14:31:54",
    "calendarYear": "2006",
    "period": "Q2",
    "revenue": 24379000000,
    "costOfRevenue": 9932000000,
    "grossProfit": 14447000000,
    "grossProfitRatio": 0.5926001887,
    "researchAndDevelopmentExpenses": 0,
    "generalAndAdministrativeExpenses": 5268000000,
    "sellingAndMarketingExpenses": 526000000,
    "sellingGeneralAndAdministrativeExpenses": 5794000000,
    "otherExpenses": 3442000000,
    "operatingExpenses": 9236000000,
    "costAndExpenses": 19168000000,
    "interestIncome": 14617000000,
    "interestExpense": 9439000000,
    "depreciationAndAmortization": 883000000,
    "ebitda": 6094000000,
    "ebitdaratio": 0.2499692358,
    "operatingIncome": 5211000000,
    "operatingIncomeRatio": 0.2137495385,
    "totalOtherIncomeExpensesNet": 0,
    "incomeBeforeTax": 5211000000,
    "incomeBeforeTaxRatio": 0.2137495385,
    "incomeTaxExpense": 1727000000,
    "netIncome": 3540000000,
    "netIncomeRatio": 0.1452069404,
    "eps": 1.02,
    "epsdiluted": 0.99,
    "weightedAverageShsOut": 3473800000,
    "weightedAverageShsOutDil": 3572200000,
    "link": "https://www.sec.gov/Archives/edgar/data/19617/000095012306010232/y23982e10vq.htm",
    "finalLink": "https://www.sec.gov/Archives/edgar/data/19617/000095012306010232/y23982e10vq.htm"
  },
  {
    "date": "2006-03-31",
    "symbol": "JPM",
    "reportedCurrency": "USD",
    "cik": "0000019617",
    "fillingDate": "2006-05-08",
    "acceptedDate": "2006-05-08 17:18:20",
    "calendarYear": "2006",
    "period": "Q1",
    "revenue": 23477000000,
    "costOfRevenue": 9072000000,
    "grossProfit": 14405000000,
    "grossProfitRatio": 0.6135792478,
    "researchAndDevelopmentExpenses": 0,
    "generalAndAdministrativeExpenses": 5600000000,
    "sellingAndMarketingExpenses": 519000000,
    "sellingGeneralAndAdministrativeExpenses": 6119000000,
    "otherExpenses": 3633000000,
    "operatingExpenses": 9752000000,
    "costAndExpenses": 18824000000,
    "interestIncome": 13301000000,
    "interestExpense": 8241000000,
    "depreciationAndAmortization": 837000000,
    "ebitda": 5490000000,
    "ebitdaratio": 0.2338458917,
    "operatingIncome": 4653000000,
    "operatingIncomeRatio": 0.1981939771,
    "totalOtherIncomeExpensesNet": 0,
    "incomeBeforeTax": 4653000000,
    "incomeBeforeTaxRatio": 0.1981939771,
    "incomeTaxExpense": 1572000000,
    "netIncome": 3081000000,
    "netIncomeRatio": 0.1312348256,
    "eps": 0.89,
    "epsdiluted": 0.86,
    "weightedAverageShsOut": 3472700000,
    "weightedAverageShsOutDil": 3570800000,
    "link": "https://www.sec.gov/Archives/edgar/data/19617/000095012306005892/0000950123-06-005892-index.htm",
    "finalLink": "https://www.sec.gov/Archives/edgar/data/19617/000095012306005892/y20814e10vq.htm"
  },
  {
    "date": "2005-12-31",
    "symbol": "JPM",
    "reportedCurrency": "USD",
    "cik": "0000019617",
    "fillingDate": "2006-03-09",
    "acceptedDate": "2006-03-09 17:01:17",
    "calendarYear": "2005",
    "period": "Q4",
    "revenue": 21109000000,
    "costOfRevenue": 8655000000,
    "grossProfit": 12454000000,
    "grossProfitRatio": 0.5899853143,
    "researchAndDevelopmentExpenses": 0,
    "generalAndAdministrativeExpenses": 4286000000,
    "sellingAndMarketingExpenses": 2692000000,
    "sellingGeneralAndAdministrativeExpenses": 6978000000,
    "otherExpenses": 1557000000,
    "operatingExpenses": 8535000000,
    "costAndExpenses": 17190000000,
    "interestIncome": 12184000000,
    "interestExpense": 7431000000,
    "depreciationAndAmortization": 1063000000,
    "ebitda": 4982000000,
    "ebitdaratio": 0.236013075,
    "operatingIncome": 3919000000,
    "operatingIncomeRatio": 0.1856554076,
    "totalOtherIncomeExpensesNet": 0,
    "incomeBeforeTax": 3919000000,
    "incomeBeforeTaxRatio": 0.1856554076,
    "incomeTaxExpense": 1221000000,
    "netIncome": 2698000000,
    "netIncomeRatio": 0.1278127813,
    "eps": 0.78,
    "epsdiluted": 0.78,
    "weightedAverageShsOut": 3472700000,
    "weightedAverageShsOutDil": 3472700000,
    "link": "https://www.sec.gov/Archives/edgar/data/19617/000095012306002875/0000950123-06-002875-index.htm",
    "finalLink": "https://www.sec.gov/Archives/edgar/data/19617/000095012306002875/y17599e10vk.htm"
  },
  {
    "date": "2005-09-30",
    "symbol": "JPM",
    "reportedCurrency": "USD",
    "cik": "0000019617",
    "fillingDate": "2005-11-09",
    "acceptedDate": "2005-11-08 20:32:04",
    "calendarYear": "2005",
    "period": "Q3",
    "revenue": 20772000000,
    "costOfRevenue": 7752000000,
    "grossProfit": 13020000000,
    "grossProfitRatio": 0.6268053148,
    "researchAndDevelopmentExpenses": 0,
    "generalAndAdministrativeExpenses": 4954000000,
    "sellingAndMarketingExpenses": 512000000,
    "sellingGeneralAndAdministrativeExpenses": 5466000000,
    "otherExpenses": 3893000000,
    "operatingExpenses": 9359000000,
    "costAndExpenses": 17111000000,
    "interestIncome": 11290000000,
    "interestExpense": 6507000000,
    "depreciationAndAmortization": 1034000000,
    "ebitda": 4695000000,
    "ebitdaratio": 0.2260254188,
    "operatingIncome": 3661000000,
    "operatingIncomeRatio": 0.1762468708,
    "totalOtherIncomeExpensesNet": 0,
    "incomeBeforeTax": 3661000000,
    "incomeBeforeTaxRatio": 0.1762468708,
    "incomeTaxExpense": 1192000000,
    "netIncome": 2527000000,
    "netIncomeRatio": 0.1216541498,
    "eps": 0.73,
    "epsdiluted": 0.71,
    "weightedAverageShsOut": 3485000000,
    "weightedAverageShsOutDil": 3547700000,
    "link": "https://www.sec.gov/Archives/edgar/data/19617/000095012305013293/y14221e10vq.htm",
    "finalLink": "https://www.sec.gov/Archives/edgar/data/19617/000095012305013293/y14221e10vq.htm"
  },
  {
    "date": "2005-06-30",
    "symbol": "JPM",
    "reportedCurrency": "USD",
    "cik": "0000019617",
    "fillingDate": "2005-08-08",
    "acceptedDate": "2005-08-08 15:23:21",
    "calendarYear": "2005",
    "period": "Q2",
    "revenue": 18432000000,
    "costOfRevenue": 6471000000,
    "grossProfit": 11961000000,
    "grossProfitRatio": 0.6489257813,
    "researchAndDevelopmentExpenses": 0,
    "generalAndAdministrativeExpenses": 4220000000,
    "sellingAndMarketingExpenses": 537000000,
    "sellingGeneralAndAdministrativeExpenses": 4757000000,
    "otherExpenses": 6041000000,
    "operatingExpenses": 10798000000,
    "costAndExpenses": 17269000000,
    "interestIncome": 10816000000,
    "interestExpense": 5884000000,
    "depreciationAndAmortization": 1056000000,
    "ebitda": 2219000000,
    "ebitdaratio": 0.1203884549,
    "operatingIncome": 1163000000,
    "operatingIncomeRatio": 0.0630967882,
    "totalOtherIncomeExpensesNet": 0,
    "incomeBeforeTax": 1163000000,
    "incomeBeforeTaxRatio": 0.0630967882,
    "incomeTaxExpense": 226000000,
    "netIncome": 994000000,
    "netIncomeRatio": 0.0539279514,
    "eps": 0.28,
    "epsdiluted": 0.28,
    "weightedAverageShsOut": 3493000000,
    "weightedAverageShsOutDil": 3548300000,
    "link": "https://www.sec.gov/Archives/edgar/data/19617/000095012305009556/y11464e10vq.htm",
    "finalLink": "https://www.sec.gov/Archives/edgar/data/19617/000095012305009556/y11464e10vq.htm"
  },
  {
    "date": "2005-03-31",
    "symbol": "JPM",
    "reportedCurrency": "USD",
    "cik": "0000019617",
    "fillingDate": "2005-05-05",
    "acceptedDate": "2005-05-05 17:05:12",
    "calendarYear": "2005",
    "period": "Q1",
    "revenue": 19054000000,
    "costOfRevenue": 5834000000,
    "grossProfit": 13220000000,
    "grossProfitRatio": 0.6938175711,
    "researchAndDevelopmentExpenses": 0,
    "generalAndAdministrativeExpenses": 4702000000,
    "sellingAndMarketingExpenses": 483000000,
    "sellingGeneralAndAdministrativeExpenses": 5185000000,
    "otherExpenses": 4752000000,
    "operatingExpenses": 9937000000,
    "costAndExpenses": 15771000000,
    "interestIncome": 10632000000,
    "interestExpense": 5407000000,
    "depreciationAndAmortization": 1165000000,
    "ebitda": 4448000000,
    "ebitdaratio": 0.233441797,
    "operatingIncome": 3283000000,
    "operatingIncomeRatio": 0.1722997796,
    "totalOtherIncomeExpensesNet": 0,
    "incomeBeforeTax": 3283000000,
    "incomeBeforeTaxRatio": 0.1722997796,
    "incomeTaxExpense": 1019000000,
    "netIncome": 2264000000,
    "netIncomeRatio": 0.1188201952,
    "eps": 0.64,
    "epsdiluted": 0.63,
    "weightedAverageShsOut": 3517500000,
    "weightedAverageShsOutDil": 3569800000,
    "link": "https://www.sec.gov/Archives/edgar/data/19617/000095012305002539/y05475e10vk.htm",
    "finalLink": "https://www.sec.gov/Archives/edgar/data/19617/000095012305002539/y05475e10vk.htm"
  },
  {
    "date": "2004-12-31",
    "symbol": "JPM",
    "reportedCurrency": "USD",
    "cik": "0000019617",
    "fillingDate": "2005-03-02",
    "acceptedDate": "2005-03-02 16:42:32",
    "calendarYear": "2004",
    "period": "Q4",
    "revenue": 17483000000,
    "costOfRevenue": 5690000000,
    "grossProfit": 11793000000,
    "grossProfitRatio": 0.6745409827,
    "researchAndDevelopmentExpenses": 0,
    "generalAndAdministrativeExpenses": 4211000000,
    "sellingAndMarketingExpenses": 428000000,
    "sellingGeneralAndAdministrativeExpenses": 4639000000,
    "otherExpenses": 4747000000,
    "operatingExpenses": 9386000000,
    "costAndExpenses": 15076000000,
    "interestIncome": 9862000000,
    "interestExpense": 4533000000,
    "depreciationAndAmortization": 1231000000,
    "ebitda": 3638000000,
    "ebitdaratio": 0.2080878568,
    "operatingIncome": 2407000000,
    "operatingIncomeRatio": 0.1376766001,
    "totalOtherIncomeExpensesNet": 0,
    "incomeBeforeTax": 2407000000,
    "incomeBeforeTaxRatio": 0.1376766001,
    "incomeTaxExpense": 741000000,
    "netIncome": 1666000000,
    "netIncomeRatio": 0.0952925699,
    "eps": 0.47,
    "epsdiluted": 0.47,
    "weightedAverageShsOut": 3517500000,
    "weightedAverageShsOutDil": 3517500000,
    "link": "https://www.sec.gov/Archives/edgar/data/19617/000095012305002539/0000950123-05-002539-index.htm",
    "finalLink": "https://www.sec.gov/Archives/edgar/data/19617/000095012305002539/y05475e10vk.htm"
  },
  {
    "date": "2004-09-30",
    "symbol": "JPM",
    "reportedCurrency": "USD",
    "cik": "0000019617",
    "fillingDate": "2004-11-09",
    "acceptedDate": "2004-11-09 16:31:02",
    "calendarYear": "2004",
    "period": "Q3",
    "revenue": 16546000000,
    "costOfRevenue": 5210000000,
    "grossProfit": 11336000000,
    "grossProfitRatio": 0.6851202708,
    "researchAndDevelopmentExpenses": 0,
    "generalAndAdministrativeExpenses": 4050000000,
    "sellingAndMarketingExpenses": 506000000,
    "sellingGeneralAndAdministrativeExpenses": 4556000000,
    "otherExpenses": 4821000000,
    "operatingExpenses": 9377000000,
    "costAndExpenses": 14587000000,
    "interestIncome": 9493000000,
    "interestExpense": 4041000000,
    "depreciationAndAmortization": 1171000000,
    "ebitda": 3130000000,
    "ebitdaratio": 0.1891695878,
    "operatingIncome": 1959000000,
    "operatingIncomeRatio": 0.1183971957,
    "totalOtherIncomeExpensesNet": 0,
    "incomeBeforeTax": 1959000000,
    "incomeBeforeTaxRatio": 0.1183971957,
    "incomeTaxExpense": 541000000,
    "netIncome": 1418000000,
    "netIncomeRatio": 0.0857004714,
    "eps": 0.4,
    "epsdiluted": 0.39,
    "weightedAverageShsOut": 3513500000,
    "weightedAverageShsOutDil": 3592000000,
    "link": "https://www.sec.gov/Archives/edgar/data/19617/000095012304013301/y68469e10vq.htm",
    "finalLink": "https://www.sec.gov/Archives/edgar/data/19617/000095012304013301/y68469e10vq.htm"
  },
  {
    "date": "2004-06-30",
    "symbol": "JPM",
    "reportedCurrency": "USD",
    "cik": "0000019617",
    "fillingDate": "2004-08-09",
    "acceptedDate": "2004-08-09 16:59:45",
    "calendarYear": "2004",
    "period": "Q2",
    "revenue": 11251000000,
    "costOfRevenue": 2823000000,
    "grossProfit": 8428000000,
    "grossProfitRatio": 0.7490889699,
    "researchAndDevelopmentExpenses": 0,
    "generalAndAdministrativeExpenses": 2943000000,
    "sellingAndMarketingExpenses": 202000000,
    "sellingGeneralAndAdministrativeExpenses": 3145000000,
    "otherExpenses": 6358000000,
    "operatingExpenses": 9503000000,
    "costAndExpenses": 12326000000,
    "interestIncome": 5614000000,
    "interestExpense": 2620000000,
    "depreciationAndAmortization": 671000000,
    "ebitda": -404000000,
    "ebitdaratio": -0.0359079193,
    "operatingIncome": -1075000000,
    "operatingIncomeRatio": -0.0955470625,
    "totalOtherIncomeExpensesNet": 0,
    "incomeBeforeTax": -1075000000,
    "incomeBeforeTaxRatio": -0.0955470625,
    "incomeTaxExpense": -527000000,
    "netIncome": -548000000,
    "netIncomeRatio": -0.0487067816,
    "eps": -0.27,
    "epsdiluted": -0.27,
    "weightedAverageShsOut": 2042800000,
    "weightedAverageShsOutDil": 2043000000,
    "link": "https://www.sec.gov/Archives/edgar/data/19617/000095012304009466/y99772e10vq.htm",
    "finalLink": "https://www.sec.gov/Archives/edgar/data/19617/000095012304009466/y99772e10vq.htm"
  },
  {
    "date": "2004-03-31",
    "symbol": "JPM",
    "reportedCurrency": "USD",
    "cik": "0000019617",
    "fillingDate": "2004-05-10",
    "acceptedDate": "2004-05-10 16:34:43",
    "calendarYear": "2004",
    "period": "Q1",
    "revenue": 11625000000,
    "costOfRevenue": 2663000000,
    "grossProfit": 8962000000,
    "grossProfitRatio": 0.7709247312,
    "researchAndDevelopmentExpenses": 0,
    "generalAndAdministrativeExpenses": 3370000000,
    "sellingAndMarketingExpenses": 199000000,
    "sellingGeneralAndAdministrativeExpenses": 3569000000,
    "otherExpenses": 2490000000,
    "operatingExpenses": 6059000000,
    "costAndExpenses": 8722000000,
    "interestIncome": 5478000000,
    "interestExpense": 2648000000,
    "depreciationAndAmortization": 762000000,
    "ebitda": 3665000000,
    "ebitdaratio": 0.3152688172,
    "operatingIncome": 2903000000,
    "operatingIncomeRatio": 0.2497204301,
    "totalOtherIncomeExpensesNet": 0,
    "incomeBeforeTax": 2903000000,
    "incomeBeforeTaxRatio": 0.2497204301,
    "incomeTaxExpense": 973000000,
    "netIncome": 1930000000,
    "netIncomeRatio": 0.1660215054,
    "eps": 0.94,
    "epsdiluted": 0.92,
    "weightedAverageShsOut": 2032000000,
    "weightedAverageShsOutDil": 2093000000,
    "link": "https://www.sec.gov/Archives/edgar/data/19617/000095012304002022/y94051e10vk.htm",
    "finalLink": "https://www.sec.gov/Archives/edgar/data/19617/000095012304002022/y94051e10vk.htm"
  },
  {
    "date": "2003-12-31",
    "symbol": "JPM",
    "reportedCurrency": "USD",
    "cik": "0000019617",
    "fillingDate": "2004-02-18",
    "acceptedDate": "2004-02-18 16:17:06",
    "calendarYear": "2003",
    "period": "Q4",
    "revenue": 10671000000,
    "costOfRevenue": 2742000000,
    "grossProfit": 7929000000,
    "grossProfitRatio": 0.7430418892,
    "researchAndDevelopmentExpenses": 0,
    "generalAndAdministrativeExpenses": 2577000000,
    "sellingAndMarketingExpenses": 200000000,
    "sellingGeneralAndAdministrativeExpenses": 2777000000,
    "otherExpenses": 2443000000,
    "operatingExpenses": 5220000000,
    "costAndExpenses": 7962000000,
    "interestIncome": 5614000000,
    "interestExpense": 2603000000,
    "depreciationAndAmortization": 761000000,
    "ebitda": 3470000000,
    "ebitdaratio": 0.3251803955,
    "operatingIncome": 2709000000,
    "operatingIncomeRatio": 0.2538656171,
    "totalOtherIncomeExpensesNet": 0,
    "incomeBeforeTax": 2709000000,
    "incomeBeforeTaxRatio": 0.2538656171,
    "incomeTaxExpense": 845000000,
    "netIncome": 1864000000,
    "netIncomeRatio": 0.1746790366,
    "eps": 0.92,
    "epsdiluted": 0.92,
    "weightedAverageShsOut": 2018000000,
    "weightedAverageShsOutDil": 2032000000,
    "link": "https://www.sec.gov/Archives/edgar/data/19617/000095012304002022/0000950123-04-002022-index.htm",
    "finalLink": "https://www.sec.gov/Archives/edgar/data/19617/000095012304002022/y94051e10vk.htm"
  },
  {
    "date": "2003-09-30",
    "symbol": "JPM",
    "reportedCurrency": "USD",
    "cik": "0000019617",
    "fillingDate": "2003-11-12",
    "acceptedDate": "2003-11-12 17:09:48",
    "calendarYear": "2003",
    "period": "Q3",
    "revenue": 10396000000,
    "costOfRevenue": 2871000000,
    "grossProfit": 7525000000,
    "grossProfitRatio": 0.7238360908,
    "researchAndDevelopmentExpenses": 0,
    "generalAndAdministrativeExpenses": 2713000000,
    "sellingAndMarketingExpenses": 179000000,
    "sellingGeneralAndAdministrativeExpenses": 2892000000,
    "otherExpenses": 2203000000,
    "operatingExpenses": 5095000000,
    "costAndExpenses": 7966000000,
    "interestIncome": 5696000000,
    "interestExpense": 2648000000,
    "depreciationAndAmortization": 190000000,
    "ebitda": 2620000000,
    "ebitdaratio": 0.2520200077,
    "operatingIncome": 2430000000,
    "operatingIncomeRatio": 0.2337437476,
    "totalOtherIncomeExpensesNet": 0,
    "incomeBeforeTax": 2430000000,
    "incomeBeforeTaxRatio": 0.2337437476,
    "incomeTaxExpense": 802000000,
    "netIncome": 1628000000,
    "netIncomeRatio": 0.1565986918,
    "eps": 0.8,
    "epsdiluted": 0.78,
    "weightedAverageShsOut": 2012000000,
    "weightedAverageShsOutDil": 2068000000,
    "link": "https://www.sec.gov/Archives/edgar/data/19617/000095012303012552/y91413e10vq.htm",
    "finalLink": "https://www.sec.gov/Archives/edgar/data/19617/000095012303012552/y91413e10vq.htm"
  },
  {
    "date": "2003-06-30",
    "symbol": "JPM",
    "reportedCurrency": "USD",
    "cik": "0000019617",
    "fillingDate": "2003-08-12",
    "acceptedDate": "2003-08-12 17:30:06",
    "calendarYear": "2003",
    "period": "Q2",
    "revenue": 11842000000,
    "costOfRevenue": 3243000000,
    "grossProfit": 8599000000,
    "grossProfitRatio": 0.7261442324,
    "researchAndDevelopmentExpenses": 0,
    "generalAndAdministrativeExpenses": 3231000000,
    "sellingAndMarketingExpenses": 167000000,
    "sellingGeneralAndAdministrativeExpenses": 3398000000,
    "otherExpenses": 2434000000,
    "operatingExpenses": 5832000000,
    "costAndExpenses": 9075000000,
    "interestIncome": 5871000000,
    "interestExpense": 2808000000,
    "depreciationAndAmortization": 1090000000,
    "ebitda": 3857000000,
    "ebitdaratio": 0.3257051174,
    "operatingIncome": 2767000000,
    "operatingIncomeRatio": 0.2336598548,
    "totalOtherIncomeExpensesNet": 0,
    "incomeBeforeTax": 2767000000,
    "incomeBeforeTaxRatio": 0.2336598548,
    "incomeTaxExpense": 940000000,
    "netIncome": 1827000000,
    "netIncomeRatio": 0.1542813714,
    "eps": 0.9,
    "epsdiluted": 0.89,
    "weightedAverageShsOut": 2006000000,
    "weightedAverageShsOutDil": 2051000000,
    "link": "https://www.sec.gov/Archives/edgar/data/19617/000095012303009298/y89003e10vq.htm",
    "finalLink": "https://www.sec.gov/Archives/edgar/data/19617/000095012303009298/y89003e10vq.htm"
  },
  {
    "date": "2003-03-31",
    "symbol": "JPM",
    "reportedCurrency": "USD",
    "cik": "0000019617",
    "fillingDate": "2003-05-14",
    "acceptedDate": "2003-05-14 11:15:59",
    "calendarYear": "2003",
    "period": "Q1",
    "revenue": 11454000000,
    "costOfRevenue": 3791000000,
    "grossProfit": 7663000000,
    "grossProfitRatio": 0.6690239218,
    "researchAndDevelopmentExpenses": 0,
    "generalAndAdministrativeExpenses": 3174000000,
    "sellingAndMarketingExpenses": 164000000,
    "sellingGeneralAndAdministrativeExpenses": 3338000000,
    "otherExpenses": 2203000000,
    "operatingExpenses": 5541000000,
    "costAndExpenses": 9332000000,
    "interestIncome": 6263000000,
    "interestExpense": 3048000000,
    "depreciationAndAmortization": 1060000000,
    "ebitda": 3182000000,
    "ebitdaratio": 0.2778068797,
    "operatingIncome": 2122000000,
    "operatingIncomeRatio": 0.1852627903,
    "totalOtherIncomeExpensesNet": 0,
    "incomeBeforeTax": 2122000000,
    "incomeBeforeTaxRatio": 0.1852627903,
    "incomeTaxExpense": 722000000,
    "netIncome": 1400000000,
    "netIncomeRatio": 0.1222280426,
    "eps": 0.69,
    "epsdiluted": 0.69,
    "weightedAverageShsOut": 2000000000,
    "weightedAverageShsOutDil": 2022000000,
    "link": "https://www.sec.gov/Archives/edgar/data/19617/000095012303002985/y83354e10vk.htm",
    "finalLink": "https://www.sec.gov/Archives/edgar/data/19617/000095012303002985/y83354e10vk.htm"
  },
  {
    "date": "2002-12-31",
    "symbol": "JPM",
    "reportedCurrency": "USD",
    "cik": "0000019617",
    "fillingDate": "2003-03-19",
    "acceptedDate": "2003-03-19 15:16:01",
    "calendarYear": "2002",
    "period": "Q4",
    "revenue": 10698000000,
    "costOfRevenue": 4124000000,
    "grossProfit": 6574000000,
    "grossProfitRatio": 0.6145073846,
    "researchAndDevelopmentExpenses": 0,
    "generalAndAdministrativeExpenses": 3032000000,
    "sellingAndMarketingExpenses": 220000000,
    "sellingGeneralAndAdministrativeExpenses": 3252000000,
    "otherExpenses": 3909000000,
    "operatingExpenses": 7161000000,
    "costAndExpenses": 11285000000,
    "interestIncome": 6184000000,
    "interestExpense": 3203000000,
    "depreciationAndAmortization": 1438000000,
    "ebitda": 851000000,
    "ebitdaratio": 0.079547579,
    "operatingIncome": -587000000,
    "operatingIncomeRatio": -0.0548700692,
    "totalOtherIncomeExpensesNet": 0,
    "incomeBeforeTax": -587000000,
    "incomeBeforeTaxRatio": -0.0548700692,
    "incomeTaxExpense": -200000000,
    "netIncome": -387000000,
    "netIncomeRatio": -0.036174986,
    "eps": -0.2,
    "epsdiluted": -0.19,
    "weightedAverageShsOut": 2000000000,
    "weightedAverageShsOutDil": 2000000000,
    "link": "https://www.sec.gov/Archives/edgar/data/19617/000095012303002985/0000950123-03-002985-index.htm",
    "finalLink": "https://www.sec.gov/Archives/edgar/data/19617/000095012303002985/y83354e10vk.htm"
  },
  {
    "date": "2002-09-30",
    "symbol": "JPM",
    "reportedCurrency": "USD",
    "cik": "0000019617",
    "fillingDate": "2002-11-14",
    "acceptedDate": "2002-11-14 15:13:16",
    "calendarYear": "2002",
    "period": "Q3",
    "revenue": 10527000000,
    "costOfRevenue": 5416000000,
    "grossProfit": 5111000000,
    "grossProfitRatio": 0.4855134416,
    "researchAndDevelopmentExpenses": 0,
    "generalAndAdministrativeExpenses": 2367000000,
    "sellingAndMarketingExpenses": 179000000,
    "sellingGeneralAndAdministrativeExpenses": 2546000000,
    "otherExpenses": 2505000000,
    "operatingExpenses": 5051000000,
    "costAndExpenses": 10467000000,
    "interestIncome": 6316000000,
    "interestExpense": 3580000000,
    "depreciationAndAmortization": 529000000,
    "ebitda": 589000000,
    "ebitdaratio": 0.0559513632,
    "operatingIncome": 60000000,
    "operatingIncomeRatio": 0.0056996295,
    "totalOtherIncomeExpensesNet": 0,
    "incomeBeforeTax": 60000000,
    "incomeBeforeTaxRatio": 0.0056996295,
    "incomeTaxExpense": 20000000,
    "netIncome": 40000000,
    "netIncomeRatio": 0.003799753,
    "eps": 0.01,
    "epsdiluted": 0.01,
    "weightedAverageShsOut": 1986000000,
    "weightedAverageShsOutDil": 2006000000,
    "link": "https://www.sec.gov/Archives/edgar/data/19617/000095012302010925/0000950123-02-010925-index.html",
    "finalLink": "https://www.sec.gov/Archives/edgar/data/19617/000095012302010925/y65372e10vq.htm"
  },
  {
    "date": "2002-06-30",
    "symbol": "JPM",
    "reportedCurrency": "USD",
    "cik": "0000019617",
    "fillingDate": "2002-08-12",
    "acceptedDate": "2002-08-12 15:21:40",
    "calendarYear": "2002",
    "period": "Q2",
    "revenue": 11190000000,
    "costOfRevenue": 4437000000,
    "grossProfit": 6753000000,
    "grossProfitRatio": 0.6034852547,
    "researchAndDevelopmentExpenses": 0,
    "generalAndAdministrativeExpenses": 2761000000,
    "sellingAndMarketingExpenses": 144000000,
    "sellingGeneralAndAdministrativeExpenses": 2905000000,
    "otherExpenses": 2289000000,
    "operatingExpenses": 5194000000,
    "costAndExpenses": 9631000000,
    "interestIncome": 6498000000,
    "interestExpense": 3616000000,
    "depreciationAndAmortization": 828000000,
    "ebitda": 2387000000,
    "ebitdaratio": 0.2133154602,
    "operatingIncome": 1559000000,
    "operatingIncomeRatio": 0.1393208222,
    "totalOtherIncomeExpensesNet": 0,
    "incomeBeforeTax": 1559000000,
    "incomeBeforeTaxRatio": 0.1393208222,
    "incomeTaxExpense": 531000000,
    "netIncome": 1028000000,
    "netIncomeRatio": 0.0918677391,
    "eps": 0.51,
    "epsdiluted": 0.5,
    "weightedAverageShsOut": 1982600000,
    "weightedAverageShsOutDil": 2016000000,
    "link": "https://www.sec.gov/Archives/edgar/data/19617/000095012302007716/0000950123-02-007716-index.html",
    "finalLink": "https://www.sec.gov/Archives/edgar/data/19617/000095012302007716/y62811e10vq.htm"
  },
  {
    "date": "2002-03-31",
    "symbol": "JPM",
    "reportedCurrency": "USD",
    "cik": "0000019617",
    "fillingDate": "2002-05-15",
    "acceptedDate": "2002-05-15 16:41:42",
    "calendarYear": "2002",
    "period": "Q1",
    "revenue": 10957000000,
    "costOfRevenue": 4112000000,
    "grossProfit": 6845000000,
    "grossProfitRatio": 0.6247147942,
    "researchAndDevelopmentExpenses": 0,
    "generalAndAdministrativeExpenses": 2823000000,
    "sellingAndMarketingExpenses": 146000000,
    "sellingGeneralAndAdministrativeExpenses": 2969000000,
    "otherExpenses": 2389000000,
    "operatingExpenses": 5358000000,
    "costAndExpenses": 9470000000,
    "interestIncome": 6286000000,
    "interestExpense": 3359000000,
    "depreciationAndAmortization": 631000000,
    "ebitda": 2118000000,
    "ebitdaratio": 0.1933010861,
    "operatingIncome": 1487000000,
    "operatingIncomeRatio": 0.13571233,
    "totalOtherIncomeExpensesNet": 0,
    "incomeBeforeTax": 1487000000,
    "incomeBeforeTaxRatio": 0.13571233,
    "incomeTaxExpense": 505000000,
    "netIncome": 982000000,
    "netIncomeRatio": 0.089623072,
    "eps": 0.49,
    "epsdiluted": 0.48,
    "weightedAverageShsOut": 1978200000,
    "weightedAverageShsOutDil": 2005800000,
    "link": "https://www.sec.gov/Archives/edgar/data/19617/000095012302005335/0000950123-02-005335-index.html",
    "finalLink": "https://www.sec.gov/Archives/edgar/data/19617/000095012302005335/y60461e10-q.htm"
  },
  {
    "date": "2001-12-31",
    "symbol": "JPM",
    "reportedCurrency": "USD",
    "cik": "0000019617",
    "fillingDate": "2002-03-22",
    "acceptedDate": "2002-03-22 00:00:00",
    "calendarYear": "2001",
    "period": "Q4",
    "revenue": 10456000000,
    "costOfRevenue": 5347000000,
    "grossProfit": 5109000000,
    "grossProfitRatio": 0.4886189748,
    "researchAndDevelopmentExpenses": 0,
    "generalAndAdministrativeExpenses": 2652000000,
    "sellingAndMarketingExpenses": 179000000,
    "sellingGeneralAndAdministrativeExpenses": 2831000000,
    "otherExpenses": 2846000000,
    "operatingExpenses": 5677000000,
    "costAndExpenses": 11024000000,
    "interestIncome": 6823000000,
    "interestExpense": 3879000000,
    "depreciationAndAmortization": 797000000,
    "ebitda": 229000000,
    "ebitdaratio": 0.0219013007,
    "operatingIncome": -568000000,
    "operatingIncomeRatio": -0.0543228768,
    "totalOtherIncomeExpensesNet": 0,
    "incomeBeforeTax": -568000000,
    "incomeBeforeTaxRatio": -0.0543228768,
    "incomeTaxExpense": -236000000,
    "netIncome": -332000000,
    "netIncomeRatio": -0.0317521041,
    "eps": -0.17,
    "epsdiluted": -0.17,
    "weightedAverageShsOut": 1969100000,
    "weightedAverageShsOutDil": 1978200000,
    "link": "https://www.sec.gov/Archives/edgar/data/19617/000095012302002823/0000950123-02-002823-index.htm",
    "finalLink": "https://www.sec.gov/Archives/edgar/data/19617/000095012302002823/y57010e10-k405.htm"
  },
  {
    "date": "2001-09-30",
    "symbol": "JPM",
    "reportedCurrency": "USD",
    "cik": "0000019617",
    "fillingDate": "2001-11-14",
    "acceptedDate": "2001-11-14 00:00:00",
    "calendarYear": "2001",
    "period": "Q3",
    "revenue": 12399000000,
    "costOfRevenue": 5795000000,
    "grossProfit": 6604000000,
    "grossProfitRatio": 0.5326235987,
    "researchAndDevelopmentExpenses": 0,
    "generalAndAdministrativeExpenses": 2883000000,
    "sellingAndMarketingExpenses": 137000000,
    "sellingGeneralAndAdministrativeExpenses": 3020000000,
    "otherExpenses": 2915000000,
    "operatingExpenses": 5935000000,
    "costAndExpenses": 11730000000,
    "interestIncome": 7709000000,
    "interestExpense": 5050000000,
    "depreciationAndAmortization": 713000000,
    "ebitda": 1382000000,
    "ebitdaratio": 0.1114606017,
    "operatingIncome": 669000000,
    "operatingIncomeRatio": 0.0539559642,
    "totalOtherIncomeExpensesNet": 0,
    "incomeBeforeTax": 669000000,
    "incomeBeforeTaxRatio": 0.0539559642,
    "incomeTaxExpense": 220000000,
    "netIncome": 449000000,
    "netIncomeRatio": 0.0362125978,
    "eps": 0.22,
    "epsdiluted": 0.22,
    "weightedAverageShsOut": 1975300000,
    "weightedAverageShsOutDil": 2020900000,
    "link": "https://www.sec.gov/Archives/edgar/data/19617/000095012301508483/0000950123-01-508483-index.html",
    "finalLink": "https://www.sec.gov/Archives/edgar/data/19617/000095012301508483/y54924e10-q.htm"
  },
  {
    "date": "2001-06-30",
    "symbol": "JPM",
    "reportedCurrency": "USD",
    "cik": "0000019617",
    "fillingDate": "2001-08-14",
    "acceptedDate": "2001-08-14 00:00:00",
    "calendarYear": "2001",
    "period": "Q2",
    "revenue": 12559000000,
    "costOfRevenue": 6213000000,
    "grossProfit": 6346000000,
    "grossProfitRatio": 0.5052950076,
    "researchAndDevelopmentExpenses": 0,
    "generalAndAdministrativeExpenses": 3052000000,
    "sellingAndMarketingExpenses": 144000000,
    "sellingGeneralAndAdministrativeExpenses": 3196000000,
    "otherExpenses": 2565000000,
    "operatingExpenses": 5761000000,
    "costAndExpenses": 11974000000,
    "interestIncome": 8469000000,
    "interestExpense": 5688000000,
    "depreciationAndAmortization": 651000000,
    "ebitda": 1236000000,
    "ebitdaratio": 0.0984154789,
    "operatingIncome": 585000000,
    "operatingIncomeRatio": 0.0465801417,
    "totalOtherIncomeExpensesNet": 0,
    "incomeBeforeTax": 585000000,
    "incomeBeforeTaxRatio": 0.0465801417,
    "incomeTaxExpense": 207000000,
    "netIncome": 378000000,
    "netIncomeRatio": 0.0300979377,
    "eps": 0.18,
    "epsdiluted": 0.18,
    "weightedAverageShsOut": 1978400000,
    "weightedAverageShsOutDil": 2033600000,
    "link": "https://www.sec.gov/Archives/edgar/data/19617/000095012301505613/0000950123-01-505613-index.html",
    "finalLink": "https://www.sec.gov/Archives/edgar/data/19617/000095012301505613/y52362e10-q.txt"
  },
  {
    "date": "2001-03-31",
    "symbol": "JPM",
    "reportedCurrency": "USD",
    "cik": "0000019617",
    "fillingDate": "2001-05-15",
    "acceptedDate": "2001-05-15 00:00:00",
    "calendarYear": "2001",
    "period": "Q1",
    "revenue": 15087000000,
    "costOfRevenue": 7209000000,
    "grossProfit": 7878000000,
    "grossProfitRatio": 0.5221714058,
    "researchAndDevelopmentExpenses": 0,
    "generalAndAdministrativeExpenses": 3336000000,
    "sellingAndMarketingExpenses": 141000000,
    "sellingGeneralAndAdministrativeExpenses": 3477000000,
    "otherExpenses": 2521000000,
    "operatingExpenses": 5998000000,
    "costAndExpenses": 13207000000,
    "interestIncome": 9180000000,
    "interestExpense": 6762000000,
    "depreciationAndAmortization": 730000000,
    "ebitda": 2610000000,
    "ebitdaratio": 0.1729966196,
    "operatingIncome": 1880000000,
    "operatingIncomeRatio": 0.1246105919,
    "totalOtherIncomeExpensesNet": 0,
    "incomeBeforeTax": 1880000000,
    "incomeBeforeTaxRatio": 0.1246105919,
    "incomeTaxExpense": 656000000,
    "netIncome": 1199000000,
    "netIncomeRatio": 0.0794723935,
    "eps": 0.6,
    "epsdiluted": 0.58,
    "weightedAverageShsOut": 1966600000,
    "weightedAverageShsOutDil": 2032200000,
    "link": "https://www.sec.gov/Archives/edgar/data/19617/000095012301502582/0000950123-01-502582-index.html",
    "finalLink": "https://www.sec.gov/Archives/edgar/data/19617/000095012301502582/y49235e10-q.txt"
  },
  {
    "date": "2000-12-31",
    "symbol": "JPM",
    "reportedCurrency": "USD",
    "cik": "0000019617",
    "fillingDate": "2001-03-22",
    "acceptedDate": "2001-03-22 00:00:00",
    "calendarYear": "2000",
    "period": "Q4",
    "revenue": 32101000000,
    "costOfRevenue": 16306000000,
    "grossProfit": 15795000000,
    "grossProfitRatio": 0.4920407464,
    "researchAndDevelopmentExpenses": 0,
    "generalAndAdministrativeExpenses": 6825000000,
    "sellingAndMarketingExpenses": 228000000,
    "sellingGeneralAndAdministrativeExpenses": 7053000000,
    "otherExpenses": 5139000000,
    "operatingExpenses": 12192000000,
    "costAndExpenses": 28498000000,
    "interestIncome": 19551000000,
    "interestExpense": 15908000000,
    "depreciationAndAmortization": 1325000000,
    "ebitda": 4928000000,
    "ebitdaratio": 0.1535154668,
    "operatingIncome": 3603000000,
    "operatingIncomeRatio": 0.1122394941,
    "totalOtherIncomeExpensesNet": 0,
    "incomeBeforeTax": 3603000000,
    "incomeBeforeTaxRatio": 0.1122394941,
    "incomeTaxExpense": 1211000000,
    "netIncome": 2392000000,
    "netIncomeRatio": 0.0745148126,
    "eps": 1.22,
    "epsdiluted": 1.22,
    "weightedAverageShsOut": 1928490000,
    "weightedAverageShsOutDil": 1966600000,
    "link": "https://www.sec.gov/Archives/edgar/data/19617/000095012301002499/0000950123-01-002499-index.htm",
    "finalLink": "https://www.sec.gov/Archives/edgar/data/19617/000095012301002499/y46253e10-k405.txt"
  },
  {
    "date": "2000-09-30",
    "symbol": "JPM",
    "reportedCurrency": "USD",
    "cik": "0000019617",
    "fillingDate": "2000-11-14",
    "acceptedDate": "2000-11-14 00:00:00",
    "calendarYear": "2000",
    "period": "Q3",
    "revenue": 14803000000,
    "costOfRevenue": 7378000000,
    "grossProfit": 7425000000,
    "grossProfitRatio": 0.501587516,
    "researchAndDevelopmentExpenses": 0,
    "generalAndAdministrativeExpenses": 3135000000,
    "sellingAndMarketingExpenses": 0,
    "sellingGeneralAndAdministrativeExpenses": 3135000000,
    "otherExpenses": 2217000000,
    "operatingExpenses": 5352000000,
    "costAndExpenses": 12730000000,
    "interestIncome": 9423000000,
    "interestExpense": 7080000000,
    "depreciationAndAmortization": 251000000,
    "ebitda": 2324000000,
    "ebitdaratio": 0.1569952037,
    "operatingIncome": 2073000000,
    "operatingIncomeRatio": 0.1400391812,
    "totalOtherIncomeExpensesNet": 0,
    "incomeBeforeTax": 2073000000,
    "incomeBeforeTaxRatio": 0.1400391812,
    "incomeTaxExpense": 675000000,
    "netIncome": 1398000000,
    "netIncomeRatio": 0.0944403162,
    "eps": 0.73,
    "epsdiluted": -0.26,
    "weightedAverageShsOut": 1267300000,
    "weightedAverageShsOutDil": 1311800000,
    "link": "https://www.sec.gov/Archives/edgar/data/19617/000095012300010650/0000950123-00-010650-index.html",
    "finalLink": "https://www.sec.gov/Archives/edgar/data/19617/000095012300010650/y42654e10-q.txt"
  },
  {
    "date": "2000-06-30",
    "symbol": "JPM",
    "reportedCurrency": "USD",
    "cik": "0000019617",
    "fillingDate": "2000-08-14",
    "acceptedDate": "2000-08-14 00:00:00",
    "calendarYear": "2000",
    "period": "Q2",
    "revenue": 14463000000,
    "costOfRevenue": 6892000000,
    "grossProfit": 7571000000,
    "grossProfitRatio": 0.5234736915,
    "researchAndDevelopmentExpenses": 0,
    "generalAndAdministrativeExpenses": 2963000000,
    "sellingAndMarketingExpenses": 144000000,
    "sellingGeneralAndAdministrativeExpenses": 3107000000,
    "otherExpenses": 1968000000,
    "operatingExpenses": 5075000000,
    "costAndExpenses": 11967000000,
    "interestIncome": 8858000000,
    "interestExpense": 6564000000,
    "depreciationAndAmortization": 720000000,
    "ebitda": 3216000000,
    "ebitdaratio": 0.2223605061,
    "operatingIncome": 2496000000,
    "operatingIncomeRatio": 0.1725783033,
    "totalOtherIncomeExpensesNet": 0,
    "incomeBeforeTax": 2496000000,
    "incomeBeforeTaxRatio": 0.1725783033,
    "incomeTaxExpense": 863000000,
    "netIncome": 1633000000,
    "netIncomeRatio": 0.1129088018,
    "eps": 0.87,
    "epsdiluted": 0.83,
    "weightedAverageShsOut": 1853100000,
    "weightedAverageShsOutDil": 1939200000,
    "link": "https://www.sec.gov/Archives/edgar/data/19617/000095012300007613/0000950123-00-007613-index.html",
    "finalLink": "https://www.sec.gov/Archives/edgar/data/19617/000095012300007613/e10-q.txt"
  },
  {
    "date": "2000-03-31",
    "symbol": "JPM",
    "reportedCurrency": "USD",
    "cik": "0000019617",
    "fillingDate": "2000-05-15",
    "acceptedDate": "2000-05-15 00:00:00",
    "calendarYear": "2000",
    "period": "Q1",
    "revenue": 14795000000,
    "costOfRevenue": 6368000000,
    "grossProfit": 8427000000,
    "grossProfitRatio": 0.569584319,
    "researchAndDevelopmentExpenses": 0,
    "generalAndAdministrativeExpenses": 3340000000,
    "sellingAndMarketingExpenses": 117000000,
    "sellingGeneralAndAdministrativeExpenses": 3457000000,
    "otherExpenses": 1896000000,
    "operatingExpenses": 5353000000,
    "costAndExpenses": 11721000000,
    "interestIncome": 8440000000,
    "interestExpense": 6026000000,
    "depreciationAndAmortization": 393000000,
    "ebitda": 3467000000,
    "ebitdaratio": 0.2343359243,
    "operatingIncome": 3074000000,
    "operatingIncomeRatio": 0.2077728962,
    "totalOtherIncomeExpensesNet": 0,
    "incomeBeforeTax": 3074000000,
    "incomeBeforeTaxRatio": 0.2077728962,
    "incomeTaxExpense": 1086000000,
    "netIncome": 1988000000,
    "netIncomeRatio": 0.1343697195,
    "eps": 1.11,
    "epsdiluted": 1.07,
    "weightedAverageShsOut": 1235632000,
    "weightedAverageShsOutDil": 1235632000,
    "link": "https://www.sec.gov/Archives/edgar/data/19617/000095012300005093/0000950123-00-005093-index.htm",
    "finalLink": "https://www.sec.gov/Archives/edgar/data/19617/000095012300005093/0000950123-00-005093.txt"
  },
  {
    "date": "1999-12-31",
    "symbol": "JPM",
    "reportedCurrency": "USD",
    "cik": "0000019617",
    "fillingDate": "2000-03-13",
    "acceptedDate": "2000-03-13 00:00:00",
    "calendarYear": "1999",
    "period": "Q4",
    "revenue": 9382000000,
    "costOfRevenue": 3570000000,
    "grossProfit": 5812000000,
    "grossProfitRatio": 0.6194841185,
    "researchAndDevelopmentExpenses": 0,
    "generalAndAdministrativeExpenses": 1694000000,
    "sellingAndMarketingExpenses": 103000000,
    "sellingGeneralAndAdministrativeExpenses": 1797000000,
    "otherExpenses": 1430000000,
    "operatingExpenses": 3227000000,
    "costAndExpenses": 6797000000,
    "interestIncome": 5341000000,
    "interestExpense": 3116000000,
    "depreciationAndAmortization": 375000000,
    "ebitda": 2960000000,
    "ebitdaratio": 0.3154977617,
    "operatingIncome": 2585000000,
    "operatingIncomeRatio": 0.2755276061,
    "totalOtherIncomeExpensesNet": 0,
    "incomeBeforeTax": 2585000000,
    "incomeBeforeTaxRatio": 0.2755276061,
    "incomeTaxExpense": 892000000,
    "netIncome": 1693000000,
    "netIncomeRatio": 0.1804519292,
    "eps": 1.39,
    "epsdiluted": 1.39,
    "weightedAverageShsOut": 1220700000,
    "weightedAverageShsOutDil": 1220700000,
    "link": "https://www.sec.gov/Archives/edgar/data/19617/000095012300002204/0000950123-00-002204-index.htm",
    "finalLink": "https://www.sec.gov/Archives/edgar/data/19617/000095012300002204/0000950123-00-002204.txt"
  },
  {
    "date": "1999-09-30",
    "symbol": "JPM",
    "reportedCurrency": "USD",
    "cik": "0000019617",
    "fillingDate": "1999-11-08",
    "acceptedDate": "1999-11-08 00:00:00",
    "calendarYear": "1999",
    "period": "Q3",
    "revenue": 8017000000,
    "costOfRevenue": 3224000000,
    "grossProfit": 4793000000,
    "grossProfitRatio": 0.5978545591,
    "researchAndDevelopmentExpenses": 0,
    "generalAndAdministrativeExpenses": 1655000000,
    "sellingAndMarketingExpenses": 128000000,
    "sellingGeneralAndAdministrativeExpenses": 1783000000,
    "otherExpenses": 1198000000,
    "operatingExpenses": 2981000000,
    "costAndExpenses": 6205000000,
    "interestIncome": 4996000000,
    "interestExpense": 2826000000,
    "depreciationAndAmortization": 336000000,
    "ebitda": 2148000000,
    "ebitdaratio": 0.2679306474,
    "operatingIncome": 1812000000,
    "operatingIncomeRatio": 0.2260197081,
    "totalOtherIncomeExpensesNet": 0,
    "incomeBeforeTax": 1812000000,
    "incomeBeforeTaxRatio": 0.2260197081,
    "incomeTaxExpense": 625000000,
    "netIncome": 1187000000,
    "netIncomeRatio": 0.1480603717,
    "eps": 0.95,
    "epsdiluted": 0.91,
    "weightedAverageShsOut": 1231784000,
    "weightedAverageShsOutDil": 1273913000,
    "link": "https://www.sec.gov/Archives/edgar/data/19617/000095012399009858/0000950123-99-009858-index.htm",
    "finalLink": "https://www.sec.gov/Archives/edgar/data/19617/000095012399009858/0000950123-99-009858.txt"
  },
  {
    "date": "1999-06-30",
    "symbol": "JPM",
    "reportedCurrency": "USD",
    "cik": "0000019617",
    "fillingDate": "1999-08-16",
    "acceptedDate": "1999-08-16 00:00:00",
    "calendarYear": "1999",
    "period": "Q2",
    "revenue": 8344000000,
    "costOfRevenue": 3116000000,
    "grossProfit": 5228000000,
    "grossProfitRatio": 0.6265580058,
    "researchAndDevelopmentExpenses": 0,
    "generalAndAdministrativeExpenses": 1654000000,
    "sellingAndMarketingExpenses": 0,
    "sellingGeneralAndAdministrativeExpenses": 1654000000,
    "otherExpenses": 1414000000,
    "operatingExpenses": 3068000000,
    "costAndExpenses": 6184000000,
    "interestIncome": 4873000000,
    "interestExpense": 2728000000,
    "depreciationAndAmortization": 352000000,
    "ebitda": 2512000000,
    "ebitdaratio": 0.30105465,
    "operatingIncome": 2160000000,
    "operatingIncomeRatio": 0.2588686481,
    "totalOtherIncomeExpensesNet": 0,
    "incomeBeforeTax": 2160000000,
    "incomeBeforeTaxRatio": 0.2588686481,
    "incomeTaxExpense": 767000000,
    "netIncome": 1393000000,
    "netIncomeRatio": 0.1669463087,
    "eps": 1.1,
    "epsdiluted": 1.07,
    "weightedAverageShsOut": 1248726000,
    "weightedAverageShsOutDil": 1291304000,
    "link": "https://www.sec.gov/Archives/edgar/data/19617/000095012399007718/0000950123-99-007718-index.htm",
    "finalLink": "https://www.sec.gov/Archives/edgar/data/19617/000095012399007718/0000950123-99-007718.txt"
  },
  {
    "date": "1999-03-31",
    "symbol": "JPM",
    "reportedCurrency": "USD",
    "cik": "0000019617",
    "fillingDate": "1999-05-17",
    "acceptedDate": "1999-05-17 00:00:00",
    "calendarYear": "1999",
    "period": "Q1",
    "revenue": 7967000000,
    "costOfRevenue": 3204000000,
    "grossProfit": 4763000000,
    "grossProfitRatio": 0.5978410945,
    "researchAndDevelopmentExpenses": 0,
    "generalAndAdministrativeExpenses": 1639000000,
    "sellingAndMarketingExpenses": 0,
    "sellingGeneralAndAdministrativeExpenses": 1639000000,
    "otherExpenses": 1306000000,
    "operatingExpenses": 2945000000,
    "costAndExpenses": 6149000000,
    "interestIncome": 5027000000,
    "interestExpense": 2823000000,
    "depreciationAndAmortization": 340000000,
    "ebitda": 2158000000,
    "ebitdaratio": 0.2708673277,
    "operatingIncome": 1818000000,
    "operatingIncomeRatio": 0.2281912891,
    "totalOtherIncomeExpensesNet": 0,
    "incomeBeforeTax": 1818000000,
    "incomeBeforeTaxRatio": 0.2281912891,
    "incomeTaxExpense": 645000000,
    "netIncome": 1173000000,
    "netIncomeRatio": 0.1472323334,
    "eps": 0.91,
    "epsdiluted": 0.88,
    "weightedAverageShsOut": 1240136000,
    "weightedAverageShsOutDil": 1240136000,
    "link": "https://www.sec.gov/Archives/edgar/data/19617/000095012399004856/0000950123-99-004856-index.htm",
    "finalLink": "https://www.sec.gov/Archives/edgar/data/19617/0000950123-99-004856.txt"
  },
  {
    "date": "1998-12-31",
    "symbol": "JPM",
    "reportedCurrency": "USD",
    "cik": "0000019617",
    "fillingDate": "1999-03-11",
    "acceptedDate": "1999-03-11 00:00:00",
    "calendarYear": "1998",
    "period": "Q4",
    "revenue": 8347000000,
    "costOfRevenue": 3487000000,
    "grossProfit": 4860000000,
    "grossProfitRatio": 0.582245118,
    "researchAndDevelopmentExpenses": 0,
    "generalAndAdministrativeExpenses": 1490000000,
    "sellingAndMarketingExpenses": 0,
    "sellingGeneralAndAdministrativeExpenses": 1490000000,
    "otherExpenses": 1594000000,
    "operatingExpenses": 3084000000,
    "costAndExpenses": 6571000000,
    "interestIncome": 5441000000,
    "interestExpense": 3281000000,
    "depreciationAndAmortization": 334000000,
    "ebitda": 2110000000,
    "ebitdaratio": 0.2527854319,
    "operatingIncome": 1776000000,
    "operatingIncomeRatio": 0.2127710555,
    "totalOtherIncomeExpensesNet": 0,
    "incomeBeforeTax": 1776000000,
    "incomeBeforeTaxRatio": 0.2127710555,
    "incomeTaxExpense": 630000000,
    "netIncome": 1146000000,
    "netIncomeRatio": 0.1372948365,
    "eps": 0.88,
    "epsdiluted": 0.91,
    "weightedAverageShsOut": 1261675000,
    "weightedAverageShsOutDil": 1264768000,
    "link": "https://www.sec.gov/Archives/edgar/data/19617/000095012399002057/0000950123-99-002057-index.htm",
    "finalLink": "https://www.sec.gov/Archives/edgar/data/19617/000095012399002057/"
  },
  {
    "date": "1998-09-30",
    "symbol": "JPM",
    "reportedCurrency": "USD",
    "cik": "0000019617",
    "fillingDate": "1998-11-16",
    "acceptedDate": "1998-11-16 00:00:00",
    "calendarYear": "1998",
    "period": "Q3",
    "revenue": 7444000000,
    "costOfRevenue": 3498000000,
    "grossProfit": 3946000000,
    "grossProfitRatio": 0.5300913487,
    "researchAndDevelopmentExpenses": 0,
    "generalAndAdministrativeExpenses": 1426000000,
    "sellingAndMarketingExpenses": 0,
    "sellingGeneralAndAdministrativeExpenses": 1426000000,
    "otherExpenses": 1221000000,
    "operatingExpenses": 2647000000,
    "costAndExpenses": 6145000000,
    "interestIncome": 5432000000,
    "interestExpense": 3226000000,
    "depreciationAndAmortization": 278000000,
    "ebitda": 1577000000,
    "ebitdaratio": 0.2118484686,
    "operatingIncome": 1299000000,
    "operatingIncomeRatio": 0.1745029554,
    "totalOtherIncomeExpensesNet": 0,
    "incomeBeforeTax": 1299000000,
    "incomeBeforeTaxRatio": 0.1745029554,
    "incomeTaxExpense": 462000000,
    "netIncome": 837000000,
    "netIncomeRatio": 0.1124395486,
    "eps": 0.64,
    "epsdiluted": 0.63,
    "weightedAverageShsOut": 1273438000,
    "weightedAverageShsOutDil": 1293651000,
    "link": "https://www.sec.gov/Archives/edgar/data/19617/000095012398010002/0000950123-98-010002-index.htm",
    "finalLink": "https://www.sec.gov/Archives/edgar/data/19617/0000950123-98-010002.txt"
  },
  {
    "date": "1998-06-30",
    "symbol": "JPM",
    "reportedCurrency": "USD",
    "cik": "0000019617",
    "fillingDate": "1998-08-14",
    "acceptedDate": "1998-08-14 00:00:00",
    "calendarYear": "1998",
    "period": "Q2",
    "revenue": 8342000000,
    "costOfRevenue": 3915000000,
    "grossProfit": 4427000000,
    "grossProfitRatio": 0.5306880844,
    "researchAndDevelopmentExpenses": 0,
    "generalAndAdministrativeExpenses": 1485000000,
    "sellingAndMarketingExpenses": 0,
    "sellingGeneralAndAdministrativeExpenses": 1485000000,
    "otherExpenses": 1237000000,
    "operatingExpenses": 2722000000,
    "costAndExpenses": 6637000000,
    "interestIncome": 5623000000,
    "interestExpense": 3587000000,
    "depreciationAndAmortization": 316000000,
    "ebitda": 2021000000,
    "ebitdaratio": 0.2422680412,
    "operatingIncome": 1705000000,
    "operatingIncomeRatio": 0.2043874371,
    "totalOtherIncomeExpensesNet": 0,
    "incomeBeforeTax": 1705000000,
    "incomeBeforeTaxRatio": 0.2043874371,
    "incomeTaxExpense": 631000000,
    "netIncome": 1074000000,
    "netIncomeRatio": 0.1287461041,
    "eps": 0.83,
    "epsdiluted": 0.8,
    "weightedAverageShsOut": 1265060000,
    "weightedAverageShsOutDil": 1312500000,
    "link": "https://www.sec.gov/Archives/edgar/data/19617/000095012398007655/0000950123-98-007655-index.htm",
    "finalLink": "https://www.sec.gov/Archives/edgar/data/19617/0000950123-98-007655.txt"
  },
  {
    "date": "1998-03-31",
    "symbol": "JPM",
    "reportedCurrency": "USD",
    "cik": "0000019617",
    "fillingDate": "1998-05-15",
    "acceptedDate": "1998-05-15 00:00:00",
    "calendarYear": "1998",
    "period": "Q1",
    "revenue": 8252000000,
    "costOfRevenue": 3961000000,
    "grossProfit": 4291000000,
    "grossProfitRatio": 0.5199951527,
    "researchAndDevelopmentExpenses": 0,
    "generalAndAdministrativeExpenses": 1478000000,
    "sellingAndMarketingExpenses": 0,
    "sellingGeneralAndAdministrativeExpenses": 1478000000,
    "otherExpenses": 1663000000,
    "operatingExpenses": 3141000000,
    "costAndExpenses": 7102000000,
    "interestIncome": 5793000000,
    "interestExpense": 3629000000,
    "depreciationAndAmortization": 242000000,
    "ebitda": 1392000000,
    "ebitdaratio": 0.1686863791,
    "operatingIncome": 1150000000,
    "operatingIncomeRatio": 0.1393601551,
    "totalOtherIncomeExpensesNet": 0,
    "incomeBeforeTax": 1150000000,
    "incomeBeforeTaxRatio": 0.1393601551,
    "incomeTaxExpense": 425000000,
    "netIncome": 725000000,
    "netIncomeRatio": 0.0878574891,
    "eps": 0.55,
    "epsdiluted": 0.53,
    "weightedAverageShsOut": 1256364000,
    "weightedAverageShsOutDil": 1303774000,
    "link": "https://www.sec.gov/Archives/edgar/data/19617/000095012398005185/0000950123-98-005185-index.htm",
    "finalLink": "https://www.sec.gov/Archives/edgar/data/19617/0000950123-98-005185.txt"
  },
  {
    "date": "1997-12-31",
    "symbol": "JPM",
    "reportedCurrency": "USD",
    "cik": "0000019617",
    "fillingDate": "1998-03-30",
    "acceptedDate": "1998-03-30 00:00:00",
    "calendarYear": "1997",
    "period": "Q4",
    "revenue": 7808000000,
    "costOfRevenue": 3929000000,
    "grossProfit": 3879000000,
    "grossProfitRatio": 0.4967981557,
    "researchAndDevelopmentExpenses": 0,
    "generalAndAdministrativeExpenses": 1264000000,
    "sellingAndMarketingExpenses": 0,
    "sellingGeneralAndAdministrativeExpenses": 1264000000,
    "otherExpenses": 1226000000,
    "operatingExpenses": 2490000000,
    "costAndExpenses": 6419000000,
    "interestIncome": 5803000000,
    "interestExpense": 3724000000,
    "depreciationAndAmortization": 239000000,
    "ebitda": 1628000000,
    "ebitdaratio": 0.2085040984,
    "operatingIncome": 1389000000,
    "operatingIncomeRatio": 0.1778944672,
    "totalOtherIncomeExpensesNet": 0,
    "incomeBeforeTax": 1389000000,
    "incomeBeforeTaxRatio": 0.1778944672,
    "incomeTaxExpense": 515000000,
    "netIncome": 874000000,
    "netIncomeRatio": 0.1119364754,
    "eps": 0.66,
    "epsdiluted": 0.7,
    "weightedAverageShsOut": 1253125000,
    "weightedAverageShsOutDil": 1256364000,
    "link": "https://www.sec.gov/Archives/edgar/data/19617/000095012398003043/0000950123-98-003043-index.htm",
    "finalLink": "https://www.sec.gov/Archives/edgar/data/19617/000095012398003043/"
  },
  {
    "date": "1997-09-30",
    "symbol": "JPM",
    "reportedCurrency": "USD",
    "cik": "0000019617",
    "fillingDate": "1997-11-14",
    "acceptedDate": "1997-11-14 00:00:00",
    "calendarYear": "1997",
    "period": "Q3",
    "revenue": 7864000000,
    "costOfRevenue": 3639000000,
    "grossProfit": 4225000000,
    "grossProfitRatio": 0.5372583927,
    "researchAndDevelopmentExpenses": 0,
    "generalAndAdministrativeExpenses": 1498000000,
    "sellingAndMarketingExpenses": 0,
    "sellingGeneralAndAdministrativeExpenses": 1498000000,
    "otherExpenses": 1169000000,
    "operatingExpenses": 2667000000,
    "costAndExpenses": 6306000000,
    "interestIncome": 5518000000,
    "interestExpense": 3449000000,
    "depreciationAndAmortization": 241000000,
    "ebitda": 1799000000,
    "ebitdaratio": 0.2287639878,
    "operatingIncome": 1558000000,
    "operatingIncomeRatio": 0.1981180061,
    "totalOtherIncomeExpensesNet": 0,
    "incomeBeforeTax": 1558000000,
    "incomeBeforeTaxRatio": 0.1981180061,
    "incomeTaxExpense": 576000000,
    "netIncome": 982000000,
    "netIncomeRatio": 0.1248728383,
    "eps": 0.75,
    "epsdiluted": 0.72,
    "weightedAverageShsOut": 1254667000,
    "weightedAverageShsOutDil": 1306944000,
    "link": "https://www.sec.gov/Archives/edgar/data/19617/000095012397009646/0000950123-97-009646-index.htm",
    "finalLink": "https://www.sec.gov/Archives/edgar/data/19617/0000950123-97-009646.txt"
  },
  {
    "date": "1997-06-30",
    "symbol": "JPM",
    "reportedCurrency": "USD",
    "cik": "0000019617",
    "fillingDate": "1997-08-14",
    "acceptedDate": "1997-08-14 00:00:00",
    "calendarYear": "1997",
    "period": "Q2",
    "revenue": 7504000000,
    "costOfRevenue": 3540000000,
    "grossProfit": 3964000000,
    "grossProfitRatio": 0.5282515991,
    "researchAndDevelopmentExpenses": 0,
    "generalAndAdministrativeExpenses": 1329000000,
    "sellingAndMarketingExpenses": 0,
    "sellingGeneralAndAdministrativeExpenses": 1329000000,
    "otherExpenses": 1155000000,
    "operatingExpenses": 2484000000,
    "costAndExpenses": 6024000000,
    "interestIncome": 5357000000,
    "interestExpense": 3351000000,
    "depreciationAndAmortization": 236000000,
    "ebitda": 1716000000,
    "ebitdaratio": 0.2286780384,
    "operatingIncome": 1480000000,
    "operatingIncomeRatio": 0.197228145,
    "totalOtherIncomeExpensesNet": 0,
    "incomeBeforeTax": 1480000000,
    "incomeBeforeTaxRatio": 0.197228145,
    "incomeTaxExpense": 555000000,
    "netIncome": 925000000,
    "netIncomeRatio": 0.1232675906,
    "eps": 0.69,
    "epsdiluted": 0.67,
    "weightedAverageShsOut": 1266667000,
    "weightedAverageShsOutDil": 1304478000,
    "link": "https://www.sec.gov/Archives/edgar/data/19617/000095012397006938/0000950123-97-006938-index.htm",
    "finalLink": "https://www.sec.gov/Archives/edgar/data/19617/0000950123-97-006938.txt"
  },
  {
    "date": "1997-03-31",
    "symbol": "JPM",
    "reportedCurrency": "USD",
    "cik": "0000019617",
    "fillingDate": "1997-05-15",
    "acceptedDate": "1997-05-15 00:00:00",
    "calendarYear": "1997",
    "period": "Q1",
    "revenue": 7224000000,
    "costOfRevenue": 3294000000,
    "grossProfit": 3930000000,
    "grossProfitRatio": 0.5440199336,
    "researchAndDevelopmentExpenses": 0,
    "generalAndAdministrativeExpenses": 1346000000,
    "sellingAndMarketingExpenses": 0,
    "sellingGeneralAndAdministrativeExpenses": 1346000000,
    "otherExpenses": 1101000000,
    "operatingExpenses": 2447000000,
    "costAndExpenses": 5741000000,
    "interestIncome": 5142000000,
    "interestExpense": 3074000000,
    "depreciationAndAmortization": 235000000,
    "ebitda": 1718000000,
    "ebitdaratio": 0.2378183832,
    "operatingIncome": 1483000000,
    "operatingIncomeRatio": 0.2052879291,
    "totalOtherIncomeExpensesNet": 0,
    "incomeBeforeTax": 1483000000,
    "incomeBeforeTaxRatio": 0.2052879291,
    "incomeTaxExpense": 556000000,
    "netIncome": 927000000,
    "netIncomeRatio": 0.1283222591,
    "eps": 0.67,
    "epsdiluted": 0.66,
    "weightedAverageShsOut": 1301493000,
    "weightedAverageShsOutDil": 1321212000,
    "link": "https://www.sec.gov/Archives/edgar/data/19617/000095012397004417/0000950123-97-004417-index.htm",
    "finalLink": "https://www.sec.gov/Archives/edgar/data/19617/0000950123-97-004417.txt"
  },
  {
    "date": "1996-12-31",
    "symbol": "JPM",
    "reportedCurrency": "USD",
    "cik": "0000019617",
    "fillingDate": "1997-03-25",
    "acceptedDate": "1997-03-25 00:00:00",
    "calendarYear": "1996",
    "period": "Q4",
    "revenue": 6995000000,
    "costOfRevenue": 3239000000,
    "grossProfit": 3756000000,
    "grossProfitRatio": 0.5369549678,
    "researchAndDevelopmentExpenses": 0,
    "generalAndAdministrativeExpenses": 1255000000,
    "sellingAndMarketingExpenses": 0,
    "sellingGeneralAndAdministrativeExpenses": 1255000000,
    "otherExpenses": 1152000000,
    "operatingExpenses": 2407000000,
    "costAndExpenses": 5646000000,
    "interestIncome": 5139000000,
    "interestExpense": 3057000000,
    "depreciationAndAmortization": 238000000,
    "ebitda": 1587000000,
    "ebitdaratio": 0.2268763402,
    "operatingIncome": 1349000000,
    "operatingIncomeRatio": 0.1928520372,
    "totalOtherIncomeExpensesNet": 0,
    "incomeBeforeTax": 1349000000,
    "incomeBeforeTaxRatio": 0.1928520372,
    "incomeTaxExpense": 513000000,
    "netIncome": 836000000,
    "netIncomeRatio": 0.1195139385,
    "eps": 0.61,
    "epsdiluted": 0.64,
    "weightedAverageShsOut": 1301493000,
    "weightedAverageShsOutDil": 1301493000,
    "link": "https://www.sec.gov/Archives/edgar/data/19617/000095012397002412/0000950123-97-002412-index.htm",
    "finalLink": "https://www.sec.gov/Archives/edgar/data/19617/0000950123-97-002412.txt"
  },
  {
    "date": "1996-09-30",
    "symbol": "JPM",
    "reportedCurrency": "USD",
    "cik": "0000019617",
    "fillingDate": "1996-11-14",
    "acceptedDate": "1996-11-14 00:00:00",
    "calendarYear": "1996",
    "period": "Q3",
    "revenue": 6774000000,
    "costOfRevenue": 3069000000,
    "grossProfit": 3705000000,
    "grossProfitRatio": 0.5469441984,
    "researchAndDevelopmentExpenses": 0,
    "generalAndAdministrativeExpenses": 1251000000,
    "sellingAndMarketingExpenses": 0,
    "sellingGeneralAndAdministrativeExpenses": 1251000000,
    "otherExpenses": 1069000000,
    "operatingExpenses": 2320000000,
    "costAndExpenses": 5389000000,
    "interestIncome": 4918000000,
    "interestExpense": 2849000000,
    "depreciationAndAmortization": 225000000,
    "ebitda": 1610000000,
    "ebitdaratio": 0.2376734573,
    "operatingIncome": 1385000000,
    "operatingIncomeRatio": 0.2044582226,
    "totalOtherIncomeExpensesNet": 0,
    "incomeBeforeTax": 1385000000,
    "incomeBeforeTaxRatio": 0.2044582226,
    "incomeTaxExpense": 527000000,
    "netIncome": 858000000,
    "netIncomeRatio": 0.1266607617,
    "eps": 0.61,
    "epsdiluted": 0.59,
    "weightedAverageShsOut": 1227869000,
    "weightedAverageShsOutDil": 1269492000,
    "link": "https://www.sec.gov/Archives/edgar/data/19617/000001961796000095/0000019617-96-000095-index.htm",
    "finalLink": "https://www.sec.gov/Archives/edgar/data/19617/0000019617-96-000095.txt"
  },
  {
    "date": "1996-06-30",
    "symbol": "JPM",
    "reportedCurrency": "USD",
    "cik": "0000019617",
    "fillingDate": "1996-08-14",
    "acceptedDate": "1996-08-14 00:00:00",
    "calendarYear": "1996",
    "period": "Q2",
    "revenue": 6720000000,
    "costOfRevenue": 3016000000,
    "grossProfit": 3704000000,
    "grossProfitRatio": 0.5511904762,
    "researchAndDevelopmentExpenses": 0,
    "generalAndAdministrativeExpenses": 1271000000,
    "sellingAndMarketingExpenses": 0,
    "sellingGeneralAndAdministrativeExpenses": 1271000000,
    "otherExpenses": 1053000000,
    "operatingExpenses": 2324000000,
    "costAndExpenses": 5340000000,
    "interestIncome": 4789000000,
    "interestExpense": 2766000000,
    "depreciationAndAmortization": 198000000,
    "ebitda": 1578000000,
    "ebitdaratio": 0.2348214286,
    "operatingIncome": 1380000000,
    "operatingIncomeRatio": 0.2053571429,
    "totalOtherIncomeExpensesNet": 0,
    "incomeBeforeTax": 1380000000,
    "incomeBeforeTaxRatio": 0.2053571429,
    "incomeTaxExpense": 524000000,
    "netIncome": 856000000,
    "netIncomeRatio": 0.1273809524,
    "eps": 0.6,
    "epsdiluted": 0.6,
    "weightedAverageShsOut": 1335000000,
    "weightedAverageShsOutDil": 1335000000,
    "link": "https://www.sec.gov/Archives/edgar/data/19617/000001961796000063/0000019617-96-000063-index.htm",
    "finalLink": "https://www.sec.gov/Archives/edgar/data/19617/0000019617-96-000063.txt"
  },
  {
    "date": "1996-03-31",
    "symbol": "JPM",
    "reportedCurrency": "USD",
    "cik": "0000019617",
    "fillingDate": "1996-05-15",
    "acceptedDate": "1996-05-15 00:00:00",
    "calendarYear": "1996",
    "period": "Q1",
    "revenue": 6932000000,
    "costOfRevenue": 3142000000,
    "grossProfit": 3790000000,
    "grossProfitRatio": 0.5467397576,
    "researchAndDevelopmentExpenses": 0,
    "generalAndAdministrativeExpenses": 1381000000,
    "sellingAndMarketingExpenses": 0,
    "sellingGeneralAndAdministrativeExpenses": 1381000000,
    "otherExpenses": 2712000000,
    "operatingExpenses": 4093000000,
    "costAndExpenses": 7235000000,
    "interestIncome": 5047000000,
    "interestExpense": 2897000000,
    "depreciationAndAmortization": 208000000,
    "ebitda": -95000000,
    "ebitdaratio": -0.0137045586,
    "operatingIncome": -303000000,
    "operatingIncomeRatio": -0.0437103289,
    "totalOtherIncomeExpensesNet": 0,
    "incomeBeforeTax": -303000000,
    "incomeBeforeTaxRatio": -0.0437103289,
    "incomeTaxExpense": -214000000,
    "netIncome": -89000000,
    "netIncomeRatio": -0.0128390075,
    "eps": -0.14,
    "epsdiluted": -0.18,
    "weightedAverageShsOut": 751548000,
    "weightedAverageShsOutDil": 751548000,
    "link": "https://www.sec.gov/Archives/edgar/data/19617/000001961796000053/0000019617-96-000053-index.htm",
    "finalLink": "https://www.sec.gov/Archives/edgar/data/19617/0000019617-96-000053.txt"
  },
  {
    "date": "1995-12-31",
    "symbol": "JPM",
    "reportedCurrency": "USD",
    "cik": "0000019617",
    "fillingDate": "1996-03-20",
    "acceptedDate": "1996-03-20 00:00:00",
    "calendarYear": "1995",
    "period": "Q4",
    "revenue": 3810000000,
    "costOfRevenue": 1794000000,
    "grossProfit": 2016000000,
    "grossProfitRatio": 0.5291338583,
    "researchAndDevelopmentExpenses": 0,
    "generalAndAdministrativeExpenses": 719000000,
    "sellingAndMarketingExpenses": 0,
    "sellingGeneralAndAdministrativeExpenses": 719000000,
    "otherExpenses": 531000000,
    "operatingExpenses": 1250000000,
    "costAndExpenses": 3044000000,
    "interestIncome": 2852000000,
    "interestExpense": 1678000000,
    "depreciationAndAmortization": 86000000,
    "ebitda": 852000000,
    "ebitdaratio": 0.2236220472,
    "operatingIncome": 766000000,
    "operatingIncomeRatio": 0.2010498688,
    "totalOtherIncomeExpensesNet": 0,
    "incomeBeforeTax": 766000000,
    "incomeBeforeTaxRatio": 0.2010498688,
    "incomeTaxExpense": 276000000,
    "netIncome": 490000000,
    "netIncomeRatio": 0.1286089239,
    "eps": 0.47,
    "epsdiluted": 0.4,
    "weightedAverageShsOut": 801829000,
    "weightedAverageShsOutDil": 809091000,
    "link": "https://www.sec.gov/Archives/edgar/data/19617/000095012396001197/0000950123-96-001197-index.htm",
    "finalLink": "https://www.sec.gov/Archives/edgar/data/19617/000095012396001197/"
  },
  {
    "date": "1995-09-30",
    "symbol": "JPM",
    "reportedCurrency": "USD",
    "cik": "0000019617",
    "fillingDate": "1995-11-14",
    "acceptedDate": "1995-11-14 00:00:00",
    "calendarYear": "1995",
    "period": "Q3",
    "revenue": 3810000000,
    "costOfRevenue": 1758000000,
    "grossProfit": 2052000000,
    "grossProfitRatio": 0.5385826772,
    "researchAndDevelopmentExpenses": 0,
    "generalAndAdministrativeExpenses": 720000000,
    "sellingAndMarketingExpenses": 0,
    "sellingGeneralAndAdministrativeExpenses": 720000000,
    "otherExpenses": 537000000,
    "operatingExpenses": 1257000000,
    "costAndExpenses": 3015000000,
    "interestIncome": 2833000000,
    "interestExpense": 1636000000,
    "depreciationAndAmortization": 0,
    "ebitda": 795000000,
    "ebitdaratio": 0.2086614173,
    "operatingIncome": 795000000,
    "operatingIncomeRatio": 0.2086614173,
    "totalOtherIncomeExpensesNet": 0,
    "incomeBeforeTax": 795000000,
    "incomeBeforeTaxRatio": 0.2086614173,
    "incomeTaxExpense": 318000000,
    "netIncome": 477000000,
    "netIncomeRatio": 0.1251968504,
    "eps": 0.58,
    "epsdiluted": 0.57,
    "weightedAverageShsOut": 822414000,
    "weightedAverageShsOutDil": 836842000,
    "link": "https://www.sec.gov/Archives/edgar/data/19617/000001961795000123/0000019617-95-000123-index.htm",
    "finalLink": "https://www.sec.gov/Archives/edgar/data/19617/0000019617-95-000123.txt"
  }
]