[
  {
    "date": "2024-12-31",
    "symbol": "JPM",
    "reportedCurrency": "USD",
    "cik": "0000019617",
    "fillingDate": "2025-02-14",
    "acceptedDate": "2025-02-14 16:17:07",
    "calendarYear": "2024",
    "period": "FY",
    "revenue": 278906000000,
    "costOfRevenue": 112004000000,
    "grossProfit": 166878000000,
    "grossProfitRatio": 0.5983306204,
    "researchAndDevelopmentExpenses": 0,
    "generalAndAdministrativeExpenses": 51357000000,
    "sellingAndMarketingExpenses": 4974000000,
    "sellingGeneralAndAdministrativeExpenses": 56331000000,
    "otherExpenses": 35490000000,
    "operatingExpenses": 91821000000,
    "costAndExpenses": 203825000000,
    "interestIncome": 193933000000,
    "interestExpense": 101350000000,
    "depreciationAndAmortization": 7938000000,
    "ebitda": 83019000000,
    "ebitdaratio": 0.2976594265,
    "operatingIncome": 75081000000,
    "operatingIncomeRatio": 0.2691982245,
    "totalOtherIncomeExpensesNet": 0,
    "incomeBeforeTax": 75081000000,
    "incomeBeforeTaxRatio": 0.2691982245,
    "incomeTaxExpense": 16610000000,
    "netIncome": 58471000000,
    "netIncomeRatio": 0.2096441095,
    "eps": 19.79,
    "epsdiluted": 19.75,
    "weightedAverageShsOut": 2873900000,
    "weightedAverageShsOutDil": 2879000000,
    "link": "https://www.sec.gov/Archives/edgar/data/19617/000001961725000270/0000019617-25-000270-index.htm",
    "finalLink": "https://www.sec.gov/Archives/edgar/data/19617/000001961725000270/jpm-20241231.htm"
  },
  {
    "date": "2023-12-31",
    "symbol": "JPM",
    "reportedCurrency": "USD",
    "cik": "0000019617",
    "fillingDate": "2024-02-16",
    "acceptedDate": "2024-02-16 16:20:22",
    "calendarYear": "2023",
    "period": "FY",
    "revenue": 236273000000,
    "costOfRevenue": 90603000000,
    "grossProfit": 145670000000,
    "grossProfitRatio": 0.6165325704,
    "researchAndDevelopmentExpenses": 0,
    "generalAndAdministrativeExpenses": 46465000000,
    "sellingAndMarketingExpenses": 4591000000,
    "sellingGeneralAndAdministrativeExpenses": 51056000000,
    "otherExpenses": 33002000000,
    "operatingExpenses": 84058000000,
    "costAndExpenses": 174661000000,
    "interestIncome": 170588000000,
    "interestExpense": 81321000000,
    "depreciationAndAmortization": 7512000000,
    "ebitda": 69124000000,
    "ebitdaratio": 0.2925598778,
    "operatingIncome": 61612000000,
    "operatingIncomeRatio": 0.2607661476,
    "totalOtherIncomeExpensesNet": 0,
    "incomeBeforeTax": 61612000000,
    "incomeBeforeTaxRatio": 0.2607661476,
    "incomeTaxExpense": 12060000000,
    "netIncome": 49552000000,
    "netIncomeRatio": 0.2097234978,
    "eps": 16.25,
    "epsdiluted": 16.23,
    "weightedAverageShsOut": 2938600000,
    "weightedAverageShsOutDil": 2943100000,
    "link": "https://www.sec.gov/Archives/edgar/data/19617/000001961724000225/0000019617-24-000225-index.htm",
    "finalLink": "https://www.sec.gov/Archives/edgar/data/19617/000001961724000225/jpm-20231231.htm"
  },
  {
    "date": "2022-12-31",
    "symbol": "JPM",
    "reportedCurrency": "USD",
    "cik": "0000019617",
    "fillingDate": "2023-02-21",
    "acceptedDate": "2023-02-21 16:13:55",
    "calendarYear": "2022",
    "period": "FY",
    "revenue": 153824000000,
    "costOfRevenue": 32432000000,
    "grossProfit": 121392000000,
    "grossProfitRatio": 0.7891616393,
    "researchAndDevelopmentExpenses": 0,
    "generalAndAdministrativeExpenses": 41636000000,
    "sellingAndMarketingExpenses": 3911000000,
    "sellingGeneralAndAdministrativeExpenses": 45547000000,
    "otherExpenses": 29679000000,
    "operatingExpenses": 75226000000,
    "costAndExpenses": 107658000000,
    "interestIncome": 92807000000,
    "interestExpense": 26097000000,
    "depreciationAndAmortization": 7051000000,
    "ebitda": 53217000000,
    "ebitdaratio": 0.3459603183,
    "operatingIncome": 46166000000,
    "operatingIncomeRatio": 0.3001222176,
    "totalOtherIncomeExpensesNet": 0,
    "incomeBeforeTax": 46166000000,
    "incomeBeforeTaxRatio": 0.3001222176,
    "incomeTaxExpense": 8490000000,
    "netIncome": 37676000000,
    "netIncomeRatio": 0.2449292698,
    "eps": 12.1,
    "epsdiluted": 12.09,
    "weightedAverageShsOut": 2965800000,
    "weightedAverageShsOutDil": 2970000000,
    "link": "https://www.sec.gov/Archives/edgar/data/19617/000001961723000231/0000019617-23-000231-index.htm",
    "finalLink": "https://www.sec.gov/Archives/edgar/data/19617/000001961723000231/jpm-20221231.htm"
  },
  {
    "date": "2021-12-31",
    "symbol": "JPM",
    "reportedCurrency": "USD",
    "cik": "0000019617",
    "fillingDate": "2022-02-22",
    "acceptedDate": "2022-02-22 16:56:31",
    "calendarYear": "2021",
    "period": "FY",
    "revenue": 127238000000,
    "costOfRevenue": -3667000000,
    "grossProfit": 130905000000,
    "grossProfitRatio": 1.0288200066,
    "researchAndDevelopmentExpenses": 0,
    "generalAndAdministrativeExpenses": 38567000000,
    "sellingAndMarketingExpenses": 3036000000,
    "sellingGeneralAndAdministrativeExpenses": 41603000000,
    "otherExpenses": 29740000000,
    "operatingExpenses": 71343000000,
    "costAndExpenses": 67676000000,
    "interestIncome": 57864000000,
    "interestExpense": 5553000000,
    "depreciationAndAmortization": 7932000000,
    "ebitda": 67494000000,
    "ebitdaratio": 0.5304547384,
    "operatingIncome": 59562000000,
    "operatingIncomeRatio": 0.4681148713,
    "totalOtherIncomeExpensesNet": 0,
    "incomeBeforeTax": 59562000000,
    "incomeBeforeTaxRatio": 0.4681148713,
    "incomeTaxExpense": 11228000000,
    "netIncome": 48334000000,
    "netIncomeRatio": 0.3798707933,
    "eps": 15.39,
    "epsdiluted": 15.36,
    "weightedAverageShsOut": 3021500000,
    "weightedAverageShsOutDil": 3026600000,
    "link": "https://www.sec.gov/Archives/edgar/data/19617/000001961722000272/0000019617-22-000272-index.htm",
    "finalLink": "https://www.sec.gov/Archives/edgar/data/19617/000001961722000272/jpm-20211231.htm"
  },
  {
    "date": "2020-12-31",
    "symbol": "JPM",
    "reportedCurrency": "USD",
    "cik": "0000019617",
    "fillingDate": "2021-02-23",
    "acceptedDate": "2021-02-23 16:17:29",
    "calendarYear": "2020",
    "period": "FY",
    "revenue": 129843000000,
    "costOfRevenue": 27372000000,
    "grossProfit": 102471000000,
    "grossProfitRatio": 0.7891915621,
    "researchAndDevelopmentExpenses": 0,
    "generalAndAdministrativeExpenses": 34988000000,
    "sellingAndMarketingExpenses": 2476000000,
    "sellingGeneralAndAdministrativeExpenses": 37464000000,
    "otherExpenses": 29192000000,
    "operatingExpenses": 66656000000,
    "costAndExpenses": 94028000000,
    "interestIncome": 64523000000,
    "interestExpense": 9960000000,
    "depreciationAndAmortization": 8614000000,
    "ebitda": 44429000000,
    "ebitdaratio": 0.3421747803,
    "operatingIncome": 35815000000,
    "operatingIncomeRatio": 0.2758331215,
    "totalOtherIncomeExpensesNet": 0,
    "incomeBeforeTax": 35815000000,
    "incomeBeforeTaxRatio": 0.2758331215,
    "incomeTaxExpense": 6684000000,
    "netIncome": 29131000000,
    "netIncomeRatio": 0.2243555679,
    "eps": 8.89,
    "epsdiluted": 8.88,
    "weightedAverageShsOut": 3082400000,
    "weightedAverageShsOutDil": 3087400000,
    "link": "https://www.sec.gov/Archives/edgar/data/19617/000001961721000236/0000019617-21-000236-index.htm",
    "finalLink": "https://www.sec.gov/Archives/edgar/data/19617/000001961721000236/jpm-20201231.htm"
  },
  {
    "date": "2019-12-31",
    "symbol": "JPM",
    "reportedCurrency": "USD",
    "cik": "0000019617",
    "fillingDate": "2020-02-25",
    "acceptedDate": "2020-02-25 16:31:02",
    "calendarYear": "2019",
    "period": "FY",
    "revenue": 142515000000,
    "costOfRevenue": 32380000000,
    "grossProfit": 110135000000,
    "grossProfitRatio": 0.7727958461,
    "researchAndDevelopmentExpenses": 0,
    "generalAndAdministrativeExpenses": 34155000000,
    "sellingAndMarketingExpenses": 3351000000,
    "sellingGeneralAndAdministrativeExpenses": 37506000000,
    "otherExpenses": 27763000000,
    "operatingExpenses": 65269000000,
    "costAndExpenses": 97649000000,
    "interestIncome": 84040000000,
    "interestExpense": 26795000000,
    "depreciationAndAmortization": 8368000000,
    "ebitda": 53234000000,
    "ebitdaratio": 0.3735326106,
    "operatingIncome": 44866000000,
    "operatingIncomeRatio": 0.3148159843,
    "totalOtherIncomeExpensesNet": 0,
    "incomeBeforeTax": 44866000000,
    "incomeBeforeTaxRatio": 0.3148159843,
    "incomeTaxExpense": 8435000000,
    "netIncome": 36431000000,
    "netIncomeRatio": 0.255629232,
    "eps": 10.75,
    "epsdiluted": 10.72,
    "weightedAverageShsOut": 3221500000,
    "weightedAverageShsOutDil": 3230400000,
    "link": "https://www.sec.gov/Archives/edgar/data/19617/000001961720000257/0000019617-20-000257-index.html",
    "finalLink": "https://www.sec.gov/Archives/edgar/data/19617/000001961720000257/corp10k2019.htm"
  },
  {
    "date": "2018-12-31",
    "symbol": "JPM",
    "reportedCurrency": "USD",
    "cik": "0000019617",
    "fillingDate": "2019-02-26",
    "acceptedDate": "2019-02-26 16:57:25",
    "calendarYear": "2018",
    "period": "FY",
    "revenue": 129824000000,
    "costOfRevenue": 25912000000,
    "grossProfit": 103912000000,
    "grossProfitRatio": 0.8004067045,
    "researchAndDevelopmentExpenses": 0,
    "generalAndAdministrativeExpenses": 33117000000,
    "sellingAndMarketingExpenses": 3044000000,
    "sellingGeneralAndAdministrativeExpenses": 36161000000,
    "otherExpenses": 26987000000,
    "operatingExpenses": 63148000000,
    "costAndExpenses": 89060000000,
    "interestIncome": 76100000000,
    "interestExpense": 21041000000,
    "depreciationAndAmortization": 7791000000,
    "ebitda": 48555000000,
    "ebitdaratio": 0.3740063471,
    "operatingIncome": 40764000000,
    "operatingIncomeRatio": 0.3139943308,
    "totalOtherIncomeExpensesNet": 0,
    "incomeBeforeTax": 40764000000,
    "incomeBeforeTaxRatio": 0.3139943308,
    "incomeTaxExpense": 8290000000,
    "netIncome": 32474000000,
    "netIncomeRatio": 0.2501386492,
    "eps": 9.04,
    "epsdiluted": 9,
    "weightedAverageShsOut": 3396400000,
    "weightedAverageShsOutDil": 3414000000,
    "link": "https://www.sec.gov/Archives/edgar/data/19617/000001961719000054/0000019617-19-000054-index.html",
    "finalLink": "https://www.sec.gov/Archives/edgar/data/19617/000001961719000054/corp10k2018.htm"
  },
  {
    "date": "2017-12-31",
    "symbol": "JPM",
    "reportedCurrency": "USD",
    "cik": "0000019617",
    "fillingDate": "2018-02-27",
    "acceptedDate": "2018-02-27 16:23:03",
    "calendarYear": "2017",
    "period": "FY",
    "revenue": 114579000000,
    "costOfRevenue": 19164000000,
    "grossProfit": 95415000000,
    "grossProfitRatio": 0.8327442201,
    "researchAndDevelopmentExpenses": 0,
    "generalAndAdministrativeExpenses": 31208000000,
    "sellingAndMarketingExpenses": 2900000000,
    "sellingGeneralAndAdministrativeExpenses": 34108000000,
    "otherExpenses": 25407000000,
    "operatingExpenses": 59515000000,
    "costAndExpenses": 78679000000,
    "interestIncome": 63971000000,
    "interestExpense": 13874000000,
    "depreciationAndAmortization": 6179000000,
    "ebitda": 42079000000,
    "ebitdaratio": 0.3672487978,
    "operatingIncome": 35900000000,
    "operatingIncomeRatio": 0.3133209401,
    "totalOtherIncomeExpensesNet": 0,
    "incomeBeforeTax": 35900000000,
    "incomeBeforeTaxRatio": 0.3133209401,
    "incomeTaxExpense": 11459000000,
    "netIncome": 24441000000,
    "netIncomeRatio": 0.2133113398,
    "eps": 6.35,
    "epsdiluted": 6.31,
    "weightedAverageShsOut": 3576387000,
    "weightedAverageShsOutDil": 3576800000,
    "link": "https://www.sec.gov/Archives/edgar/data/19617/000001961718000057/0000019617-18-000057-index.html",
    "finalLink": "https://www.sec.gov/Archives/edgar/data/19617/000001961718000057/corp10k2017.htm"
  },
  {
    "date": "2016-12-31",
    "symbol": "JPM",
    "reportedCurrency": "USD",
    "cik": "0000019617",
    "fillingDate": "2017-02-28",
    "acceptedDate": "2017-02-28 16:23:41",
    "calendarYear": "2016",
    "period": "FY",
    "revenue": 106387000000,
    "costOfRevenue": 15179000000,
    "grossProfit": 91208000000,
    "grossProfitRatio": 0.8573227932,
    "researchAndDevelopmentExpenses": 0,
    "generalAndAdministrativeExpenses": 30203000000,
    "sellingAndMarketingExpenses": 2897000000,
    "sellingGeneralAndAdministrativeExpenses": 33100000000,
    "otherExpenses": 23572000000,
    "operatingExpenses": 56672000000,
    "costAndExpenses": 71851000000,
    "interestIncome": 55901000000,
    "interestExpense": 9818000000,
    "depreciationAndAmortization": 5478000000,
    "ebitda": 40014000000,
    "ebitdaratio": 0.3761173828,
    "operatingIncome": 34536000000,
    "operatingIncomeRatio": 0.3246261291,
    "totalOtherIncomeExpensesNet": 0,
    "incomeBeforeTax": 34536000000,
    "incomeBeforeTaxRatio": 0.3246261291,
    "incomeTaxExpense": 9803000000,
    "netIncome": 24733000000,
    "netIncomeRatio": 0.2324814122,
    "eps": 6.24,
    "epsdiluted": 6.19,
    "weightedAverageShsOut": 3618500000,
    "weightedAverageShsOutDil": 3649800000,
    "link": "https://www.sec.gov/Archives/edgar/data/19617/000001961717000314/0000019617-17-000314-index.html",
    "finalLink": "https://www.sec.gov/Archives/edgar/data/19617/000001961717000314/corp10k2016.htm"
  },
  {
    "date": "2015-12-31",
    "symbol": "JPM",
    "reportedCurrency": "USD",
    "cik": "0000019617",
    "fillingDate": "2016-02-23",
    "acceptedDate": "2016-02-23 16:17:46",
    "calendarYear": "2015",
    "period": "FY",
    "revenue": 101006000000,
    "costOfRevenue": 11290000000,
    "grossProfit": 89716000000,
    "grossProfitRatio": 0.8882244619,
    "researchAndDevelopmentExpenses": 0,
    "generalAndAdministrativeExpenses": 29750000000,
    "sellingAndMarketingExpenses": 2708000000,
    "sellingGeneralAndAdministrativeExpenses": 32458000000,
    "otherExpenses": 26556000000,
    "operatingExpenses": 59014000000,
    "costAndExpenses": 70304000000,
    "interestIncome": 50973000000,
    "interestExpense": 7463000000,
    "depreciationAndAmortization": 4940000000,
    "ebitda": 35642000000,
    "ebitdaratio": 0.3528701265,
    "operatingIncome": 30702000000,
    "operatingIncomeRatio": 0.3039621409,
    "totalOtherIncomeExpensesNet": 0,
    "incomeBeforeTax": 30702000000,
    "incomeBeforeTaxRatio": 0.3039621409,
    "incomeTaxExpense": 6260000000,
    "netIncome": 24442000000,
    "netIncomeRatio": 0.2419856246,
    "eps": 6.05,
    "epsdiluted": 6,
    "weightedAverageShsOut": 3707800000,
    "weightedAverageShsOutDil": 3775167000,
    "link": "https://www.sec.gov/Archives/edgar/data/19617/000001961716000902/0000019617-16-000902-index.html",
    "finalLink": "https://www.sec.gov/Archives/edgar/data/19617/000001961716000902/corp10k2015.htm"
  },
  {
    "date": "2014-12-31",
    "symbol": "JPM",
    "reportedCurrency": "USD",
    "cik": "0000019617",
    "fillingDate": "2015-02-24",
    "acceptedDate": "2015-02-24 16:04:18",
    "calendarYear": "2014",
    "period": "FY",
    "revenue": 103009000000,
    "costOfRevenue": 11036000000,
    "grossProfit": 91973000000,
    "grossProfitRatio": 0.8928637304,
    "researchAndDevelopmentExpenses": 0,
    "generalAndAdministrativeExpenses": 30160000000,
    "sellingAndMarketingExpenses": 2550000000,
    "sellingGeneralAndAdministrativeExpenses": 32710000000,
    "otherExpenses": 28564000000,
    "operatingExpenses": 61274000000,
    "costAndExpenses": 72310000000,
    "interestIncome": 51531000000,
    "interestExpense": 7897000000,
    "depreciationAndAmortization": 4759000000,
    "ebitda": 35458000000,
    "ebitdaratio": 0.3442223495,
    "operatingIncome": 30699000000,
    "operatingIncomeRatio": 0.2980225029,
    "totalOtherIncomeExpensesNet": 0,
    "incomeBeforeTax": 30699000000,
    "incomeBeforeTaxRatio": 0.2980225029,
    "incomeTaxExpense": 8954000000,
    "netIncome": 21745000000,
    "netIncomeRatio": 0.2110980594,
    "eps": 5.33,
    "epsdiluted": 5.29,
    "weightedAverageShsOut": 3795274000,
    "weightedAverageShsOutDil": 3797500000,
    "link": "https://www.sec.gov/Archives/edgar/data/19617/000001961715000272/corp10k2014.htm",
    "finalLink": "https://www.sec.gov/Archives/edgar/data/19617/000001961715000272/corp10k2014.htm"
  },
  {
    "date": "2013-12-31",
    "symbol": "JPM",
    "reportedCurrency": "USD",
    "cik": "0000019617",
    "fillingDate": "2014-02-20",
    "acceptedDate": "2014-02-19 20:02:20",
    "calendarYear": "2013",
    "period": "FY",
    "revenue": 106717000000,
    "costOfRevenue": 9575000000,
    "grossProfit": 97142000000,
    "grossProfitRatio": 0.9102767132,
    "researchAndDevelopmentExpenses": 0,
    "generalAndAdministrativeExpenses": 30810000000,
    "sellingAndMarketingExpenses": 2500000000,
    "sellingGeneralAndAdministrativeExpenses": 33310000000,
    "otherExpenses": 37157000000,
    "operatingExpenses": 70467000000,
    "costAndExpenses": 80042000000,
    "interestIncome": 52669000000,
    "interestExpense": 9350000000,
    "depreciationAndAmortization": 5306000000,
    "ebitda": 31981000000,
    "ebitdaratio": 0.2996804633,
    "operatingIncome": 26675000000,
    "operatingIncomeRatio": 0.249960175,
    "totalOtherIncomeExpensesNet": 0,
    "incomeBeforeTax": 26675000000,
    "incomeBeforeTaxRatio": 0.249960175,
    "incomeTaxExpense": 8789000000,
    "netIncome": 17886000000,
    "netIncomeRatio": 0.1676021627,
    "eps": 4.38,
    "epsdiluted": 4.34,
    "weightedAverageShsOut": 3814900000,
    "weightedAverageShsOutDil": 3814977000,
    "link": "https://www.sec.gov/Archives/edgar/data/19617/000001961714000289/corp10k2013.htm",
    "finalLink": "https://www.sec.gov/Archives/edgar/data/19617/000001961714000289/corp10k2013.htm"
  },
  {
    "date": "2012-12-31",
    "symbol": "JPM",
    "reportedCurrency": "USD",
    "cik": "0000019617",
    "fillingDate": "2013-02-28",
    "acceptedDate": "2013-02-28 16:06:59",
    "calendarYear": "2012",
    "period": "FY",
    "revenue": 108074000000,
    "costOfRevenue": 14428000000,
    "grossProfit": 93646000000,
    "grossProfitRatio": 0.8664988804,
    "researchAndDevelopmentExpenses": 0,
    "generalAndAdministrativeExpenses": 30585000000,
    "sellingAndMarketingExpenses": 2577000000,
    "sellingGeneralAndAdministrativeExpenses": 33162000000,
    "otherExpenses": 31567000000,
    "operatingExpenses": 64729000000,
    "costAndExpenses": 79157000000,
    "interestIncome": 55953000000,
    "interestExpense": 11043000000,
    "depreciationAndAmortization": 5147000000,
    "ebitda": 34064000000,
    "ebitdaratio": 0.3151914429,
    "operatingIncome": 28917000000,
    "operatingIncomeRatio": 0.2675666673,
    "totalOtherIncomeExpensesNet": 0,
    "incomeBeforeTax": 28917000000,
    "incomeBeforeTaxRatio": 0.2675666673,
    "incomeTaxExpense": 7633000000,
    "netIncome": 20530000000,
    "netIncomeRatio": 0.1899624331,
    "eps": 5.22,
    "epsdiluted": 5.2,
    "weightedAverageShsOut": 3822200000,
    "weightedAverageShsOutDil": 3822500000,
    "link": "https://www.sec.gov/Archives/edgar/data/19617/000001961713000221/0000019617-13-000221-index.html",
    "finalLink": "https://www.sec.gov/Archives/edgar/data/19617/000001961713000221/corp10k2012.htm"
  },
  {
    "date": "2011-12-31",
    "symbol": "JPM",
    "reportedCurrency": "USD",
    "cik": "0000019617",
    "fillingDate": "2012-02-29",
    "acceptedDate": "2012-02-29 10:29:19",
    "calendarYear": "2011",
    "period": "FY",
    "revenue": 110838000000,
    "costOfRevenue": 21178000000,
    "grossProfit": 89660000000,
    "grossProfitRatio": 0.8089283459,
    "researchAndDevelopmentExpenses": 0,
    "generalAndAdministrativeExpenses": 29037000000,
    "sellingAndMarketingExpenses": 3143000000,
    "sellingGeneralAndAdministrativeExpenses": 32180000000,
    "otherExpenses": 30731000000,
    "operatingExpenses": 62911000000,
    "costAndExpenses": 84089000000,
    "interestIncome": 61293000000,
    "interestExpense": 13604000000,
    "depreciationAndAmortization": 5105000000,
    "ebitda": 31854000000,
    "ebitdaratio": 0.2873924105,
    "operatingIncome": 26749000000,
    "operatingIncomeRatio": 0.2413341995,
    "totalOtherIncomeExpensesNet": 0,
    "incomeBeforeTax": 26749000000,
    "incomeBeforeTaxRatio": 0.2413341995,
    "incomeTaxExpense": 7773000000,
    "netIncome": 18197000000,
    "netIncomeRatio": 0.1641765459,
    "eps": 4.5,
    "epsdiluted": 4.48,
    "weightedAverageShsOut": 3900400000,
    "weightedAverageShsOutDil": 3920300000,
    "link": "https://www.sec.gov/Archives/edgar/data/19617/000001961712000163/0000019617-12-000163-index.html",
    "finalLink": "https://www.sec.gov/Archives/edgar/data/19617/000001961712000163/corp10k2011.htm"
  },
  {
    "date": "2010-12-31",
    "symbol": "JPM",
    "reportedCurrency": "USD",
    "cik": "0000019617",
    "fillingDate": "2011-02-28",
    "acceptedDate": "2011-02-28 16:27:50",
    "calendarYear": "2010",
    "period": "FY",
    "revenue": 115475000000,
    "costOfRevenue": 29420000000,
    "grossProfit": 86055000000,
    "grossProfitRatio": 0.7452262394,
    "researchAndDevelopmentExpenses": 0,
    "generalAndAdministrativeExpenses": 28124000000,
    "sellingAndMarketingExpenses": 2446000000,
    "sellingGeneralAndAdministrativeExpenses": 30570000000,
    "otherExpenses": 30626000000,
    "operatingExpenses": 61196000000,
    "costAndExpenses": 90616000000,
    "interestIncome": 63782000000,
    "interestExpense": 12781000000,
    "depreciationAndAmortization": 4965000000,
    "ebitda": 29824000000,
    "ebitdaratio": 0.2582723533,
    "operatingIncome": 24859000000,
    "operatingIncomeRatio": 0.2152760338,
    "totalOtherIncomeExpensesNet": 0,
    "incomeBeforeTax": 24859000000,
    "incomeBeforeTaxRatio": 0.2152760338,
    "incomeTaxExpense": 7489000000,
    "netIncome": 16406000000,
    "netIncomeRatio": 0.142074042,
    "eps": 3.98,
    "epsdiluted": 3.96,
    "weightedAverageShsOut": 3956300000,
    "weightedAverageShsOutDil": 3976900000,
    "link": "https://www.sec.gov/Archives/edgar/data/19617/000095012311019773/y86143e10vk.htm",
    "finalLink": "https://www.sec.gov/Archives/edgar/data/19617/000095012311019773/y86143e10vk.htm"
  },
  {
    "date": "2009-12-31",
    "symbol": "JPM",
    "reportedCurrency": "USD",
    "cik": "0000019617",
    "fillingDate": "2010-02-24",
    "acceptedDate": "2010-02-24 06:19:22",
    "calendarYear": "2009",
    "period": "FY",
    "revenue": 115632000000,
    "costOfRevenue": 47213000000,
    "grossProfit": 68419000000,
    "grossProfitRatio": 0.5916960703,
    "researchAndDevelopmentExpenses": 0,
    "generalAndAdministrativeExpenses": 26928000000,
    "sellingAndMarketingExpenses": 1777000000,
    "sellingGeneralAndAdministrativeExpenses": 28705000000,
    "otherExpenses": 23647000000,
    "operatingExpenses": 52352000000,
    "costAndExpenses": 99565000000,
    "interestIncome": 66350000000,
    "interestExpense": 15198000000,
    "depreciationAndAmortization": 4358000000,
    "ebitda": 20425000000,
    "ebitdaratio": 0.1766379549,
    "operatingIncome": 16067000000,
    "operatingIncomeRatio": 0.1389494258,
    "totalOtherIncomeExpensesNet": 0,
    "incomeBeforeTax": 16067000000,
    "incomeBeforeTaxRatio": 0.1389494258,
    "incomeTaxExpense": 4415000000,
    "netIncome": 10025000000,
    "netIncomeRatio": 0.086697454,
    "eps": 2.27,
    "epsdiluted": 2.26,
    "weightedAverageShsOut": 3862800000,
    "weightedAverageShsOutDil": 3879700000,
    "link": "https://www.sec.gov/Archives/edgar/data/19617/000095012310016029/0000950123-10-016029-index.html",
    "finalLink": "https://www.sec.gov/Archives/edgar/data/19617/000095012310016029/e82150e10vk.htm"
  },
  {
    "date": "2008-12-31",
    "symbol": "JPM",
    "reportedCurrency": "USD",
    "cik": "0000019617",
    "fillingDate": "2009-03-02",
    "acceptedDate": "2009-03-02 16:12:08",
    "calendarYear": "2008",
    "period": "FY",
    "revenue": 101491000000,
    "costOfRevenue": 55218000000,
    "grossProfit": 46273000000,
    "grossProfitRatio": 0.4559320531,
    "researchAndDevelopmentExpenses": 0,
    "generalAndAdministrativeExpenses": 22746000000,
    "sellingAndMarketingExpenses": 1913000000,
    "sellingGeneralAndAdministrativeExpenses": 24659000000,
    "otherExpenses": 18841000000,
    "operatingExpenses": 43500000000,
    "costAndExpenses": 98718000000,
    "interestIncome": 73018000000,
    "interestExpense": 34239000000,
    "depreciationAndAmortization": 4528000000,
    "ebitda": 7301000000,
    "ebitdaratio": 0.0719374132,
    "operatingIncome": 2773000000,
    "operatingIncomeRatio": 0.0273226197,
    "totalOtherIncomeExpensesNet": 0,
    "incomeBeforeTax": 2773000000,
    "incomeBeforeTaxRatio": 0.0273226197,
    "incomeTaxExpense": -926000000,
    "netIncome": 5605000000,
    "netIncomeRatio": 0.0552265718,
    "eps": 1.41,
    "epsdiluted": 1.37,
    "weightedAverageShsOut": 3501100000,
    "weightedAverageShsOutDil": 3604900000,
    "link": "https://www.sec.gov/Archives/edgar/data/19617/000095012309003840/0000950123-09-003840-index.html",
    "finalLink": "https://www.sec.gov/Archives/edgar/data/19617/000095012309003840/y74757e10vk.htm"
  },
  {
    "date": "2007-12-31",
    "symbol": "JPM",
    "reportedCurrency": "USD",
    "cik": "0000019617",
    "fillingDate": "2008-02-29",
    "acceptedDate": "2008-02-29 15:24:16",
    "calendarYear": "2007",
    "period": "FY",
    "revenue": 116353000000,
    "costOfRevenue": 51845000000,
    "grossProfit": 64508000000,
    "grossProfitRatio": 0.5544163021,
    "researchAndDevelopmentExpenses": 0,
    "generalAndAdministrativeExpenses": 22689000000,
    "sellingAndMarketingExpenses": 2070000000,
    "sellingGeneralAndAdministrativeExpenses": 24759000000,
    "otherExpenses": 16944000000,
    "operatingExpenses": 41703000000,
    "costAndExpenses": 93548000000,
    "interestIncome": 71387000000,
    "interestExpense": 44981000000,
    "depreciationAndAmortization": 3821000000,
    "ebitda": 26626000000,
    "ebitdaratio": 0.2288381047,
    "operatingIncome": 22805000000,
    "operatingIncomeRatio": 0.1959983842,
    "totalOtherIncomeExpensesNet": 0,
    "incomeBeforeTax": 22805000000,
    "incomeBeforeTaxRatio": 0.1959983842,
    "incomeTaxExpense": 7440000000,
    "netIncome": 15365000000,
    "netIncomeRatio": 0.1320550394,
    "eps": 4.38,
    "epsdiluted": 4.33,
    "weightedAverageShsOut": 3404000000,
    "weightedAverageShsOutDil": 3445300000,
    "link": "https://www.sec.gov/Archives/edgar/data/19617/000119312508043536/d10k.htm",
    "finalLink": "https://www.sec.gov/Archives/edgar/data/19617/000119312508043536/d10k.htm"
  },
  {
    "date": "2006-12-31",
    "symbol": "JPM",
    "reportedCurrency": "USD",
    "cik": "0000019617",
    "fillingDate": "2007-03-01",
    "acceptedDate": "2007-03-01 14:41:44",
    "calendarYear": "2006",
    "period": "FY",
    "revenue": 99864000000,
    "costOfRevenue": 41135000000,
    "grossProfit": 58729000000,
    "grossProfitRatio": 0.5880898021,
    "researchAndDevelopmentExpenses": 0,
    "generalAndAdministrativeExpenses": 21191000000,
    "sellingAndMarketingExpenses": 2209000000,
    "sellingGeneralAndAdministrativeExpenses": 23400000000,
    "otherExpenses": 15443000000,
    "operatingExpenses": 38843000000,
    "costAndExpenses": 79978000000,
    "interestIncome": 59107000000,
    "interestExpense": 37865000000,
    "depreciationAndAmortization": 3577000000,
    "ebitda": 23463000000,
    "ebitdaratio": 0.2349495314,
    "operatingIncome": 19886000000,
    "operatingIncomeRatio": 0.1991308179,
    "totalOtherIncomeExpensesNet": 0,
    "incomeBeforeTax": 19886000000,
    "incomeBeforeTaxRatio": 0.1991308179,
    "incomeTaxExpense": 6237000000,
    "netIncome": 14444000000,
    "netIncomeRatio": 0.1446367059,
    "eps": 4.16,
    "epsdiluted": 4.04,
    "weightedAverageShsOut": 3470000000,
    "weightedAverageShsOutDil": 3574000000,
    "link": "https://www.sec.gov/Archives/edgar/data/19617/000095012307003015/y30834e10vk.htm",
    "finalLink": "https://www.sec.gov/Archives/edgar/data/19617/000095012307003015/y30834e10vk.htm"
  },
  {
    "date": "2005-12-31",
    "symbol": "JPM",
    "reportedCurrency": "USD",
    "cik": "0000019617",
    "fillingDate": "2006-03-09",
    "acceptedDate": "2006-03-09 17:01:17",
    "calendarYear": "2005",
    "period": "FY",
    "revenue": 79768000000,
    "costOfRevenue": 29003000000,
    "grossProfit": 50765000000,
    "grossProfitRatio": 0.6364080834,
    "researchAndDevelopmentExpenses": 0,
    "generalAndAdministrativeExpenses": 18065000000,
    "sellingAndMarketingExpenses": 1917000000,
    "sellingGeneralAndAdministrativeExpenses": 19982000000,
    "otherExpenses": 18944000000,
    "operatingExpenses": 38926000000,
    "costAndExpenses": 67929000000,
    "interestIncome": 45075000000,
    "interestExpense": 25520000000,
    "depreciationAndAmortization": 4318000000,
    "ebitda": 16157000000,
    "ebitdaratio": 0.2025498947,
    "operatingIncome": 11839000000,
    "operatingIncomeRatio": 0.1484179119,
    "totalOtherIncomeExpensesNet": 0,
    "incomeBeforeTax": 11839000000,
    "incomeBeforeTaxRatio": 0.1484179119,
    "incomeTaxExpense": 3585000000,
    "netIncome": 8483000000,
    "netIncomeRatio": 0.1063459031,
    "eps": 2.43,
    "epsdiluted": 2.38,
    "weightedAverageShsOut": 3492000000,
    "weightedAverageShsOutDil": 3557000000,
    "link": "https://www.sec.gov/Archives/edgar/data/19617/000095012306002875/0000950123-06-002875-index.htm",
    "finalLink": "https://www.sec.gov/Archives/edgar/data/19617/000095012306002875/y17599e10vk.htm"
  },
  {
    "date": "2004-12-31",
    "symbol": "JPM",
    "reportedCurrency": "USD",
    "cik": "0000019617",
    "fillingDate": "2005-03-02",
    "acceptedDate": "2005-03-02 16:42:32",
    "calendarYear": "2004",
    "period": "FY",
    "revenue": 56305000000,
    "costOfRevenue": 16477000000,
    "grossProfit": 39828000000,
    "grossProfitRatio": 0.7073616908,
    "researchAndDevelopmentExpenses": 0,
    "generalAndAdministrativeExpenses": 14291000000,
    "sellingAndMarketingExpenses": 1335000000,
    "sellingGeneralAndAdministrativeExpenses": 15626000000,
    "otherExpenses": 18346000000,
    "operatingExpenses": 33972000000,
    "costAndExpenses": 50449000000,
    "interestIncome": 30460000000,
    "interestExpense": 13933000000,
    "depreciationAndAmortization": 3835000000,
    "ebitda": 9691000000,
    "ebitdaratio": 0.1721161531,
    "operatingIncome": 5856000000,
    "operatingIncomeRatio": 0.1040049729,
    "totalOtherIncomeExpensesNet": 0,
    "incomeBeforeTax": 5856000000,
    "incomeBeforeTaxRatio": 0.1040049729,
    "incomeTaxExpense": 1596000000,
    "netIncome": 4466000000,
    "netIncomeRatio": 0.0793180002,
    "eps": 1.59,
    "epsdiluted": 1.55,
    "weightedAverageShsOut": 2780000000,
    "weightedAverageShsOutDil": 2851000000,
    "link": "https://www.sec.gov/Archives/edgar/data/19617/000095012305002539/0000950123-05-002539-index.htm",
    "finalLink": "https://www.sec.gov/Archives/edgar/data/19617/000095012305002539/y05475e10vk.htm"
  },
  {
    "date": "2003-12-31",
    "symbol": "JPM",
    "reportedCurrency": "USD",
    "cik": "0000019617",
    "fillingDate": "2004-02-18",
    "acceptedDate": "2004-02-18 16:17:06",
    "calendarYear": "2003",
    "period": "FY",
    "revenue": 44363000000,
    "costOfRevenue": 12647000000,
    "grossProfit": 31716000000,
    "grossProfitRatio": 0.7149200911,
    "researchAndDevelopmentExpenses": 0,
    "generalAndAdministrativeExpenses": 11695000000,
    "sellingAndMarketingExpenses": 710000000,
    "sellingGeneralAndAdministrativeExpenses": 12405000000,
    "otherExpenses": 9283000000,
    "operatingExpenses": 21688000000,
    "costAndExpenses": 34335000000,
    "interestIncome": 23444000000,
    "interestExpense": 11107000000,
    "depreciationAndAmortization": 3101000000,
    "ebitda": 13129000000,
    "ebitdaratio": 0.2959448189,
    "operatingIncome": 10028000000,
    "operatingIncomeRatio": 0.226044226,
    "totalOtherIncomeExpensesNet": 0,
    "incomeBeforeTax": 10028000000,
    "incomeBeforeTaxRatio": 0.226044226,
    "incomeTaxExpense": 3309000000,
    "netIncome": 6719000000,
    "netIncomeRatio": 0.1514550414,
    "eps": 3.32,
    "epsdiluted": 3.24,
    "weightedAverageShsOut": 2009000000,
    "weightedAverageShsOutDil": 2055000000,
    "link": "https://www.sec.gov/Archives/edgar/data/19617/000095012304002022/0000950123-04-002022-index.htm",
    "finalLink": "https://www.sec.gov/Archives/edgar/data/19617/000095012304002022/y94051e10vk.htm"
  },
  {
    "date": "2002-12-31",
    "symbol": "JPM",
    "reportedCurrency": "USD",
    "cik": "0000019617",
    "fillingDate": "2003-03-19",
    "acceptedDate": "2003-03-19 15:16:01",
    "calendarYear": "2002",
    "period": "FY",
    "revenue": 43372000000,
    "costOfRevenue": 18089000000,
    "grossProfit": 25283000000,
    "grossProfitRatio": 0.5829336899,
    "researchAndDevelopmentExpenses": 0,
    "generalAndAdministrativeExpenses": 10693000000,
    "sellingAndMarketingExpenses": 689000000,
    "sellingGeneralAndAdministrativeExpenses": 11382000000,
    "otherExpenses": 11382000000,
    "operatingExpenses": 22764000000,
    "costAndExpenses": 40853000000,
    "interestIncome": 25936000000,
    "interestExpense": 13758000000,
    "depreciationAndAmortization": 3426000000,
    "ebitda": 5945000000,
    "ebitdaratio": 0.1370699991,
    "operatingIncome": 2519000000,
    "operatingIncomeRatio": 0.0580789449,
    "totalOtherIncomeExpensesNet": 0,
    "incomeBeforeTax": 2519000000,
    "incomeBeforeTaxRatio": 0.0580789449,
    "incomeTaxExpense": 856000000,
    "netIncome": 1663000000,
    "netIncomeRatio": 0.0383427096,
    "eps": 0.81,
    "epsdiluted": 0.8,
    "weightedAverageShsOut": 1984000000,
    "weightedAverageShsOutDil": 2009000000,
    "link": "https://www.sec.gov/Archives/edgar/data/19617/000095012303002985/0000950123-03-002985-index.htm",
    "finalLink": "https://www.sec.gov/Archives/edgar/data/19617/000095012303002985/y83354e10vk.htm"
  },
  {
    "date": "2001-12-31",
    "symbol": "JPM",
    "reportedCurrency": "USD",
    "cik": "0000019617",
    "fillingDate": "2002-03-22",
    "acceptedDate": "2002-03-22 00:00:00",
    "calendarYear": "2001",
    "period": "FY",
    "revenue": 50429000000,
    "costOfRevenue": 24564000000,
    "grossProfit": 25865000000,
    "grossProfitRatio": 0.5128993238,
    "researchAndDevelopmentExpenses": 0,
    "generalAndAdministrativeExpenses": 11944000000,
    "sellingAndMarketingExpenses": 601000000,
    "sellingGeneralAndAdministrativeExpenses": 12545000000,
    "otherExpenses": 10754000000,
    "operatingExpenses": 23299000000,
    "costAndExpenses": 47863000000,
    "interestIncome": 32181000000,
    "interestExpense": 21379000000,
    "depreciationAndAmortization": 2891000000,
    "ebitda": 5457000000,
    "ebitdaratio": 0.1082115449,
    "operatingIncome": 2566000000,
    "operatingIncomeRatio": 0.0508834203,
    "totalOtherIncomeExpensesNet": 0,
    "incomeBeforeTax": 2566000000,
    "incomeBeforeTaxRatio": 0.0508834203,
    "incomeTaxExpense": 847000000,
    "netIncome": 1694000000,
    "netIncomeRatio": 0.0335917825,
    "eps": 0.83,
    "epsdiluted": 0.8,
    "weightedAverageShsOut": 1972400000,
    "weightedAverageShsOutDil": 2023600000,
    "link": "https://www.sec.gov/Archives/edgar/data/19617/000095012302002823/0000950123-02-002823-index.htm",
    "finalLink": "https://www.sec.gov/Archives/edgar/data/19617/000095012302002823/y57010e10-k405.htm"
  },
  {
    "date": "2000-12-31",
    "symbol": "JPM",
    "reportedCurrency": "USD",
    "cik": "0000019617",
    "fillingDate": "2001-03-22",
    "acceptedDate": "2001-03-22 00:00:00",
    "calendarYear": "2000",
    "period": "FY",
    "revenue": 60065000000,
    "costOfRevenue": 28508000000,
    "grossProfit": 31557000000,
    "grossProfitRatio": 0.5253808374,
    "researchAndDevelopmentExpenses": 0,
    "generalAndAdministrativeExpenses": 12748000000,
    "sellingAndMarketingExpenses": 595000000,
    "sellingGeneralAndAdministrativeExpenses": 13343000000,
    "otherExpenses": 9481000000,
    "operatingExpenses": 22824000000,
    "costAndExpenses": 51332000000,
    "interestIncome": 36643000000,
    "interestExpense": 27131000000,
    "depreciationAndAmortization": 2545000000,
    "ebitda": 11278000000,
    "ebitdaratio": 0.1877632565,
    "operatingIncome": 8733000000,
    "operatingIncomeRatio": 0.1453924915,
    "totalOtherIncomeExpensesNet": 0,
    "incomeBeforeTax": 8733000000,
    "incomeBeforeTaxRatio": 0.1453924915,
    "incomeTaxExpense": 3006000000,
    "netIncome": 5727000000,
    "netIncomeRatio": 0.0953467077,
    "eps": 2.99,
    "epsdiluted": 2.86,
    "weightedAverageShsOut": 1884100000,
    "weightedAverageShsOutDil": 1969000000,
    "link": "https://www.sec.gov/Archives/edgar/data/19617/000095012301002499/0000950123-01-002499-index.htm",
    "finalLink": "https://www.sec.gov/Archives/edgar/data/19617/000095012301002499/y46253e10-k405.txt"
  },
  {
    "date": "1999-12-31",
    "symbol": "JPM",
    "reportedCurrency": "USD",
    "cik": "0000019617",
    "fillingDate": "2000-03-13",
    "acceptedDate": "2000-03-13 00:00:00",
    "calendarYear": "1999",
    "period": "FY",
    "revenue": 51852000000,
    "costOfRevenue": 22368000000,
    "grossProfit": 29484000000,
    "grossProfitRatio": 0.5686183754,
    "researchAndDevelopmentExpenses": 0,
    "generalAndAdministrativeExpenses": 10534000000,
    "sellingAndMarketingExpenses": 503000000,
    "sellingGeneralAndAdministrativeExpenses": 11037000000,
    "otherExpenses": 6958000000,
    "operatingExpenses": 17995000000,
    "costAndExpenses": 40363000000,
    "interestIncome": 31207000000,
    "interestExpense": 20922000000,
    "depreciationAndAmortization": 1945000000,
    "ebitda": 13434000000,
    "ebitdaratio": 0.2590835455,
    "operatingIncome": 11489000000,
    "operatingIncomeRatio": 0.2215729384,
    "totalOtherIncomeExpensesNet": 0,
    "incomeBeforeTax": 11489000000,
    "incomeBeforeTaxRatio": 0.2215729384,
    "incomeTaxExpense": 3988000000,
    "netIncome": 7501000000,
    "netIncomeRatio": 0.1446617295,
    "eps": 6.12,
    "epsdiluted": 6.01,
    "weightedAverageShsOut": 1226242000,
    "weightedAverageShsOutDil": 1247307000,
    "link": "https://www.sec.gov/Archives/edgar/data/19617/000095012300002204/0000950123-00-002204-index.htm",
    "finalLink": "https://www.sec.gov/Archives/edgar/data/19617/000095012300002204/0000950123-00-002204.txt"
  },
  {
    "date": "1998-12-31",
    "symbol": "JPM",
    "reportedCurrency": "USD",
    "cik": "0000019617",
    "fillingDate": "1999-03-11",
    "acceptedDate": "1999-03-11 00:00:00",
    "calendarYear": "1998",
    "period": "FY",
    "revenue": 32379000000,
    "costOfRevenue": 15066000000,
    "grossProfit": 17313000000,
    "grossProfitRatio": 0.5346984156,
    "researchAndDevelopmentExpenses": 0,
    "generalAndAdministrativeExpenses": 5879000000,
    "sellingAndMarketingExpenses": 0,
    "sellingGeneralAndAdministrativeExpenses": 5879000000,
    "otherExpenses": 5504000000,
    "operatingExpenses": 11383000000,
    "costAndExpenses": 26449000000,
    "interestIncome": 22289000000,
    "interestExpense": 13723000000,
    "depreciationAndAmortization": 1170000000,
    "ebitda": 7100000000,
    "ebitdaratio": 0.2192779271,
    "operatingIncome": 5930000000,
    "operatingIncomeRatio": 0.1831433954,
    "totalOtherIncomeExpensesNet": 0,
    "incomeBeforeTax": 5930000000,
    "incomeBeforeTaxRatio": 0.1831433954,
    "incomeTaxExpense": 2148000000,
    "netIncome": 3782000000,
    "netIncomeRatio": 0.1168041014,
    "eps": 2.9,
    "epsdiluted": 2.83,
    "weightedAverageShsOut": 1269150000,
    "weightedAverageShsOutDil": 1303950000,
    "link": "https://www.sec.gov/Archives/edgar/data/19617/000095012399002057/0000950123-99-002057-index.htm",
    "finalLink": "https://www.sec.gov/Archives/edgar/data/19617/000095012399002057/"
  },
  {
    "date": "1997-12-31",
    "symbol": "JPM",
    "reportedCurrency": "USD",
    "cik": "0000019617",
    "fillingDate": "1998-03-30",
    "acceptedDate": "1998-03-30 00:00:00",
    "calendarYear": "1997",
    "period": "FY",
    "revenue": 30406000000,
    "costOfRevenue": 14402000000,
    "grossProfit": 16004000000,
    "grossProfitRatio": 0.5263434848,
    "researchAndDevelopmentExpenses": 0,
    "generalAndAdministrativeExpenses": 5437000000,
    "sellingAndMarketingExpenses": 0,
    "sellingGeneralAndAdministrativeExpenses": 5437000000,
    "otherExpenses": 4657000000,
    "operatingExpenses": 10094000000,
    "costAndExpenses": 24496000000,
    "interestIncome": 21851000000,
    "interestExpense": 13598000000,
    "depreciationAndAmortization": 951000000,
    "ebitda": 6861000000,
    "ebitdaratio": 0.225646254,
    "operatingIncome": 5910000000,
    "operatingIncomeRatio": 0.1943695323,
    "totalOtherIncomeExpensesNet": 0,
    "incomeBeforeTax": 5910000000,
    "incomeBeforeTaxRatio": 0.1943695323,
    "incomeTaxExpense": 2202000000,
    "netIncome": 3708000000,
    "netIncomeRatio": 0.1219496152,
    "eps": 2.77,
    "epsdiluted": 2.67,
    "weightedAverageShsOut": 1273800000,
    "weightedAverageShsOutDil": 1317600000,
    "link": "https://www.sec.gov/Archives/edgar/data/19617/000095012398003043/0000950123-98-003043-index.htm",
    "finalLink": "https://www.sec.gov/Archives/edgar/data/19617/000095012398003043/"
  },
  {
    "date": "1996-12-31",
    "symbol": "JPM",
    "reportedCurrency": "USD",
    "cik": "0000019617",
    "fillingDate": "1997-03-25",
    "acceptedDate": "1997-03-25 00:00:00",
    "calendarYear": "1996",
    "period": "FY",
    "revenue": 27444000000,
    "costOfRevenue": 12466000000,
    "grossProfit": 14978000000,
    "grossProfitRatio": 0.5457659233,
    "researchAndDevelopmentExpenses": 0,
    "generalAndAdministrativeExpenses": 5158000000,
    "sellingAndMarketingExpenses": 0,
    "sellingGeneralAndAdministrativeExpenses": 5158000000,
    "otherExpenses": 6009000000,
    "operatingExpenses": 11167000000,
    "costAndExpenses": 23633000000,
    "interestIncome": 19900000000,
    "interestExpense": 11569000000,
    "depreciationAndAmortization": 869000000,
    "ebitda": 4680000000,
    "ebitdaratio": 0.1705290774,
    "operatingIncome": 3811000000,
    "operatingIncomeRatio": 0.138864597,
    "totalOtherIncomeExpensesNet": 0,
    "incomeBeforeTax": 3811000000,
    "incomeBeforeTaxRatio": 0.138864597,
    "incomeTaxExpense": 1350000000,
    "netIncome": 2461000000,
    "netIncomeRatio": 0.089673517,
    "eps": 1.71,
    "epsdiluted": 1.65,
    "weightedAverageShsOut": 1311111000,
    "weightedAverageShsOutDil": 1360200000,
    "link": "https://www.sec.gov/Archives/edgar/data/19617/000095012397002412/0000950123-97-002412-index.htm",
    "finalLink": "https://www.sec.gov/Archives/edgar/data/19617/0000950123-97-002412.txt"
  },
  {
    "date": "1995-12-31",
    "symbol": "JPM",
    "reportedCurrency": "USD",
    "cik": "0000019617",
    "fillingDate": "1996-03-20",
    "acceptedDate": "1996-03-20 00:00:00",
    "calendarYear": "1995",
    "period": "FY",
    "revenue": 26368000000,
    "costOfRevenue": 12166000000,
    "grossProfit": 14202000000,
    "grossProfitRatio": 0.5386074029,
    "researchAndDevelopmentExpenses": 0,
    "generalAndAdministrativeExpenses": 5107000000,
    "sellingAndMarketingExpenses": 0,
    "sellingGeneralAndAdministrativeExpenses": 5107000000,
    "otherExpenses": 4283000000,
    "operatingExpenses": 9390000000,
    "costAndExpenses": 21556000000,
    "interestIncome": 19531000000,
    "interestExpense": 11408000000,
    "depreciationAndAmortization": 866000000,
    "ebitda": 5678000000,
    "ebitdaratio": 0.2153367718,
    "operatingIncome": 4812000000,
    "operatingIncomeRatio": 0.182493932,
    "totalOtherIncomeExpensesNet": 0,
    "incomeBeforeTax": 4812000000,
    "incomeBeforeTaxRatio": 0.182493932,
    "incomeTaxExpense": 1842000000,
    "netIncome": 2959000000,
    "netIncomeRatio": 0.1122193568,
    "eps": 2.11,
    "epsdiluted": 2.02,
    "weightedAverageShsOut": 801829000,
    "weightedAverageShsOutDil": 853896000,
    "link": "https://www.sec.gov/Archives/edgar/data/19617/000095012396001197/0000950123-96-001197-index.htm",
    "finalLink": "https://www.sec.gov/Archives/edgar/data/19617/000095012396001197/"
  },
  {
    "date": "1994-12-31",
    "symbol": "JPM",
    "reportedCurrency": "USD",
    "cik": "0000019617",
    "fillingDate": "1995-03-27",
    "acceptedDate": "1995-03-27 00:00:00",
    "calendarYear": "1994",
    "period": "FY",
    "revenue": 12685000000,
    "costOfRevenue": 4964000000,
    "grossProfit": 7721000000,
    "grossProfitRatio": 0.6086716594,
    "researchAndDevelopmentExpenses": 0,
    "generalAndAdministrativeExpenses": 2644000000,
    "sellingAndMarketingExpenses": 0,
    "sellingGeneralAndAdministrativeExpenses": 2644000000,
    "otherExpenses": 2865000000,
    "operatingExpenses": 5509000000,
    "costAndExpenses": 10473000000,
    "interestIncome": 9088000000,
    "interestExpense": 4414000000,
    "depreciationAndAmortization": 377000000,
    "ebitda": 2589000000,
    "ebitdaratio": 0.2040993299,
    "operatingIncome": 2212000000,
    "operatingIncomeRatio": 0.174379188,
    "totalOtherIncomeExpensesNet": 0,
    "incomeBeforeTax": 2212000000,
    "incomeBeforeTaxRatio": 0.174379188,
    "incomeTaxExpense": 918000000,
    "netIncome": 1294000000,
    "netIncomeRatio": 0.1020102483,
    "eps": 1.55,
    "epsdiluted": 1.55,
    "weightedAverageShsOut": 747900000,
    "weightedAverageShsOutDil": 760448000,
    "link": "https://www.sec.gov/Archives/edgar/data/19617/000095012395000706/0000950123-95-000706-index.htm",
    "finalLink": "https://www.sec.gov/Archives/edgar/data/19617/000095012395000706/"
  },
  {
    "date": "1993-12-31",
    "symbol": "JPM",
    "reportedCurrency": "USD",
    "cik": "0000019617",
    "fillingDate": "1994-03-25",
    "acceptedDate": "1994-03-25 00:00:00",
    "calendarYear": "1993",
    "period": "FY",
    "revenue": 12427000000,
    "costOfRevenue": 5026000000,
    "grossProfit": 7401000000,
    "grossProfitRatio": 0.5955580591,
    "researchAndDevelopmentExpenses": 0,
    "generalAndAdministrativeExpenses": 2466000000,
    "sellingAndMarketingExpenses": 0,
    "sellingGeneralAndAdministrativeExpenses": 2466000000,
    "otherExpenses": 2827000000,
    "operatingExpenses": 5293000000,
    "costAndExpenses": 10319000000,
    "interestIncome": 8403000000,
    "interestExpense": 3767000000,
    "depreciationAndAmortization": 333000000,
    "ebitda": 2441000000,
    "ebitdaratio": 0.1964271345,
    "operatingIncome": 2108000000,
    "operatingIncomeRatio": 0.169630643,
    "totalOtherIncomeExpensesNet": 0,
    "incomeBeforeTax": 2108000000,
    "incomeBeforeTaxRatio": 0.169630643,
    "incomeTaxExpense": 539000000,
    "netIncome": 1604000000,
    "netIncomeRatio": 0.1290737909,
    "eps": 1.92,
    "epsdiluted": 1.92,
    "weightedAverageShsOut": 753600000,
    "weightedAverageShsOutDil": 753600000,
    "link": "https://www.sec.gov/Archives/edgar/data/19617/000095012394000607/0000950123-94-000607-index.htm",
    "finalLink": "https://www.sec.gov/Archives/edgar/data/19617/0000950123-94-000607.txt"
  },
  {
    "date": "1992-12-31",
    "symbol": "JPM",
    "reportedCurrency": "USD",
    "cik": "0000019617",
    "fillingDate": "1992-12-31",
    "acceptedDate": "1992-12-30 19:00:00",
    "calendarYear": "1992",
    "period": "FY",
    "revenue": 12174000000,
    "costOfRevenue": 5915000000,
    "grossProfit": 6259000000,
    "grossProfitRatio": 0.5141284705,
    "researchAndDevelopmentExpenses": 0,
    "generalAndAdministrativeExpenses": 2349000000,
    "sellingAndMarketingExpenses": 0,
    "sellingGeneralAndAdministrativeExpenses": 2349000000,
    "otherExpenses": 2581000000,
    "operatingExpenses": 4930000000,
    "costAndExpenses": 10845000000,
    "interestIncome": 9148000000,
    "interestExpense": 4550000000,
    "depreciationAndAmortization": 319000000,
    "ebitda": 1648000000,
    "ebitdaratio": 0.1353704616,
    "operatingIncome": 1329000000,
    "operatingIncomeRatio": 0.1091670774,
    "totalOtherIncomeExpensesNet": 0,
    "incomeBeforeTax": 1329000000,
    "incomeBeforeTaxRatio": 0.1091670774,
    "incomeTaxExpense": 243000000,
    "netIncome": 1086000000,
    "netIncomeRatio": 0.0892065057,
    "eps": 1.3,
    "epsdiluted": 1.3,
    "weightedAverageShsOut": 717692000,
    "weightedAverageShsOutDil": 717692000,
    "link": "",
    "finalLink": ""
  },
  {
    "date": "1991-12-31",
    "symbol": "JPM",
    "reportedCurrency": "USD",
    "cik": "0000019617",
    "fillingDate": "1991-12-31",
    "acceptedDate": "1991-12-30 19:00:00",
    "calendarYear": "1991",
    "period": "FY",
    "revenue": 14128000000,
    "costOfRevenue": 8514000000,
    "grossProfit": 5614000000,
    "grossProfitRatio": 0.3973669309,
    "researchAndDevelopmentExpenses": 0,
    "generalAndAdministrativeExpenses": 2369000000,
    "sellingAndMarketingExpenses": 0,
    "sellingGeneralAndAdministrativeExpenses": 2369000000,
    "otherExpenses": 2955000000,
    "operatingExpenses": 5324000000,
    "costAndExpenses": 13838000000,
    "interestIncome": 11282000000,
    "interestExpense": 7169000000,
    "depreciationAndAmortization": 192000000,
    "ebitda": 482000000,
    "ebitdaratio": 0.0341166478,
    "operatingIncome": 290000000,
    "operatingIncomeRatio": 0.0205266138,
    "totalOtherIncomeExpensesNet": 0,
    "incomeBeforeTax": 290000000,
    "incomeBeforeTaxRatio": 0.0205266138,
    "incomeTaxExpense": 136000000,
    "netIncome": 154000000,
    "netIncomeRatio": 0.0109003398,
    "eps": 0.04,
    "epsdiluted": 0.04,
    "weightedAverageShsOut": 500000000,
    "weightedAverageShsOutDil": 500000000,
    "link": "",
    "finalLink": ""
  },
  {
    "date": "1990-12-31",
    "symbol": "JPM",
    "reportedCurrency": "USD",
    "cik": "0000019617",
    "fillingDate": "1990-12-31",
    "acceptedDate": "1990-12-30 19:00:00",
    "calendarYear": "1990",
    "period": "FY",
    "revenue": 7966500000,
    "costOfRevenue": 4996900000,
    "grossProfit": 2969600000,
    "grossProfitRatio": 0.3727609364,
    "researchAndDevelopmentExpenses": 0,
    "generalAndAdministrativeExpenses": 1335300000,
    "sellingAndMarketingExpenses": 0,
    "sellingGeneralAndAdministrativeExpenses": 1335300000,
    "otherExpenses": 1287900000,
    "operatingExpenses": 2623200000,
    "costAndExpenses": 7620100000,
    "interestIncome": 6511000000,
    "interestExpense": 4459900000,
    "depreciationAndAmortization": 236000000,
    "ebitda": 582400000,
    "ebitdaratio": 0.0731061319,
    "operatingIncome": 346400000,
    "operatingIncomeRatio": 0.0434820812,
    "totalOtherIncomeExpensesNet": 0,
    "incomeBeforeTax": 346400000,
    "incomeBeforeTaxRatio": 0.0434820812,
    "incomeTaxExpense": 55200000,
    "netIncome": 291200000,
    "netIncomeRatio": 0.036553066,
    "eps": 0.79,
    "epsdiluted": 0.79,
    "weightedAverageShsOut": 269873000,
    "weightedAverageShsOutDil": 269873000,
    "link": "",
    "finalLink": ""
  },
  {
    "date": "1989-12-31",
    "symbol": "JPM",
    "reportedCurrency": "USD",
    "cik": "0000019617",
    "fillingDate": "1989-12-31",
    "acceptedDate": "1989-12-30 19:00:00",
    "calendarYear": "1989",
    "period": "FY",
    "revenue": 8227100000,
    "costOfRevenue": 5941500000,
    "grossProfit": 2285600000,
    "grossProfitRatio": 0.2778135674,
    "researchAndDevelopmentExpenses": 0,
    "generalAndAdministrativeExpenses": 1355900000,
    "sellingAndMarketingExpenses": 0,
    "sellingGeneralAndAdministrativeExpenses": 1355900000,
    "otherExpenses": 1383600000,
    "operatingExpenses": 2739500000,
    "costAndExpenses": 8681000000,
    "interestIncome": 6823100000,
    "interestExpense": 4806200000,
    "depreciationAndAmortization": 209000000,
    "ebitda": -244900000,
    "ebitdaratio": -0.0297674758,
    "operatingIncome": -453900000,
    "operatingIncomeRatio": -0.055171324,
    "totalOtherIncomeExpensesNet": 0,
    "incomeBeforeTax": -453900000,
    "incomeBeforeTaxRatio": -0.055171324,
    "incomeTaxExpense": 28300000,
    "netIncome": -482200000,
    "netIncomeRatio": -0.0586111753,
    "eps": -2.77,
    "epsdiluted": -2.77,
    "weightedAverageShsOut": 345358000,
    "weightedAverageShsOutDil": 345358000,
    "link": "",
    "finalLink": ""
  },
  {
    "date": "1988-12-31",
    "symbol": "JPM",
    "reportedCurrency": "USD",
    "cik": "0000019617",
    "fillingDate": "1988-12-31",
    "acceptedDate": "1988-12-30 19:00:00",
    "calendarYear": "1988",
    "period": "FY",
    "revenue": 0,
    "costOfRevenue": 0,
    "grossProfit": 0,
    "grossProfitRatio": 0,
    "researchAndDevelopmentExpenses": 0,
    "generalAndAdministrativeExpenses": 0,
    "sellingAndMarketingExpenses": 0,
    "sellingGeneralAndAdministrativeExpenses": 0,
    "otherExpenses": 0,
    "operatingExpenses": 0,
    "costAndExpenses": 0,
    "interestIncome": 0,
    "interestExpense": 0,
    "depreciationAndAmortization": 0,
    "ebitda": 0,
    "ebitdaratio": 0,
    "operatingIncome": 0,
    "operatingIncomeRatio": 0,
    "totalOtherIncomeExpensesNet": 0,
    "incomeBeforeTax": 0,
    "incomeBeforeTaxRatio": 0,
    "incomeTaxExpense": 0,
    "netIncome": 753600000,
    "netIncomeRatio": 0,
    "eps": 2.57,
    "epsdiluted": 2.57,
    "weightedAverageShsOut": 293334000,
    "weightedAverageShsOutDil": 293334000,
    "link": "",
    "finalLink": ""
  },
  {
    "date": "1987-12-31",
    "symbol": "JPM",
    "reportedCurrency": "USD",
    "cik": "0000019617",
    "fillingDate": "1987-12-31",
    "acceptedDate": "1987-12-30 19:00:00",
    "calendarYear": "1987",
    "period": "FY",
    "revenue": 0,
    "costOfRevenue": 0,
    "grossProfit": 0,
    "grossProfitRatio": 0,
    "researchAndDevelopmentExpenses": 0,
    "generalAndAdministrativeExpenses": 0,
    "sellingAndMarketingExpenses": 0,
    "sellingGeneralAndAdministrativeExpenses": 0,
    "otherExpenses": 0,
    "operatingExpenses": 0,
    "costAndExpenses": 0,
    "interestIncome": 0,
    "interestExpense": 0,
    "depreciationAndAmortization": 0,
    "ebitda": 0,
    "ebitdaratio": 0,
    "operatingIncome": 0,
    "operatingIncomeRatio": 0,
    "totalOtherIncomeExpensesNet": 0,
    "incomeBeforeTax": 0,
    "incomeBeforeTaxRatio": 0,
    "incomeTaxExpense": 0,
    "netIncome": -853700000,
    "netIncomeRatio": 0,
    "eps": -3.21,
    "epsdiluted": -3.21,
    "weightedAverageShsOut": 265556000,
    "weightedAverageShsOutDil": 265556000,
    "link": "",
    "finalLink": ""
  },
  {
    "date": "1986-12-31",
    "symbol": "JPM",
    "reportedCurrency": "USD",
    "cik": "0000019617",
    "fillingDate": "1986-12-31",
    "acceptedDate": "1986-12-30 19:00:00",
    "calendarYear": "1986",
    "period": "FY",
    "revenue": 0,
    "costOfRevenue": 0,
    "grossProfit": 0,
    "grossProfitRatio": 0,
    "researchAndDevelopmentExpenses": 0,
    "generalAndAdministrativeExpenses": 0,
    "sellingAndMarketingExpenses": 0,
    "sellingGeneralAndAdministrativeExpenses": 0,
    "otherExpenses": 0,
    "operatingExpenses": 0,
    "costAndExpenses": 0,
    "interestIncome": 0,
    "interestExpense": 0,
    "depreciationAndAmortization": 0,
    "ebitda": 0,
    "ebitdaratio": 0,
    "operatingIncome": 0,
    "operatingIncomeRatio": 0,
    "totalOtherIncomeExpensesNet": 0,
    "incomeBeforeTax": 0,
    "incomeBeforeTaxRatio": 0,
    "incomeTaxExpense": 0,
    "netIncome": 402400000,
    "netIncomeRatio": 0,
    "eps": 2.71,
    "epsdiluted": 2.64,
    "weightedAverageShsOut": 148538000,
    "weightedAverageShsOutDil": 152146000,
    "link": "",
    "finalLink": ""
  },
  {
    "date": "1985-12-31",
    "symbol": "JPM",
    "reportedCurrency": "USD",
    "cik": "0000019617",
    "fillingDate": "1985-12-31",
    "acceptedDate": "1985-12-30 19:00:00",
    "calendarYear": "1985",
    "period": "FY",
    "revenue": 0,
    "costOfRevenue": 0,
    "grossProfit": 0,
    "grossProfitRatio": 0,
    "researchAndDevelopmentExpenses": 0,
    "generalAndAdministrativeExpenses": 0,
    "sellingAndMarketingExpenses": 0,
    "sellingGeneralAndAdministrativeExpenses": 0,
    "otherExpenses": 0,
    "operatingExpenses": 0,
    "costAndExpenses": 0,
    "interestIncome": 0,
    "interestExpense": 0,
    "depreciationAndAmortization": 0,
    "ebitda": 0,
    "ebitdaratio": 0,
    "operatingIncome": 0,
    "operatingIncomeRatio": 0,
    "totalOtherIncomeExpensesNet": 0,
    "incomeBeforeTax": 0,
    "incomeBeforeTaxRatio": 0,
    "incomeTaxExpense": 0,
    "netIncome": 390200000,
    "netIncomeRatio": 0,
    "eps": 2.7,
    "epsdiluted": 2.63,
    "weightedAverageShsOut": 144776000,
    "weightedAverageShsOutDil": 148410000,
    "link": "",
    "finalLink": ""
  }
]