[
  {
    "date": "2025-06-28",
    "symbol": "K",
    "reportedCurrency": "USD",
    "cik": "0000055067",
    "fillingDate": "2025-07-31",
    "acceptedDate": "2025-07-31 08:08:21",
    "calendarYear": "2025",
    "period": "Q2",
    "revenue": 3203000000,
    "costOfRevenue": 2092000000,
    "grossProfit": 1111000000,
    "grossProfitRatio": 0.3468623166,
    "researchAndDevelopmentExpenses": 0,
    "generalAndAdministrativeExpenses": 0,
    "sellingAndMarketingExpenses": 0,
    "sellingGeneralAndAdministrativeExpenses": 646000000,
    "otherExpenses": 0,
    "operatingExpenses": 646000000,
    "costAndExpenses": 2738000000,
    "interestIncome": 0,
    "interestExpense": 76000000,
    "depreciationAndAmortization": 91000000,
    "ebitda": 551000000,
    "ebitdaratio": 0.1720262254,
    "operatingIncome": 465000000,
    "operatingIncomeRatio": 0.1451763971,
    "totalOtherIncomeExpensesNet": -79000000,
    "incomeBeforeTax": 386000000,
    "incomeBeforeTaxRatio": 0.12051202,
    "incomeTaxExpense": 83000000,
    "netIncome": 299000000,
    "netIncomeRatio": 0.0933499844,
    "eps": 0.86,
    "epsdiluted": 0.85,
    "weightedAverageShsOut": 347000000,
    "weightedAverageShsOutDil": 350000000,
    "link": "https://www.sec.gov/Archives/edgar/data/55067/000162828025036852/0001628280-25-036852-index.htm",
    "finalLink": "https://www.sec.gov/Archives/edgar/data/55067/000162828025036852/k-20250628.htm"
  },
  {
    "date": "2025-03-29",
    "symbol": "K",
    "reportedCurrency": "USD",
    "cik": "0000055067",
    "fillingDate": "2025-05-01",
    "acceptedDate": "2025-05-01 08:24:58",
    "calendarYear": "2025",
    "period": "Q1",
    "revenue": 3083000000,
    "costOfRevenue": 2020000000,
    "grossProfit": 1063000000,
    "grossProfitRatio": 0.3447940318,
    "researchAndDevelopmentExpenses": 0,
    "generalAndAdministrativeExpenses": 0,
    "sellingAndMarketingExpenses": 0,
    "sellingGeneralAndAdministrativeExpenses": 650000000,
    "otherExpenses": 0,
    "operatingExpenses": 650000000,
    "costAndExpenses": 2670000000,
    "interestIncome": 0,
    "interestExpense": 65000000,
    "depreciationAndAmortization": 92000000,
    "ebitda": 535000000,
    "ebitdaratio": 0.1735322738,
    "operatingIncome": 413000000,
    "operatingIncomeRatio": 0.1339604282,
    "totalOtherIncomeExpensesNet": -32000000,
    "incomeBeforeTax": 381000000,
    "incomeBeforeTaxRatio": 0.1235809277,
    "incomeTaxExpense": 73000000,
    "netIncome": 304000000,
    "netIncomeRatio": 0.0986052546,
    "eps": 0.8786127167630058,
    "epsdiluted": 0.8710601719197708,
    "weightedAverageShsOut": 346000000,
    "weightedAverageShsOutDil": 349000000,
    "link": "https://www.sec.gov/Archives/edgar/data/55067/000162828025021351/0001628280-25-021351-index.htm",
    "finalLink": "https://www.sec.gov/Archives/edgar/data/55067/000162828025021351/k-20250329.htm"
  },
  {
    "date": "2024-12-28",
    "symbol": "K",
    "reportedCurrency": "USD",
    "cik": "0000055067",
    "fillingDate": "2025-03-07",
    "acceptedDate": "2025-03-07 16:21:23",
    "calendarYear": "2024",
    "period": "Q4",
    "revenue": 3124000000,
    "costOfRevenue": 1962000000,
    "grossProfit": 1162000000,
    "grossProfitRatio": 0.3719590269,
    "researchAndDevelopmentExpenses": 0,
    "generalAndAdministrativeExpenses": 0,
    "sellingAndMarketingExpenses": 0,
    "sellingGeneralAndAdministrativeExpenses": 631000000,
    "otherExpenses": 0,
    "operatingExpenses": 631000000,
    "costAndExpenses": 2593000000,
    "interestIncome": 0,
    "interestExpense": 90000000,
    "depreciationAndAmortization": 94000000,
    "ebitda": 641000000,
    "ebitdaratio": 0.2051856594,
    "operatingIncome": 531000000,
    "operatingIncomeRatio": 0.1699743918,
    "totalOtherIncomeExpensesNet": -72000000,
    "incomeBeforeTax": 459000000,
    "incomeBeforeTaxRatio": 0.1469270166,
    "incomeTaxExpense": 91000000,
    "netIncome": 365000000,
    "netIncomeRatio": 0.116837388,
    "eps": 1.058,
    "epsdiluted": 1.0429,
    "weightedAverageShsOut": 345000000,
    "weightedAverageShsOutDil": 350000000,
    "link": "https://www.sec.gov/Archives/edgar/data/55067/000005506725000127/0000055067-25-000127-index.htm",
    "finalLink": "https://www.sec.gov/Archives/edgar/data/55067/000005506725000127/k-20241228.htm"
  },
  {
    "date": "2024-09-28",
    "symbol": "K",
    "reportedCurrency": "USD",
    "cik": "0000055067",
    "fillingDate": "2024-10-31",
    "acceptedDate": "2024-10-31 08:10:52",
    "calendarYear": "2024",
    "period": "Q3",
    "revenue": 3233000000,
    "costOfRevenue": 2055000000,
    "grossProfit": 1178000000,
    "grossProfitRatio": 0.3643674606,
    "researchAndDevelopmentExpenses": 0,
    "generalAndAdministrativeExpenses": 0,
    "sellingAndMarketingExpenses": 0,
    "sellingGeneralAndAdministrativeExpenses": 718000000,
    "otherExpenses": 0,
    "operatingExpenses": 718000000,
    "costAndExpenses": 2773000000,
    "interestIncome": 0,
    "interestExpense": 75000000,
    "depreciationAndAmortization": 92000000,
    "ebitda": 569000000,
    "ebitdaratio": 0.1759975255,
    "operatingIncome": 460000000,
    "operatingIncomeRatio": 0.1422827096,
    "totalOtherIncomeExpensesNet": -56000000,
    "incomeBeforeTax": 404000000,
    "incomeBeforeTaxRatio": 0.1249613362,
    "incomeTaxExpense": 34000000,
    "netIncome": 367000000,
    "netIncomeRatio": 0.1135168574,
    "eps": 1.07,
    "epsdiluted": 1.05,
    "weightedAverageShsOut": 343000000,
    "weightedAverageShsOutDil": 347000000,
    "link": "https://www.sec.gov/Archives/edgar/data/55067/000162828024044436/0001628280-24-044436-index.htm",
    "finalLink": "https://www.sec.gov/Archives/edgar/data/55067/000162828024044436/k-20240928.htm"
  },
  {
    "date": "2024-06-29",
    "symbol": "K",
    "reportedCurrency": "USD",
    "cik": "0000055067",
    "fillingDate": "2024-08-01",
    "acceptedDate": "2024-08-01 16:15:55",
    "calendarYear": "2024",
    "period": "Q2",
    "revenue": 3192000000,
    "costOfRevenue": 2013000000,
    "grossProfit": 1179000000,
    "grossProfitRatio": 0.3693609023,
    "researchAndDevelopmentExpenses": 0,
    "generalAndAdministrativeExpenses": 0,
    "sellingAndMarketingExpenses": 0,
    "sellingGeneralAndAdministrativeExpenses": 670000000,
    "otherExpenses": 0,
    "operatingExpenses": 670000000,
    "costAndExpenses": 2683000000,
    "interestIncome": 0,
    "interestExpense": 82000000,
    "depreciationAndAmortization": 95000000,
    "ebitda": 620000000,
    "ebitdaratio": 0.194235589,
    "operatingIncome": 509000000,
    "operatingIncomeRatio": 0.1594611529,
    "totalOtherIncomeExpensesNet": -65000000,
    "incomeBeforeTax": 444000000,
    "incomeBeforeTaxRatio": 0.1390977444,
    "incomeTaxExpense": 97000000,
    "netIncome": 344000000,
    "netIncomeRatio": 0.1077694236,
    "eps": 1.01,
    "epsdiluted": 1,
    "weightedAverageShsOut": 342000000,
    "weightedAverageShsOutDil": 345000000,
    "link": "https://www.sec.gov/Archives/edgar/data/55067/000162828024034156/0001628280-24-034156-index.htm",
    "finalLink": "https://www.sec.gov/Archives/edgar/data/55067/000162828024034156/k-20240629.htm"
  },
  {
    "date": "2024-03-30",
    "symbol": "K",
    "reportedCurrency": "USD",
    "cik": "0000055067",
    "fillingDate": "2024-05-02",
    "acceptedDate": "2024-05-02 16:13:48",
    "calendarYear": "2024",
    "period": "Q1",
    "revenue": 3200000000,
    "costOfRevenue": 2151000000,
    "grossProfit": 1049000000,
    "grossProfitRatio": 0.3278125,
    "researchAndDevelopmentExpenses": 0,
    "generalAndAdministrativeExpenses": 0,
    "sellingAndMarketingExpenses": 0,
    "sellingGeneralAndAdministrativeExpenses": 647000000,
    "otherExpenses": 0,
    "operatingExpenses": 647000000,
    "costAndExpenses": 2798000000,
    "interestIncome": 0,
    "interestExpense": 81000000,
    "depreciationAndAmortization": 86000000,
    "ebitda": 520000000,
    "ebitdaratio": 0.1625,
    "operatingIncome": 402000000,
    "operatingIncomeRatio": 0.125625,
    "totalOtherIncomeExpensesNet": -49000000,
    "incomeBeforeTax": 353000000,
    "incomeBeforeTaxRatio": 0.1103125,
    "incomeTaxExpense": 82000000,
    "netIncome": 267000000,
    "netIncomeRatio": 0.0834375,
    "eps": 0.78,
    "epsdiluted": 0.78,
    "weightedAverageShsOut": 341000000,
    "weightedAverageShsOutDil": 344000000,
    "link": "https://www.sec.gov/Archives/edgar/data/55067/000162828024020015/0001628280-24-020015-index.htm",
    "finalLink": "https://www.sec.gov/Archives/edgar/data/55067/000162828024020015/k-20240330.htm"
  },
  {
    "date": "2023-12-30",
    "symbol": "K",
    "reportedCurrency": "USD",
    "cik": "0000055067",
    "fillingDate": "2024-02-20",
    "acceptedDate": "2024-02-20 16:20:33",
    "calendarYear": "2023",
    "period": "Q4",
    "revenue": 3174000000,
    "costOfRevenue": 2052000000,
    "grossProfit": 1122000000,
    "grossProfitRatio": 0.3534971645,
    "researchAndDevelopmentExpenses": 0,
    "generalAndAdministrativeExpenses": 0,
    "sellingAndMarketingExpenses": 0,
    "sellingGeneralAndAdministrativeExpenses": 759000000,
    "otherExpenses": 0,
    "operatingExpenses": 759000000,
    "costAndExpenses": 2811000000,
    "interestIncome": 0,
    "interestExpense": 95000000,
    "depreciationAndAmortization": 28000000,
    "ebitda": 221000000,
    "ebitdaratio": 0.0696282294,
    "operatingIncome": 363000000,
    "operatingIncomeRatio": 0.1143667297,
    "totalOtherIncomeExpensesNet": -263000000,
    "incomeBeforeTax": 100000000,
    "incomeBeforeTaxRatio": 0.0315059861,
    "incomeTaxExpense": 42000000,
    "netIncome": 27000000,
    "netIncomeRatio": 0.0085066163,
    "eps": 0.08,
    "epsdiluted": 0.08,
    "weightedAverageShsOut": 342000000,
    "weightedAverageShsOutDil": 344000000,
    "link": "https://www.sec.gov/Archives/edgar/data/55067/000162828024005583/0001628280-24-005583-index.htm",
    "finalLink": "https://www.sec.gov/Archives/edgar/data/55067/000162828024005583/k-20231230.htm"
  },
  {
    "date": "2023-09-30",
    "symbol": "K",
    "reportedCurrency": "USD",
    "cik": "0000055067",
    "fillingDate": "2023-11-08",
    "acceptedDate": "2023-11-08 16:19:17",
    "calendarYear": "2023",
    "period": "Q3",
    "revenue": 3255000000,
    "costOfRevenue": 2131000000,
    "grossProfit": 1124000000,
    "grossProfitRatio": 0.3453149002,
    "researchAndDevelopmentExpenses": 0,
    "generalAndAdministrativeExpenses": 0,
    "sellingAndMarketingExpenses": 0,
    "sellingGeneralAndAdministrativeExpenses": 697000000,
    "otherExpenses": 0,
    "operatingExpenses": 697000000,
    "costAndExpenses": 2828000000,
    "interestIncome": 0,
    "interestExpense": 73000000,
    "depreciationAndAmortization": 112000000,
    "ebitda": 462000000,
    "ebitdaratio": 0.1419354839,
    "operatingIncome": 427000000,
    "operatingIncomeRatio": 0.1311827957,
    "totalOtherIncomeExpensesNet": -151000000,
    "incomeBeforeTax": 276000000,
    "incomeBeforeTaxRatio": 0.0847926267,
    "incomeTaxExpense": 78000000,
    "netIncome": 269000000,
    "netIncomeRatio": 0.0826420891,
    "eps": 0.79,
    "epsdiluted": 0.78,
    "weightedAverageShsOut": 342000000,
    "weightedAverageShsOutDil": 345000000,
    "link": "https://www.sec.gov/Archives/edgar/data/55067/000162828023037866/0001628280-23-037866-index.htm",
    "finalLink": "https://www.sec.gov/Archives/edgar/data/55067/000162828023037866/k-20230930.htm"
  },
  {
    "date": "2023-07-01",
    "symbol": "K",
    "reportedCurrency": "USD",
    "cik": "0000055067",
    "fillingDate": "2023-08-03",
    "acceptedDate": "2023-08-03 16:20:49",
    "calendarYear": "2023",
    "period": "Q2",
    "revenue": 3351000000,
    "costOfRevenue": 2222000000,
    "grossProfit": 1129000000,
    "grossProfitRatio": 0.3369143539,
    "researchAndDevelopmentExpenses": 0,
    "generalAndAdministrativeExpenses": 0,
    "sellingAndMarketingExpenses": 0,
    "sellingGeneralAndAdministrativeExpenses": 674000000,
    "otherExpenses": 0,
    "operatingExpenses": 674000000,
    "costAndExpenses": 2896000000,
    "interestIncome": 0,
    "interestExpense": 71000000,
    "depreciationAndAmortization": 110000000,
    "ebitda": 553000000,
    "ebitdaratio": 0.1650253656,
    "operatingIncome": 455000000,
    "operatingIncomeRatio": 0.1357803641,
    "totalOtherIncomeExpensesNet": -80000000,
    "incomeBeforeTax": 375000000,
    "incomeBeforeTaxRatio": 0.1119068935,
    "incomeTaxExpense": 77000000,
    "netIncome": 357000000,
    "netIncomeRatio": 0.1065353626,
    "eps": 1.04,
    "epsdiluted": 1.03,
    "weightedAverageShsOut": 343000000,
    "weightedAverageShsOutDil": 345000000,
    "link": "https://www.sec.gov/Archives/edgar/data/55067/000162828023027251/0001628280-23-027251-index.htm",
    "finalLink": "https://www.sec.gov/Archives/edgar/data/55067/000162828023027251/k-20230701.htm"
  },
  {
    "date": "2023-04-01",
    "symbol": "K",
    "reportedCurrency": "USD",
    "cik": "0000055067",
    "fillingDate": "2023-05-04",
    "acceptedDate": "2023-05-04 16:18:57",
    "calendarYear": "2023",
    "period": "Q1",
    "revenue": 3342000000,
    "costOfRevenue": 2315000000,
    "grossProfit": 1027000000,
    "grossProfitRatio": 0.3073010174,
    "researchAndDevelopmentExpenses": 0,
    "generalAndAdministrativeExpenses": 0,
    "sellingAndMarketingExpenses": 0,
    "sellingGeneralAndAdministrativeExpenses": 636000000,
    "otherExpenses": 0,
    "operatingExpenses": 636000000,
    "costAndExpenses": 2951000000,
    "interestIncome": 0,
    "interestExpense": 67000000,
    "depreciationAndAmortization": 116000000,
    "ebitda": 476000000,
    "ebitdaratio": 0.1424296828,
    "operatingIncome": 391000000,
    "operatingIncomeRatio": 0.1169958109,
    "totalOtherIncomeExpensesNet": -96000000,
    "incomeBeforeTax": 295000000,
    "incomeBeforeTaxRatio": 0.0882704967,
    "incomeTaxExpense": 61000000,
    "netIncome": 298000000,
    "netIncomeRatio": 0.0891681628,
    "eps": 0.87,
    "epsdiluted": 0.86,
    "weightedAverageShsOut": 342000000,
    "weightedAverageShsOutDil": 345000000,
    "link": "https://www.sec.gov/Archives/edgar/data/55067/000162828023015761/0001628280-23-015761-index.htm",
    "finalLink": "https://www.sec.gov/Archives/edgar/data/55067/000162828023015761/k-20230401.htm"
  },
  {
    "date": "2022-12-31",
    "symbol": "K",
    "reportedCurrency": "USD",
    "cik": "0000055067",
    "fillingDate": "2023-02-21",
    "acceptedDate": "2023-02-21 16:17:45",
    "calendarYear": "2022",
    "period": "Q4",
    "revenue": 3164000000,
    "costOfRevenue": 2217000000,
    "grossProfit": 947000000,
    "grossProfitRatio": 0.2993046776,
    "researchAndDevelopmentExpenses": 0,
    "generalAndAdministrativeExpenses": 0,
    "sellingAndMarketingExpenses": 0,
    "sellingGeneralAndAdministrativeExpenses": 690000000,
    "otherExpenses": 0,
    "operatingExpenses": 690000000,
    "costAndExpenses": 2907000000,
    "interestIncome": 0,
    "interestExpense": 66000000,
    "depreciationAndAmortization": 127000000,
    "ebitda": 162000000,
    "ebitdaratio": 0.0512010114,
    "operatingIncome": 257000000,
    "operatingIncomeRatio": 0.0812262958,
    "totalOtherIncomeExpensesNet": -300000000,
    "incomeBeforeTax": -43000000,
    "incomeBeforeTaxRatio": -0.0135903919,
    "incomeTaxExpense": -15000000,
    "netIncome": -99000000,
    "netIncomeRatio": -0.031289507,
    "eps": -0.29,
    "epsdiluted": -0.29,
    "weightedAverageShsOut": 342000000,
    "weightedAverageShsOutDil": 342000000,
    "link": "https://www.sec.gov/Archives/edgar/data/55067/000162828023004299/0001628280-23-004299-index.htm",
    "finalLink": "https://www.sec.gov/Archives/edgar/data/55067/000162828023004299/k-20221231.htm"
  },
  {
    "date": "2022-10-01",
    "symbol": "K",
    "reportedCurrency": "USD",
    "cik": "0000055067",
    "fillingDate": "2022-11-03",
    "acceptedDate": "2022-11-03 16:21:25",
    "calendarYear": "2022",
    "period": "Q3",
    "revenue": 3946000000,
    "costOfRevenue": 2806000000,
    "grossProfit": 1140000000,
    "grossProfitRatio": 0.2889001521,
    "researchAndDevelopmentExpenses": 0,
    "generalAndAdministrativeExpenses": 0,
    "sellingAndMarketingExpenses": 0,
    "sellingGeneralAndAdministrativeExpenses": 782000000,
    "otherExpenses": 0,
    "operatingExpenses": 782000000,
    "costAndExpenses": 3588000000,
    "interestIncome": 0,
    "interestExpense": 37000000,
    "depreciationAndAmortization": 113000000,
    "ebitda": 533000000,
    "ebitdaratio": 0.1350734921,
    "operatingIncome": 358000000,
    "operatingIncomeRatio": 0.0907247846,
    "totalOtherIncomeExpensesNet": 28000000,
    "incomeBeforeTax": 386000000,
    "incomeBeforeTaxRatio": 0.0978205778,
    "incomeTaxExpense": 74000000,
    "netIncome": 310000000,
    "netIncomeRatio": 0.0785605677,
    "eps": 0.91,
    "epsdiluted": 0.9,
    "weightedAverageShsOut": 341000000,
    "weightedAverageShsOutDil": 344000000,
    "link": "https://www.sec.gov/Archives/edgar/data/55067/000162828022028218/0001628280-22-028218-index.htm",
    "finalLink": "https://www.sec.gov/Archives/edgar/data/55067/000162828022028218/k-20221001.htm"
  },
  {
    "date": "2022-07-02",
    "symbol": "K",
    "reportedCurrency": "USD",
    "cik": "0000055067",
    "fillingDate": "2022-08-04",
    "acceptedDate": "2022-08-04 16:17:36",
    "calendarYear": "2022",
    "period": "Q2",
    "revenue": 3864000000,
    "costOfRevenue": 2675000000,
    "grossProfit": 1189000000,
    "grossProfitRatio": 0.3077122153,
    "researchAndDevelopmentExpenses": 0,
    "generalAndAdministrativeExpenses": 0,
    "sellingAndMarketingExpenses": 0,
    "sellingGeneralAndAdministrativeExpenses": 732000000,
    "otherExpenses": 0,
    "operatingExpenses": 732000000,
    "costAndExpenses": 3407000000,
    "interestIncome": 0,
    "interestExpense": 62000000,
    "depreciationAndAmortization": 119000000,
    "ebitda": 602000000,
    "ebitdaratio": 0.1557971014,
    "operatingIncome": 457000000,
    "operatingIncomeRatio": 0.1182712215,
    "totalOtherIncomeExpensesNet": -34000000,
    "incomeBeforeTax": 423000000,
    "incomeBeforeTaxRatio": 0.1094720497,
    "incomeTaxExpense": 97000000,
    "netIncome": 326000000,
    "netIncomeRatio": 0.08436853,
    "eps": 0.96,
    "epsdiluted": 0.95,
    "weightedAverageShsOut": 339000000,
    "weightedAverageShsOutDil": 342000000,
    "link": "https://www.sec.gov/Archives/edgar/data/55067/000162828022021083/0001628280-22-021083-index.htm",
    "finalLink": "https://www.sec.gov/Archives/edgar/data/55067/000162828022021083/k-20220702.htm"
  },
  {
    "date": "2022-04-02",
    "symbol": "K",
    "reportedCurrency": "USD",
    "cik": "0000055067",
    "fillingDate": "2022-05-05",
    "acceptedDate": "2022-05-05 16:17:30",
    "calendarYear": "2022",
    "period": "Q1",
    "revenue": 3672000000,
    "costOfRevenue": 2613000000,
    "grossProfit": 1059000000,
    "grossProfitRatio": 0.2883986928,
    "researchAndDevelopmentExpenses": 0,
    "generalAndAdministrativeExpenses": 0,
    "sellingAndMarketingExpenses": 0,
    "sellingGeneralAndAdministrativeExpenses": 643000000,
    "otherExpenses": 0,
    "operatingExpenses": 643000000,
    "costAndExpenses": 3256000000,
    "interestIncome": 0,
    "interestExpense": 59000000,
    "depreciationAndAmortization": 119000000,
    "ebitda": 713000000,
    "ebitdaratio": 0.1941721133,
    "operatingIncome": 416000000,
    "operatingIncomeRatio": 0.1132897603,
    "totalOtherIncomeExpensesNet": 120000000,
    "incomeBeforeTax": 536000000,
    "incomeBeforeTaxRatio": 0.1459694989,
    "incomeTaxExpense": 112000000,
    "netIncome": 422000000,
    "netIncomeRatio": 0.1149237473,
    "eps": 1.24,
    "epsdiluted": 1.23,
    "weightedAverageShsOut": 340000000,
    "weightedAverageShsOutDil": 342000000,
    "link": "https://www.sec.gov/Archives/edgar/data/55067/000162828022012661/0001628280-22-012661-index.htm",
    "finalLink": "https://www.sec.gov/Archives/edgar/data/55067/000162828022012661/k-20220402.htm"
  },
  {
    "date": "2022-01-01",
    "symbol": "K",
    "reportedCurrency": "USD",
    "cik": "0000055067",
    "fillingDate": "2022-02-22",
    "acceptedDate": "2022-02-22 16:25:56",
    "calendarYear": "2021",
    "period": "Q4",
    "revenue": 3421000000,
    "costOfRevenue": 2404000000,
    "grossProfit": 1017000000,
    "grossProfitRatio": 0.2972814966,
    "researchAndDevelopmentExpenses": 0,
    "generalAndAdministrativeExpenses": 0,
    "sellingAndMarketingExpenses": 0,
    "sellingGeneralAndAdministrativeExpenses": 675000000,
    "otherExpenses": 0,
    "operatingExpenses": 675000000,
    "costAndExpenses": 3079000000,
    "interestIncome": 0,
    "interestExpense": 71000000,
    "depreciationAndAmortization": 121000000,
    "ebitda": 741000000,
    "ebitdaratio": 0.2166033324,
    "operatingIncome": 342000000,
    "operatingIncomeRatio": 0.0999707688,
    "totalOtherIncomeExpensesNet": 221000000,
    "incomeBeforeTax": 563000000,
    "incomeBeforeTaxRatio": 0.1645717626,
    "incomeTaxExpense": 129000000,
    "netIncome": 433000000,
    "netIncomeRatio": 0.126571178,
    "eps": 1.27,
    "epsdiluted": 1.26,
    "weightedAverageShsOut": 341000000,
    "weightedAverageShsOutDil": 344000000,
    "link": "https://www.sec.gov/Archives/edgar/data/55067/000162828022003345/0001628280-22-003345-index.htm",
    "finalLink": "https://www.sec.gov/Archives/edgar/data/55067/000162828022003345/k-20220101.htm"
  },
  {
    "date": "2021-10-02",
    "symbol": "K",
    "reportedCurrency": "USD",
    "cik": "0000055067",
    "fillingDate": "2021-11-05",
    "acceptedDate": "2021-11-05 16:18:36",
    "calendarYear": "2021",
    "period": "Q3",
    "revenue": 3622000000,
    "costOfRevenue": 2495000000,
    "grossProfit": 1127000000,
    "grossProfitRatio": 0.3111540585,
    "researchAndDevelopmentExpenses": 0,
    "generalAndAdministrativeExpenses": 0,
    "sellingAndMarketingExpenses": 0,
    "sellingGeneralAndAdministrativeExpenses": 719000000,
    "otherExpenses": 0,
    "operatingExpenses": 719000000,
    "costAndExpenses": 3214000000,
    "interestIncome": 0,
    "interestExpense": 61000000,
    "depreciationAndAmortization": 114000000,
    "ebitda": 567000000,
    "ebitdaratio": 0.1565433462,
    "operatingIncome": 408000000,
    "operatingIncomeRatio": 0.1126449475,
    "totalOtherIncomeExpensesNet": -11000000,
    "incomeBeforeTax": 397000000,
    "incomeBeforeTaxRatio": 0.1096079514,
    "incomeTaxExpense": 92000000,
    "netIncome": 307000000,
    "netIncomeRatio": 0.0847598012,
    "eps": 0.9,
    "epsdiluted": 0.89,
    "weightedAverageShsOut": 341000000,
    "weightedAverageShsOutDil": 343000000,
    "link": "https://www.sec.gov/Archives/edgar/data/55067/000162828021022030/0001628280-21-022030-index.htm",
    "finalLink": "https://www.sec.gov/Archives/edgar/data/55067/000162828021022030/k-20211002.htm"
  },
  {
    "date": "2021-07-03",
    "symbol": "K",
    "reportedCurrency": "USD",
    "cik": "0000055067",
    "fillingDate": "2021-08-06",
    "acceptedDate": "2021-08-06 16:19:11",
    "calendarYear": "2021",
    "period": "Q2",
    "revenue": 3555000000,
    "costOfRevenue": 2377000000,
    "grossProfit": 1178000000,
    "grossProfitRatio": 0.3313642757,
    "researchAndDevelopmentExpenses": 0,
    "generalAndAdministrativeExpenses": 0,
    "sellingAndMarketingExpenses": 0,
    "sellingGeneralAndAdministrativeExpenses": 721000000,
    "otherExpenses": 0,
    "operatingExpenses": 721000000,
    "costAndExpenses": 3098000000,
    "interestIncome": 0,
    "interestExpense": 48000000,
    "depreciationAndAmortization": 120000000,
    "ebitda": 700000000,
    "ebitdaratio": 0.1969057665,
    "operatingIncome": 457000000,
    "operatingIncomeRatio": 0.1285513361,
    "totalOtherIncomeExpensesNet": 72000000,
    "incomeBeforeTax": 529000000,
    "incomeBeforeTaxRatio": 0.1488045007,
    "incomeTaxExpense": 144000000,
    "netIncome": 380000000,
    "netIncomeRatio": 0.1068917018,
    "eps": 1.12,
    "epsdiluted": 1.11,
    "weightedAverageShsOut": 341000000,
    "weightedAverageShsOutDil": 343000000,
    "link": "https://www.sec.gov/Archives/edgar/data/55067/000162828021016087/0001628280-21-016087-index.htm",
    "finalLink": "https://www.sec.gov/Archives/edgar/data/55067/000162828021016087/k-20210703.htm"
  },
  {
    "date": "2021-04-03",
    "symbol": "K",
    "reportedCurrency": "USD",
    "cik": "0000055067",
    "fillingDate": "2021-05-07",
    "acceptedDate": "2021-05-07 16:17:39",
    "calendarYear": "2021",
    "period": "Q1",
    "revenue": 3584000000,
    "costOfRevenue": 2413000000,
    "grossProfit": 1171000000,
    "grossProfitRatio": 0.3267299107,
    "researchAndDevelopmentExpenses": 0,
    "generalAndAdministrativeExpenses": 0,
    "sellingAndMarketingExpenses": 0,
    "sellingGeneralAndAdministrativeExpenses": 698000000,
    "otherExpenses": 0,
    "operatingExpenses": 698000000,
    "costAndExpenses": 3111000000,
    "interestIncome": 0,
    "interestExpense": 59000000,
    "depreciationAndAmortization": 112000000,
    "ebitda": 653000000,
    "ebitdaratio": 0.1821986607,
    "operatingIncome": 473000000,
    "operatingIncomeRatio": 0.1319754464,
    "totalOtherIncomeExpensesNet": 7000000,
    "incomeBeforeTax": 480000000,
    "incomeBeforeTaxRatio": 0.1339285714,
    "incomeTaxExpense": 109000000,
    "netIncome": 368000000,
    "netIncomeRatio": 0.1026785714,
    "eps": 1.07,
    "epsdiluted": 1.07,
    "weightedAverageShsOut": 342000000,
    "weightedAverageShsOutDil": 344000000,
    "link": "https://www.sec.gov/Archives/edgar/data/55067/000162828021009534/0001628280-21-009534-index.htm",
    "finalLink": "https://www.sec.gov/Archives/edgar/data/55067/000162828021009534/k-20210403.htm"
  },
  {
    "date": "2021-01-02",
    "symbol": "K",
    "reportedCurrency": "USD",
    "cik": "0000055067",
    "fillingDate": "2021-02-22",
    "acceptedDate": "2021-02-22 16:17:32",
    "calendarYear": "2020",
    "period": "Q4",
    "revenue": 3464000000,
    "costOfRevenue": 2286000000,
    "grossProfit": 1178000000,
    "grossProfitRatio": 0.3400692841,
    "researchAndDevelopmentExpenses": 0,
    "generalAndAdministrativeExpenses": 0,
    "sellingAndMarketingExpenses": 0,
    "sellingGeneralAndAdministrativeExpenses": 769000000,
    "otherExpenses": 0,
    "operatingExpenses": 769000000,
    "costAndExpenses": 3055000000,
    "interestIncome": 0,
    "interestExpense": 91000000,
    "depreciationAndAmortization": 124000000,
    "ebitda": 485000000,
    "ebitdaratio": 0.1400115473,
    "operatingIncome": 409000000,
    "operatingIncomeRatio": 0.1180715935,
    "totalOtherIncomeExpensesNet": -146000000,
    "incomeBeforeTax": 263000000,
    "incomeBeforeTaxRatio": 0.0759237875,
    "incomeTaxExpense": 55000000,
    "netIncome": 205000000,
    "netIncomeRatio": 0.0591801386,
    "eps": 0.6,
    "epsdiluted": 0.59,
    "weightedAverageShsOut": 344000000,
    "weightedAverageShsOutDil": 346000000,
    "link": "https://www.sec.gov/Archives/edgar/data/55067/000162828021002660/0001628280-21-002660-index.htm",
    "finalLink": "https://www.sec.gov/Archives/edgar/data/55067/000162828021002660/k-20210102.htm"
  },
  {
    "date": "2020-09-26",
    "symbol": "K",
    "reportedCurrency": "USD",
    "cik": "0000055067",
    "fillingDate": "2020-10-30",
    "acceptedDate": "2020-10-30 16:17:10",
    "calendarYear": "2020",
    "period": "Q3",
    "revenue": 3429000000,
    "costOfRevenue": 2242000000,
    "grossProfit": 1187000000,
    "grossProfitRatio": 0.3461650627,
    "researchAndDevelopmentExpenses": 0,
    "generalAndAdministrativeExpenses": 0,
    "sellingAndMarketingExpenses": 0,
    "sellingGeneralAndAdministrativeExpenses": 789000000,
    "otherExpenses": 0,
    "operatingExpenses": 789000000,
    "costAndExpenses": 3031000000,
    "interestIncome": 0,
    "interestExpense": 66000000,
    "depreciationAndAmortization": 121000000,
    "ebitda": 606000000,
    "ebitdaratio": 0.176727909,
    "operatingIncome": 398000000,
    "operatingIncomeRatio": 0.1160688247,
    "totalOtherIncomeExpensesNet": 19000000,
    "incomeBeforeTax": 417000000,
    "incomeBeforeTaxRatio": 0.1216097988,
    "incomeTaxExpense": 65000000,
    "netIncome": 348000000,
    "netIncomeRatio": 0.1014873141,
    "eps": 1.02,
    "epsdiluted": 1.01,
    "weightedAverageShsOut": 343000000,
    "weightedAverageShsOutDil": 346000000,
    "link": "https://www.sec.gov/Archives/edgar/data/55067/000162828020015164/0001628280-20-015164-index.htm",
    "finalLink": "https://www.sec.gov/Archives/edgar/data/55067/000162828020015164/k-20200926.htm"
  },
  {
    "date": "2020-06-27",
    "symbol": "K",
    "reportedCurrency": "USD",
    "cik": "0000055067",
    "fillingDate": "2020-07-31",
    "acceptedDate": "2020-07-31 16:18:05",
    "calendarYear": "2020",
    "period": "Q2",
    "revenue": 3465000000,
    "costOfRevenue": 2231000000,
    "grossProfit": 1234000000,
    "grossProfitRatio": 0.3561327561,
    "researchAndDevelopmentExpenses": 0,
    "generalAndAdministrativeExpenses": 0,
    "sellingAndMarketingExpenses": 0,
    "sellingGeneralAndAdministrativeExpenses": 688000000,
    "otherExpenses": 0,
    "operatingExpenses": 688000000,
    "costAndExpenses": 2919000000,
    "interestIncome": 0,
    "interestExpense": 74000000,
    "depreciationAndAmortization": 117000000,
    "ebitda": 658000000,
    "ebitdaratio": 0.1898989899,
    "operatingIncome": 546000000,
    "operatingIncomeRatio": 0.1575757576,
    "totalOtherIncomeExpensesNet": -83000000,
    "incomeBeforeTax": 463000000,
    "incomeBeforeTaxRatio": 0.1336219336,
    "incomeTaxExpense": 109000000,
    "netIncome": 351000000,
    "netIncomeRatio": 0.1012987013,
    "eps": 1.02,
    "epsdiluted": 1.02,
    "weightedAverageShsOut": 343000000,
    "weightedAverageShsOutDil": 345000000,
    "link": "https://www.sec.gov/Archives/edgar/data/55067/000162828020011358/0001628280-20-011358-index.htm",
    "finalLink": "https://www.sec.gov/Archives/edgar/data/55067/000162828020011358/k-20200627.htm"
  },
  {
    "date": "2020-03-28",
    "symbol": "K",
    "reportedCurrency": "USD",
    "cik": "0000055067",
    "fillingDate": "2020-05-01",
    "acceptedDate": "2020-05-01 16:18:44",
    "calendarYear": "2020",
    "period": "Q1",
    "revenue": 3412000000,
    "costOfRevenue": 2295000000,
    "grossProfit": 1117000000,
    "grossProfitRatio": 0.3273739742,
    "researchAndDevelopmentExpenses": 0,
    "generalAndAdministrativeExpenses": 0,
    "sellingAndMarketingExpenses": 0,
    "sellingGeneralAndAdministrativeExpenses": 688000000,
    "otherExpenses": 0,
    "operatingExpenses": 688000000,
    "costAndExpenses": 2983000000,
    "interestIncome": 0,
    "interestExpense": 71000000,
    "depreciationAndAmortization": 117000000,
    "ebitda": 634000000,
    "ebitdaratio": 0.1858147714,
    "operatingIncome": 429000000,
    "operatingIncomeRatio": 0.1257327081,
    "totalOtherIncomeExpensesNet": 15000000,
    "incomeBeforeTax": 444000000,
    "incomeBeforeTaxRatio": 0.1301289566,
    "incomeTaxExpense": 94000000,
    "netIncome": 347000000,
    "netIncomeRatio": 0.1016998828,
    "eps": 1.01,
    "epsdiluted": 1.01,
    "weightedAverageShsOut": 342000000,
    "weightedAverageShsOutDil": 344000000,
    "link": "https://www.sec.gov/Archives/edgar/data/55067/000162828020006119/0001628280-20-006119-index.htm",
    "finalLink": "https://www.sec.gov/Archives/edgar/data/55067/000162828020006119/k-2020q110xq.htm"
  },
  {
    "date": "2019-12-28",
    "symbol": "K",
    "reportedCurrency": "USD",
    "cik": "0000055067",
    "fillingDate": "2020-02-24",
    "acceptedDate": "2020-02-24 16:32:44",
    "calendarYear": "2019",
    "period": "Q4",
    "revenue": 3223000000,
    "costOfRevenue": 2134000000,
    "grossProfit": 1089000000,
    "grossProfitRatio": 0.337883959,
    "researchAndDevelopmentExpenses": 0,
    "generalAndAdministrativeExpenses": 0,
    "sellingAndMarketingExpenses": 0,
    "sellingGeneralAndAdministrativeExpenses": 704000000,
    "otherExpenses": 0,
    "operatingExpenses": 704000000,
    "costAndExpenses": 2838000000,
    "interestIncome": 0,
    "interestExpense": 70000000,
    "depreciationAndAmortization": 124000000,
    "ebitda": 432000000,
    "ebitdaratio": 0.1340366119,
    "operatingIncome": 385000000,
    "operatingIncomeRatio": 0.1194539249,
    "totalOtherIncomeExpensesNet": -149000000,
    "incomeBeforeTax": 236000000,
    "incomeBeforeTaxRatio": 0.0732237046,
    "incomeTaxExpense": 84000000,
    "netIncome": 145000000,
    "netIncomeRatio": 0.0449891406,
    "eps": 0.43,
    "epsdiluted": 0.42,
    "weightedAverageShsOut": 341000000,
    "weightedAverageShsOutDil": 343000000,
    "link": "https://www.sec.gov/Archives/edgar/data/55067/000162828020002113/0001628280-20-002113-index.htm",
    "finalLink": "https://www.sec.gov/Archives/edgar/data/55067/000162828020002113/k-2019q410xk.htm"
  },
  {
    "date": "2019-09-28",
    "symbol": "K",
    "reportedCurrency": "USD",
    "cik": "0000055067",
    "fillingDate": "2019-10-30",
    "acceptedDate": "2019-10-30 16:25:56",
    "calendarYear": "2019",
    "period": "Q3",
    "revenue": 3372000000,
    "costOfRevenue": 2345000000,
    "grossProfit": 1027000000,
    "grossProfitRatio": 0.3045670225,
    "researchAndDevelopmentExpenses": 0,
    "generalAndAdministrativeExpenses": 0,
    "sellingAndMarketingExpenses": 0,
    "sellingGeneralAndAdministrativeExpenses": 732000000,
    "otherExpenses": 0,
    "operatingExpenses": 732000000,
    "costAndExpenses": 3077000000,
    "interestIncome": 0,
    "interestExpense": 82000000,
    "depreciationAndAmortization": 117000000,
    "ebitda": 540000000,
    "ebitdaratio": 0.1601423488,
    "operatingIncome": 295000000,
    "operatingIncomeRatio": 0.087485172,
    "totalOtherIncomeExpensesNet": 44000000,
    "incomeBeforeTax": 339000000,
    "incomeBeforeTaxRatio": 0.1005338078,
    "incomeTaxExpense": 91000000,
    "netIncome": 247000000,
    "netIncomeRatio": 0.0732502966,
    "eps": 0.73,
    "epsdiluted": 0.72,
    "weightedAverageShsOut": 341000000,
    "weightedAverageShsOutDil": 342000000,
    "link": "https://www.sec.gov/Archives/edgar/data/55067/000162828019012828/0001628280-19-012828-index.htm",
    "finalLink": "https://www.sec.gov/Archives/edgar/data/55067/000162828019012828/k-2019q310xq.htm"
  },
  {
    "date": "2019-06-29",
    "symbol": "K",
    "reportedCurrency": "USD",
    "cik": "0000055067",
    "fillingDate": "2019-08-02",
    "acceptedDate": "2019-08-02 16:17:23",
    "calendarYear": "2019",
    "period": "Q2",
    "revenue": 3461000000,
    "costOfRevenue": 2305000000,
    "grossProfit": 1156000000,
    "grossProfitRatio": 0.3340075123,
    "researchAndDevelopmentExpenses": 0,
    "generalAndAdministrativeExpenses": 0,
    "sellingAndMarketingExpenses": 0,
    "sellingGeneralAndAdministrativeExpenses": 735000000,
    "otherExpenses": 0,
    "operatingExpenses": 735000000,
    "costAndExpenses": 3040000000,
    "interestIncome": 0,
    "interestExpense": 81000000,
    "depreciationAndAmortization": 119000000,
    "ebitda": 567000000,
    "ebitdaratio": 0.163825484,
    "operatingIncome": 421000000,
    "operatingIncomeRatio": 0.1216411442,
    "totalOtherIncomeExpensesNet": -55000000,
    "incomeBeforeTax": 366000000,
    "incomeBeforeTaxRatio": 0.1057497833,
    "incomeTaxExpense": 74000000,
    "netIncome": 286000000,
    "netIncomeRatio": 0.0826350766,
    "eps": 0.84,
    "epsdiluted": 0.84,
    "weightedAverageShsOut": 340000000,
    "weightedAverageShsOutDil": 341000000,
    "link": "https://www.sec.gov/Archives/edgar/data/55067/000162828019009865/0001628280-19-009865-index.htm",
    "finalLink": "https://www.sec.gov/Archives/edgar/data/55067/000162828019009865/k-2019q210xq.htm"
  },
  {
    "date": "2019-03-30",
    "symbol": "K",
    "reportedCurrency": "USD",
    "cik": "0000055067",
    "fillingDate": "2019-05-03",
    "acceptedDate": "2019-05-03 16:17:47",
    "calendarYear": "2019",
    "period": "Q1",
    "revenue": 3522000000,
    "costOfRevenue": 2366000000,
    "grossProfit": 1156000000,
    "grossProfitRatio": 0.3282226008,
    "researchAndDevelopmentExpenses": 0,
    "generalAndAdministrativeExpenses": 0,
    "sellingAndMarketingExpenses": 0,
    "sellingGeneralAndAdministrativeExpenses": 724000000,
    "otherExpenses": 0,
    "operatingExpenses": 724000000,
    "costAndExpenses": 3090000000,
    "interestIncome": 0,
    "interestExpense": 81000000,
    "depreciationAndAmortization": 124000000,
    "ebitda": 564000000,
    "ebitdaratio": 0.1601362862,
    "operatingIncome": 432000000,
    "operatingIncomeRatio": 0.1226575809,
    "totalOtherIncomeExpensesNet": -75000000,
    "incomeBeforeTax": 357000000,
    "incomeBeforeTaxRatio": 0.101362862,
    "incomeTaxExpense": 72000000,
    "netIncome": 282000000,
    "netIncomeRatio": 0.0800681431,
    "eps": 0.82,
    "epsdiluted": 0.82,
    "weightedAverageShsOut": 342000000,
    "weightedAverageShsOutDil": 343000000,
    "link": "https://www.sec.gov/Archives/edgar/data/55067/000162828019005822/0001628280-19-005822-index.htm",
    "finalLink": "https://www.sec.gov/Archives/edgar/data/55067/000162828019005822/k-2019q110xq.htm"
  },
  {
    "date": "2018-12-29",
    "symbol": "K",
    "reportedCurrency": "USD",
    "cik": "0000055067",
    "fillingDate": "2019-02-25",
    "acceptedDate": "2019-02-25 16:20:08",
    "calendarYear": "2018",
    "period": "Q4",
    "revenue": 3317000000,
    "costOfRevenue": 2180000000,
    "grossProfit": 1137000000,
    "grossProfitRatio": 0.3427796201,
    "researchAndDevelopmentExpenses": 0,
    "generalAndAdministrativeExpenses": 0,
    "sellingAndMarketingExpenses": 0,
    "sellingGeneralAndAdministrativeExpenses": 718000000,
    "otherExpenses": 0,
    "operatingExpenses": 718000000,
    "costAndExpenses": 2898000000,
    "interestIncome": 0,
    "interestExpense": 72000000,
    "depreciationAndAmortization": 142000000,
    "ebitda": 107000000,
    "ebitdaratio": 0.0322580645,
    "operatingIncome": 419000000,
    "operatingIncomeRatio": 0.1263189629,
    "totalOtherIncomeExpensesNet": -526000000,
    "incomeBeforeTax": -107000000,
    "incomeBeforeTaxRatio": -0.0322580645,
    "incomeTaxExpense": -25000000,
    "netIncome": -84000000,
    "netIncomeRatio": -0.025324088,
    "eps": -0.24,
    "epsdiluted": -0.24,
    "weightedAverageShsOut": 346000000,
    "weightedAverageShsOutDil": 348000000,
    "link": "https://www.sec.gov/Archives/edgar/data/55067/000162828019001864/0001628280-19-001864-index.htm",
    "finalLink": "https://www.sec.gov/Archives/edgar/data/55067/000162828019001864/k-2018q410xk.htm"
  },
  {
    "date": "2018-09-29",
    "symbol": "K",
    "reportedCurrency": "USD",
    "cik": "0000055067",
    "fillingDate": "2018-11-01",
    "acceptedDate": "2018-11-01 16:19:56",
    "calendarYear": "2018",
    "period": "Q3",
    "revenue": 3469000000,
    "costOfRevenue": 2243000000,
    "grossProfit": 1226000000,
    "grossProfitRatio": 0.35341597,
    "researchAndDevelopmentExpenses": 0,
    "generalAndAdministrativeExpenses": 0,
    "sellingAndMarketingExpenses": 0,
    "sellingGeneralAndAdministrativeExpenses": 765000000,
    "otherExpenses": 0,
    "operatingExpenses": 765000000,
    "costAndExpenses": 3008000000,
    "interestIncome": 0,
    "interestExpense": 74000000,
    "depreciationAndAmortization": 140000000,
    "ebitda": 668000000,
    "ebitdaratio": 0.1925626982,
    "operatingIncome": 461000000,
    "operatingIncomeRatio": 0.1328913231,
    "totalOtherIncomeExpensesNet": -9000000,
    "incomeBeforeTax": 452000000,
    "incomeBeforeTaxRatio": 0.1302969155,
    "incomeTaxExpense": 69000000,
    "netIncome": 380000000,
    "netIncomeRatio": 0.1095416547,
    "eps": 1.1,
    "epsdiluted": 1.09,
    "weightedAverageShsOut": 347000000,
    "weightedAverageShsOutDil": 349000000,
    "link": "https://www.sec.gov/Archives/edgar/data/55067/000162828018013327/0001628280-18-013327-index.htm",
    "finalLink": "https://www.sec.gov/Archives/edgar/data/55067/000162828018013327/k-2018q310xq.htm"
  },
  {
    "date": "2018-06-30",
    "symbol": "K",
    "reportedCurrency": "USD",
    "cik": "0000055067",
    "fillingDate": "2018-08-03",
    "acceptedDate": "2018-08-03 16:18:16",
    "calendarYear": "2018",
    "period": "Q2",
    "revenue": 3360000000,
    "costOfRevenue": 2151000000,
    "grossProfit": 1209000000,
    "grossProfitRatio": 0.3598214286,
    "researchAndDevelopmentExpenses": 0,
    "generalAndAdministrativeExpenses": 0,
    "sellingAndMarketingExpenses": 0,
    "sellingGeneralAndAdministrativeExpenses": 726000000,
    "otherExpenses": 0,
    "operatingExpenses": 726000000,
    "costAndExpenses": 2877000000,
    "interestIncome": 0,
    "interestExpense": 74000000,
    "depreciationAndAmortization": 112000000,
    "ebitda": 657000000,
    "ebitdaratio": 0.1955357143,
    "operatingIncome": 483000000,
    "operatingIncomeRatio": 0.14375,
    "totalOtherIncomeExpensesNet": 186000000,
    "incomeBeforeTax": 669000000,
    "incomeBeforeTaxRatio": 0.1991071429,
    "incomeTaxExpense": 70000000,
    "netIncome": 596000000,
    "netIncomeRatio": 0.1773809524,
    "eps": 1.72,
    "epsdiluted": 1.71,
    "weightedAverageShsOut": 347000000,
    "weightedAverageShsOutDil": 348000000,
    "link": "https://www.sec.gov/Archives/edgar/data/55067/000162828018010439/0001628280-18-010439-index.htm",
    "finalLink": "https://www.sec.gov/Archives/edgar/data/55067/000162828018010439/k-2018q210xq.htm"
  },
  {
    "date": "2018-03-31",
    "symbol": "K",
    "reportedCurrency": "USD",
    "cik": "0000055067",
    "fillingDate": "2018-05-04",
    "acceptedDate": "2018-05-04 16:18:01",
    "calendarYear": "2018",
    "period": "Q1",
    "revenue": 3401000000,
    "costOfRevenue": 2144000000,
    "grossProfit": 1257000000,
    "grossProfitRatio": 0.3695971773,
    "researchAndDevelopmentExpenses": 0,
    "generalAndAdministrativeExpenses": 0,
    "sellingAndMarketingExpenses": 0,
    "sellingGeneralAndAdministrativeExpenses": 736000000,
    "otherExpenses": 0,
    "operatingExpenses": 736000000,
    "costAndExpenses": 2880000000,
    "interestIncome": 0,
    "interestExpense": 67000000,
    "depreciationAndAmortization": 122000000,
    "ebitda": 700000000,
    "ebitdaratio": 0.2058218171,
    "operatingIncome": 521000000,
    "operatingIncomeRatio": 0.1531902382,
    "totalOtherIncomeExpensesNet": -10000000,
    "incomeBeforeTax": 511000000,
    "incomeBeforeTaxRatio": 0.1502499265,
    "incomeTaxExpense": 67000000,
    "netIncome": 444000000,
    "netIncomeRatio": 0.1305498383,
    "eps": 1.28,
    "epsdiluted": 1.27,
    "weightedAverageShsOut": 346000000,
    "weightedAverageShsOutDil": 348000000,
    "link": "https://www.sec.gov/Archives/edgar/data/55067/000162828018005974/0001628280-18-005974-index.htm",
    "finalLink": "https://www.sec.gov/Archives/edgar/data/55067/000162828018005974/k-2018q110xq.htm"
  },
  {
    "date": "2017-12-30",
    "symbol": "K",
    "reportedCurrency": "USD",
    "cik": "0000055067",
    "fillingDate": "2018-02-20",
    "acceptedDate": "2018-02-20 08:04:17",
    "calendarYear": "2017",
    "period": "Q4",
    "revenue": 3185000000,
    "costOfRevenue": 2068000000,
    "grossProfit": 1117000000,
    "grossProfitRatio": 0.3507064364,
    "researchAndDevelopmentExpenses": 0,
    "generalAndAdministrativeExpenses": 0,
    "sellingAndMarketingExpenses": 0,
    "sellingGeneralAndAdministrativeExpenses": 777000000,
    "otherExpenses": 0,
    "operatingExpenses": 777000000,
    "costAndExpenses": 2845000000,
    "interestIncome": 0,
    "interestExpense": 66000000,
    "depreciationAndAmortization": 115000000,
    "ebitda": 760000000,
    "ebitdaratio": 0.2386185243,
    "operatingIncome": 340000000,
    "operatingIncomeRatio": 0.1067503925,
    "totalOtherIncomeExpensesNet": 241000000,
    "incomeBeforeTax": 581000000,
    "incomeBeforeTaxRatio": 0.1824175824,
    "incomeTaxExpense": 164000000,
    "netIncome": 428000000,
    "netIncomeRatio": 0.1343799058,
    "eps": 1.24,
    "epsdiluted": 1.23,
    "weightedAverageShsOut": 345161290,
    "weightedAverageShsOutDil": 347967480,
    "link": "https://www.sec.gov/Archives/edgar/data/55067/000162828018001872/0001628280-18-001872-index.htm",
    "finalLink": "https://www.sec.gov/Archives/edgar/data/55067/000162828018001872/k-2017q410xk.htm"
  },
  {
    "date": "2017-09-30",
    "symbol": "K",
    "reportedCurrency": "USD",
    "cik": "0000055067",
    "fillingDate": "2017-11-03",
    "acceptedDate": "2017-11-03 16:17:03",
    "calendarYear": "2017",
    "period": "Q3",
    "revenue": 3246000000,
    "costOfRevenue": 2012000000,
    "grossProfit": 1234000000,
    "grossProfitRatio": 0.3801601972,
    "researchAndDevelopmentExpenses": 0,
    "generalAndAdministrativeExpenses": 0,
    "sellingAndMarketingExpenses": 0,
    "sellingGeneralAndAdministrativeExpenses": 736000000,
    "otherExpenses": 0,
    "operatingExpenses": 736000000,
    "costAndExpenses": 2748000000,
    "interestIncome": 0,
    "interestExpense": 67000000,
    "depreciationAndAmortization": 126000000,
    "ebitda": 579000000,
    "ebitdaratio": 0.1783733826,
    "operatingIncome": 498000000,
    "operatingIncomeRatio": 0.1534195933,
    "totalOtherIncomeExpensesNet": -109000000,
    "incomeBeforeTax": 389000000,
    "incomeBeforeTaxRatio": 0.1198398028,
    "incomeTaxExpense": 101000000,
    "netIncome": 288000000,
    "netIncomeRatio": 0.0887245841,
    "eps": 0.86,
    "epsdiluted": 0.85,
    "weightedAverageShsOut": 345000000,
    "weightedAverageShsOutDil": 348000000,
    "link": "https://www.sec.gov/Archives/edgar/data/55067/000162828017010859/0001628280-17-010859-index.htm",
    "finalLink": "https://www.sec.gov/Archives/edgar/data/55067/000162828017010859/k-2017q310xq.htm"
  },
  {
    "date": "2017-07-01",
    "symbol": "K",
    "reportedCurrency": "USD",
    "cik": "0000055067",
    "fillingDate": "2017-08-04",
    "acceptedDate": "2017-08-04 16:16:44",
    "calendarYear": "2017",
    "period": "Q2",
    "revenue": 3175000000,
    "costOfRevenue": 1932000000,
    "grossProfit": 1243000000,
    "grossProfitRatio": 0.391496063,
    "researchAndDevelopmentExpenses": 0,
    "generalAndAdministrativeExpenses": 0,
    "sellingAndMarketingExpenses": 0,
    "sellingGeneralAndAdministrativeExpenses": 764000000,
    "otherExpenses": 0,
    "operatingExpenses": 764000000,
    "costAndExpenses": 2696000000,
    "interestIncome": 0,
    "interestExpense": 65000000,
    "depreciationAndAmortization": 119000000,
    "ebitda": 569000000,
    "ebitdaratio": 0.1792125984,
    "operatingIncome": 479000000,
    "operatingIncomeRatio": 0.1508661417,
    "totalOtherIncomeExpensesNet": -94000000,
    "incomeBeforeTax": 385000000,
    "incomeBeforeTaxRatio": 0.1212598425,
    "incomeTaxExpense": 102000000,
    "netIncome": 283000000,
    "netIncomeRatio": 0.0891338583,
    "eps": 0.81,
    "epsdiluted": 0.8,
    "weightedAverageShsOut": 349000000,
    "weightedAverageShsOutDil": 352000000,
    "link": "https://www.sec.gov/Archives/edgar/data/55067/000162828017008104/0001628280-17-008104-index.htm",
    "finalLink": "https://www.sec.gov/Archives/edgar/data/55067/000162828017008104/k-2017q210xq.htm"
  },
  {
    "date": "2017-04-01",
    "symbol": "K",
    "reportedCurrency": "USD",
    "cik": "0000055067",
    "fillingDate": "2017-05-08",
    "acceptedDate": "2017-05-08 16:16:48",
    "calendarYear": "2017",
    "period": "Q1",
    "revenue": 3260000000,
    "costOfRevenue": 1309000000,
    "grossProfit": 1951000000,
    "grossProfitRatio": 0.5984662577,
    "researchAndDevelopmentExpenses": 0,
    "generalAndAdministrativeExpenses": 0,
    "sellingAndMarketingExpenses": 0,
    "sellingGeneralAndAdministrativeExpenses": 171000000,
    "otherExpenses": 0,
    "operatingExpenses": 171000000,
    "costAndExpenses": 1480000000,
    "interestIncome": 0,
    "interestExpense": 64000000,
    "depreciationAndAmortization": 121000000,
    "ebitda": 487000000,
    "ebitdaratio": 0.1493865031,
    "operatingIncome": 1780000000,
    "operatingIncomeRatio": 0.5460122699,
    "totalOtherIncomeExpensesNet": -1478000000,
    "incomeBeforeTax": 302000000,
    "incomeBeforeTaxRatio": 0.0926380368,
    "incomeTaxExpense": 42000000,
    "netIncome": 266000000,
    "netIncomeRatio": 0.081595092,
    "eps": 0.75,
    "epsdiluted": 0.74,
    "weightedAverageShsOut": 351000000,
    "weightedAverageShsOutDil": 354000000,
    "link": "https://www.sec.gov/Archives/edgar/data/55067/000162828017005143/0001628280-17-005143-index.htm",
    "finalLink": "https://www.sec.gov/Archives/edgar/data/55067/000162828017005143/k-2017q110xq.htm"
  },
  {
    "date": "2016-12-31",
    "symbol": "K",
    "reportedCurrency": "USD",
    "cik": "0000055067",
    "fillingDate": "2017-02-21",
    "acceptedDate": "2017-02-21 16:15:46",
    "calendarYear": "2016",
    "period": "Q4",
    "revenue": 3097000000,
    "costOfRevenue": 2034000000,
    "grossProfit": 1063000000,
    "grossProfitRatio": 0.3432353891,
    "researchAndDevelopmentExpenses": 0,
    "generalAndAdministrativeExpenses": 0,
    "sellingAndMarketingExpenses": 0,
    "sellingGeneralAndAdministrativeExpenses": 824000000,
    "otherExpenses": 0,
    "operatingExpenses": 824000000,
    "costAndExpenses": 2858000000,
    "interestIncome": 0,
    "interestExpense": 63000000,
    "depreciationAndAmortization": 160000000,
    "ebitda": 189000000,
    "ebitdaratio": 0.0610268001,
    "operatingIncome": 239000000,
    "operatingIncomeRatio": 0.0771714562,
    "totalOtherIncomeExpensesNet": -273000000,
    "incomeBeforeTax": -34000000,
    "incomeBeforeTaxRatio": -0.0109783662,
    "incomeTaxExpense": 18000000,
    "netIncome": -53000000,
    "netIncomeRatio": -0.0171133355,
    "eps": -0.15,
    "epsdiluted": -0.15,
    "weightedAverageShsOut": 351000000,
    "weightedAverageShsOutDil": 351000000,
    "link": "https://www.sec.gov/Archives/edgar/data/55067/000162828017001510/0001628280-17-001510-index.htm",
    "finalLink": "https://www.sec.gov/Archives/edgar/data/55067/000162828017001510/k-2016q410xk.htm"
  },
  {
    "date": "2016-10-01",
    "symbol": "K",
    "reportedCurrency": "USD",
    "cik": "0000055067",
    "fillingDate": "2016-11-07",
    "acceptedDate": "2016-11-07 07:56:08",
    "calendarYear": "2016",
    "period": "Q3",
    "revenue": 3254000000,
    "costOfRevenue": 1990000000,
    "grossProfit": 1264000000,
    "grossProfitRatio": 0.3884449908,
    "researchAndDevelopmentExpenses": 0,
    "generalAndAdministrativeExpenses": 0,
    "sellingAndMarketingExpenses": 0,
    "sellingGeneralAndAdministrativeExpenses": 854000000,
    "otherExpenses": 0,
    "operatingExpenses": 854000000,
    "costAndExpenses": 2844000000,
    "interestIncome": 0,
    "interestExpense": 58000000,
    "depreciationAndAmortization": 106000000,
    "ebitda": 519000000,
    "ebitdaratio": 0.1594960049,
    "operatingIncome": 410000000,
    "operatingIncomeRatio": 0.1259987707,
    "totalOtherIncomeExpensesNet": -55000000,
    "incomeBeforeTax": 355000000,
    "incomeBeforeTaxRatio": 0.1090964966,
    "incomeTaxExpense": 62000000,
    "netIncome": 292000000,
    "netIncomeRatio": 0.0897357099,
    "eps": 0.83,
    "epsdiluted": 0.82,
    "weightedAverageShsOut": 350000000,
    "weightedAverageShsOutDil": 354000000,
    "link": "https://www.sec.gov/Archives/edgar/data/55067/000162828016020893/0001628280-16-020893-index.htm",
    "finalLink": "https://www.sec.gov/Archives/edgar/data/55067/000162828016020893/k-2016q310xq.htm"
  },
  {
    "date": "2016-07-02",
    "symbol": "K",
    "reportedCurrency": "USD",
    "cik": "0000055067",
    "fillingDate": "2016-08-08",
    "acceptedDate": "2016-08-08 16:18:56",
    "calendarYear": "2016",
    "period": "Q2",
    "revenue": 3268000000,
    "costOfRevenue": 1998000000,
    "grossProfit": 1270000000,
    "grossProfitRatio": 0.3886168911,
    "researchAndDevelopmentExpenses": 0,
    "generalAndAdministrativeExpenses": 0,
    "sellingAndMarketingExpenses": 0,
    "sellingGeneralAndAdministrativeExpenses": 821000000,
    "otherExpenses": 0,
    "operatingExpenses": 821000000,
    "costAndExpenses": 2819000000,
    "interestIncome": 0,
    "interestExpense": 68000000,
    "depreciationAndAmortization": 136000000,
    "ebitda": 589000000,
    "ebitdaratio": 0.1802325581,
    "operatingIncome": 449000000,
    "operatingIncomeRatio": 0.1373929009,
    "totalOtherIncomeExpensesNet": -64000000,
    "incomeBeforeTax": 385000000,
    "incomeBeforeTaxRatio": 0.1178090575,
    "incomeTaxExpense": 106000000,
    "netIncome": 280000000,
    "netIncomeRatio": 0.0856793146,
    "eps": 0.8,
    "epsdiluted": 0.79,
    "weightedAverageShsOut": 350000000,
    "weightedAverageShsOutDil": 354000000,
    "link": "https://www.sec.gov/Archives/edgar/data/55067/000162828016018700/0001628280-16-018700-index.htm",
    "finalLink": "https://www.sec.gov/Archives/edgar/data/55067/000162828016018700/k-2016q210xq.htm"
  },
  {
    "date": "2016-04-02",
    "symbol": "K",
    "reportedCurrency": "USD",
    "cik": "0000055067",
    "fillingDate": "2016-05-09",
    "acceptedDate": "2016-05-09 16:21:26",
    "calendarYear": "2016",
    "period": "Q1",
    "revenue": 3395000000,
    "costOfRevenue": 2150000000,
    "grossProfit": 1245000000,
    "grossProfitRatio": 0.3667157585,
    "researchAndDevelopmentExpenses": 0,
    "generalAndAdministrativeExpenses": 0,
    "sellingAndMarketingExpenses": 0,
    "sellingGeneralAndAdministrativeExpenses": 807000000,
    "otherExpenses": 0,
    "operatingExpenses": 807000000,
    "costAndExpenses": 2957000000,
    "interestIncome": 0,
    "interestExpense": 217000000,
    "depreciationAndAmortization": 115000000,
    "ebitda": 553000000,
    "ebitdaratio": 0.1628865979,
    "operatingIncome": 438000000,
    "operatingIncomeRatio": 0.1290132548,
    "totalOtherIncomeExpensesNet": -217000000,
    "incomeBeforeTax": 221000000,
    "incomeBeforeTaxRatio": 0.065095729,
    "incomeTaxExpense": 47000000,
    "netIncome": 175000000,
    "netIncomeRatio": 0.0515463918,
    "eps": 0.5,
    "epsdiluted": 0.49,
    "weightedAverageShsOut": 351000000,
    "weightedAverageShsOutDil": 355000000,
    "link": "https://www.sec.gov/Archives/edgar/data/55067/000162828016015934/0001628280-16-015934-index.htm",
    "finalLink": "https://www.sec.gov/Archives/edgar/data/55067/000162828016015934/k-2016q110xq.htm"
  },
  {
    "date": "2016-01-02",
    "symbol": "K",
    "reportedCurrency": "USD",
    "cik": "0000055067",
    "fillingDate": "2016-02-24",
    "acceptedDate": "2016-02-24 16:42:27",
    "calendarYear": "2015",
    "period": "Q4",
    "revenue": 3142000000,
    "costOfRevenue": 2180000000,
    "grossProfit": 962000000,
    "grossProfitRatio": 0.3061744112,
    "researchAndDevelopmentExpenses": 0,
    "generalAndAdministrativeExpenses": 0,
    "sellingAndMarketingExpenses": 0,
    "sellingGeneralAndAdministrativeExpenses": 1001000000,
    "otherExpenses": 0,
    "operatingExpenses": 1001000000,
    "costAndExpenses": 3181000000,
    "interestIncome": 0,
    "interestExpense": 59000000,
    "depreciationAndAmortization": 147000000,
    "ebitda": 95000000,
    "ebitdaratio": 0.0302355188,
    "operatingIncome": -39000000,
    "operatingIncomeRatio": -0.0124124761,
    "totalOtherIncomeExpensesNet": -72000000,
    "incomeBeforeTax": -111000000,
    "incomeBeforeTaxRatio": -0.0353278167,
    "incomeTaxExpense": -68000000,
    "netIncome": -41000000,
    "netIncomeRatio": -0.0130490134,
    "eps": -0.12,
    "epsdiluted": -0.12,
    "weightedAverageShsOut": 353000000,
    "weightedAverageShsOutDil": 353000000,
    "link": "https://www.sec.gov/Archives/edgar/data/55067/000162828016011639/0001628280-16-011639-index.htm",
    "finalLink": "https://www.sec.gov/Archives/edgar/data/55067/000162828016011639/k-2015q410xk.htm"
  },
  {
    "date": "2015-10-03",
    "symbol": "K",
    "reportedCurrency": "USD",
    "cik": "0000055067",
    "fillingDate": "2015-11-06",
    "acceptedDate": "2015-11-06 16:09:47",
    "calendarYear": "2015",
    "period": "Q3",
    "revenue": 3329000000,
    "costOfRevenue": 2096000000,
    "grossProfit": 1233000000,
    "grossProfitRatio": 0.3703814959,
    "researchAndDevelopmentExpenses": 0,
    "generalAndAdministrativeExpenses": 0,
    "sellingAndMarketingExpenses": 0,
    "sellingGeneralAndAdministrativeExpenses": 899000000,
    "otherExpenses": 0,
    "operatingExpenses": 899000000,
    "costAndExpenses": 2995000000,
    "interestIncome": 0,
    "interestExpense": 56000000,
    "depreciationAndAmortization": 118000000,
    "ebitda": 446000000,
    "ebitdaratio": 0.1339741664,
    "operatingIncome": 334000000,
    "operatingIncomeRatio": 0.1003304296,
    "totalOtherIncomeExpensesNet": -62000000,
    "incomeBeforeTax": 272000000,
    "incomeBeforeTaxRatio": 0.0817062181,
    "incomeTaxExpense": 66000000,
    "netIncome": 205000000,
    "netIncomeRatio": 0.0615800541,
    "eps": 0.58,
    "epsdiluted": 0.58,
    "weightedAverageShsOut": 354000000,
    "weightedAverageShsOutDil": 356000000,
    "link": "https://www.sec.gov/Archives/edgar/data/55067/000162828015008445/0001628280-15-008445-index.htm",
    "finalLink": "https://www.sec.gov/Archives/edgar/data/55067/000162828015008445/k-2015q310xq.htm"
  },
  {
    "date": "2015-07-04",
    "symbol": "K",
    "reportedCurrency": "USD",
    "cik": "0000055067",
    "fillingDate": "2015-08-10",
    "acceptedDate": "2015-08-10 17:04:23",
    "calendarYear": "2015",
    "period": "Q2",
    "revenue": 3498000000,
    "costOfRevenue": 2257000000,
    "grossProfit": 1241000000,
    "grossProfitRatio": 0.3547741567,
    "researchAndDevelopmentExpenses": 0,
    "generalAndAdministrativeExpenses": 0,
    "sellingAndMarketingExpenses": 0,
    "sellingGeneralAndAdministrativeExpenses": 829000000,
    "otherExpenses": 0,
    "operatingExpenses": 829000000,
    "costAndExpenses": 3086000000,
    "interestIncome": 0,
    "interestExpense": 58000000,
    "depreciationAndAmortization": 138000000,
    "ebitda": 504000000,
    "ebitdaratio": 0.1440823328,
    "operatingIncome": 412000000,
    "operatingIncomeRatio": 0.1177815895,
    "totalOtherIncomeExpensesNet": -104000000,
    "incomeBeforeTax": 308000000,
    "incomeBeforeTaxRatio": 0.0880503145,
    "incomeTaxExpense": 85000000,
    "netIncome": 223000000,
    "netIncomeRatio": 0.0637507147,
    "eps": 0.63,
    "epsdiluted": 0.63,
    "weightedAverageShsOut": 353000000,
    "weightedAverageShsOutDil": 355000000,
    "link": "https://www.sec.gov/Archives/edgar/data/55067/000162828015006396/0001628280-15-006396-index.htm",
    "finalLink": "https://www.sec.gov/Archives/edgar/data/55067/000162828015006396/k-2015q210q.htm"
  },
  {
    "date": "2015-04-04",
    "symbol": "K",
    "reportedCurrency": "USD",
    "cik": "0000055067",
    "fillingDate": "2015-05-11",
    "acceptedDate": "2015-05-11 16:31:12",
    "calendarYear": "2015",
    "period": "Q1",
    "revenue": 3556000000,
    "costOfRevenue": 2311000000,
    "grossProfit": 1245000000,
    "grossProfitRatio": 0.3501124859,
    "researchAndDevelopmentExpenses": 0,
    "generalAndAdministrativeExpenses": 0,
    "sellingAndMarketingExpenses": 0,
    "sellingGeneralAndAdministrativeExpenses": 861000000,
    "otherExpenses": 0,
    "operatingExpenses": 861000000,
    "costAndExpenses": 3172000000,
    "interestIncome": 0,
    "interestExpense": 54000000,
    "depreciationAndAmortization": 131000000,
    "ebitda": 489000000,
    "ebitdaratio": 0.1375140607,
    "operatingIncome": 384000000,
    "operatingIncomeRatio": 0.1079865017,
    "totalOtherIncomeExpensesNet": -80000000,
    "incomeBeforeTax": 304000000,
    "incomeBeforeTaxRatio": 0.0854893138,
    "incomeTaxExpense": 76000000,
    "netIncome": 227000000,
    "netIncomeRatio": 0.0638357705,
    "eps": 0.64,
    "epsdiluted": 0.64,
    "weightedAverageShsOut": 355000000,
    "weightedAverageShsOutDil": 357000000,
    "link": "https://www.sec.gov/Archives/edgar/data/55067/000119312515182050/0001193125-15-182050-index.htm",
    "finalLink": "https://www.sec.gov/Archives/edgar/data/55067/000119312515182050/d918547d10q.htm"
  },
  {
    "date": "2015-01-03",
    "symbol": "K",
    "reportedCurrency": "USD",
    "cik": "0000055067",
    "fillingDate": "2015-02-25",
    "acceptedDate": "2015-02-25 17:24:42",
    "calendarYear": "2014",
    "period": "Q4",
    "revenue": 3514000000,
    "costOfRevenue": 2658000000,
    "grossProfit": 856000000,
    "grossProfitRatio": 0.2435970404,
    "researchAndDevelopmentExpenses": 0,
    "generalAndAdministrativeExpenses": 0,
    "sellingAndMarketingExpenses": 0,
    "sellingGeneralAndAdministrativeExpenses": 1278000000,
    "otherExpenses": 0,
    "operatingExpenses": 1278000000,
    "costAndExpenses": 3936000000,
    "interestIncome": 0,
    "interestExpense": 53000000,
    "depreciationAndAmortization": 128000000,
    "ebitda": -298000000,
    "ebitdaratio": -0.0848036426,
    "operatingIncome": -422000000,
    "operatingIncomeRatio": -0.1200910643,
    "totalOtherIncomeExpensesNet": -57000000,
    "incomeBeforeTax": -479000000,
    "incomeBeforeTaxRatio": -0.1363118953,
    "incomeTaxExpense": -187000000,
    "netIncome": -293000000,
    "netIncomeRatio": -0.0833807627,
    "eps": -0.82,
    "epsdiluted": -0.82,
    "weightedAverageShsOut": 355000000,
    "weightedAverageShsOutDil": 355000000,
    "link": "https://www.sec.gov/Archives/edgar/data/55067/000119312515062865/0001193125-15-062865-index.htm",
    "finalLink": "https://www.sec.gov/Archives/edgar/data/55067/000119312515062865/d853014d10k.htm"
  },
  {
    "date": "2014-09-27",
    "symbol": "K",
    "reportedCurrency": "USD",
    "cik": "0000055067",
    "fillingDate": "2014-11-04",
    "acceptedDate": "2014-11-04 08:02:07",
    "calendarYear": "2014",
    "period": "Q3",
    "revenue": 3639000000,
    "costOfRevenue": 2347000000,
    "grossProfit": 1292000000,
    "grossProfitRatio": 0.3550425941,
    "researchAndDevelopmentExpenses": 0,
    "generalAndAdministrativeExpenses": 0,
    "sellingAndMarketingExpenses": 0,
    "sellingGeneralAndAdministrativeExpenses": 927000000,
    "otherExpenses": 0,
    "operatingExpenses": 927000000,
    "costAndExpenses": 3274000000,
    "interestIncome": 0,
    "interestExpense": 54000000,
    "depreciationAndAmortization": 140000000,
    "ebitda": 506000000,
    "ebitdaratio": 0.1390491893,
    "operatingIncome": 365000000,
    "operatingIncomeRatio": 0.1003022808,
    "totalOtherIncomeExpensesNet": -53000000,
    "incomeBeforeTax": 312000000,
    "incomeBeforeTaxRatio": 0.0857378401,
    "incomeTaxExpense": 86000000,
    "netIncome": 224000000,
    "netIncomeRatio": 0.0615553724,
    "eps": 0.63,
    "epsdiluted": 0.62,
    "weightedAverageShsOut": 358000000,
    "weightedAverageShsOutDil": 360000000,
    "link": "https://www.sec.gov/Archives/edgar/data/55067/000119312514395162/0001193125-14-395162-index.htm",
    "finalLink": "https://www.sec.gov/Archives/edgar/data/55067/000119312514395162/d811802d10q.htm"
  },
  {
    "date": "2014-06-28",
    "symbol": "K",
    "reportedCurrency": "USD",
    "cik": "0000055067",
    "fillingDate": "2014-08-04",
    "acceptedDate": "2014-08-04 17:01:08",
    "calendarYear": "2014",
    "period": "Q2",
    "revenue": 3685000000,
    "costOfRevenue": 2274000000,
    "grossProfit": 1411000000,
    "grossProfitRatio": 0.3829036635,
    "researchAndDevelopmentExpenses": 0,
    "generalAndAdministrativeExpenses": 0,
    "sellingAndMarketingExpenses": 0,
    "sellingGeneralAndAdministrativeExpenses": 944000000,
    "otherExpenses": 0,
    "operatingExpenses": 944000000,
    "costAndExpenses": 3218000000,
    "interestIncome": 0,
    "interestExpense": 50000000,
    "depreciationAndAmortization": 119000000,
    "ebitda": 589000000,
    "ebitdaratio": 0.1598371777,
    "operatingIncome": 467000000,
    "operatingIncomeRatio": 0.1267299864,
    "totalOtherIncomeExpensesNet": -47000000,
    "incomeBeforeTax": 420000000,
    "incomeBeforeTaxRatio": 0.1139755767,
    "incomeTaxExpense": 122000000,
    "netIncome": 295000000,
    "netIncomeRatio": 0.0800542741,
    "eps": 0.82,
    "epsdiluted": 0.82,
    "weightedAverageShsOut": 359000000,
    "weightedAverageShsOutDil": 362000000,
    "link": "https://www.sec.gov/Archives/edgar/data/55067/000119312514293704/0001193125-14-293704-index.htm",
    "finalLink": "https://www.sec.gov/Archives/edgar/data/55067/000119312514293704/d762266d10q.htm"
  },
  {
    "date": "2014-03-29",
    "symbol": "K",
    "reportedCurrency": "USD",
    "cik": "0000055067",
    "fillingDate": "2014-05-05",
    "acceptedDate": "2014-05-05 17:03:01",
    "calendarYear": "2014",
    "period": "Q1",
    "revenue": 3742000000,
    "costOfRevenue": 2238000000,
    "grossProfit": 1504000000,
    "grossProfitRatio": 0.4019241048,
    "researchAndDevelopmentExpenses": 0,
    "generalAndAdministrativeExpenses": 0,
    "sellingAndMarketingExpenses": 0,
    "sellingGeneralAndAdministrativeExpenses": 890000000,
    "otherExpenses": 0,
    "operatingExpenses": 890000000,
    "costAndExpenses": 3128000000,
    "interestIncome": 0,
    "interestExpense": 52000000,
    "depreciationAndAmortization": 116000000,
    "ebitda": 740000000,
    "ebitdaratio": 0.1977552111,
    "operatingIncome": 614000000,
    "operatingIncomeRatio": 0.1640833779,
    "totalOtherIncomeExpensesNet": -42000000,
    "incomeBeforeTax": 572000000,
    "incomeBeforeTaxRatio": 0.1528594335,
    "incomeTaxExpense": 165000000,
    "netIncome": 406000000,
    "netIncomeRatio": 0.1084981293,
    "eps": 1.13,
    "epsdiluted": 1.12,
    "weightedAverageShsOut": 360000000,
    "weightedAverageShsOutDil": 362000000,
    "link": "https://www.sec.gov/Archives/edgar/data/55067/000119312514182690/0001193125-14-182690-index.htm",
    "finalLink": "https://www.sec.gov/Archives/edgar/data/55067/000119312514182690/d716213d10q.htm"
  },
  {
    "date": "2013-12-28",
    "symbol": "K",
    "reportedCurrency": "USD",
    "cik": "0000055067",
    "fillingDate": "2014-02-24",
    "acceptedDate": "2014-02-24 16:28:28",
    "calendarYear": "2013",
    "period": "Q4",
    "revenue": 3501000000,
    "costOfRevenue": 1718000000,
    "grossProfit": 1783000000,
    "grossProfitRatio": 0.509283062,
    "researchAndDevelopmentExpenses": 0,
    "generalAndAdministrativeExpenses": 0,
    "sellingAndMarketingExpenses": 0,
    "sellingGeneralAndAdministrativeExpenses": 523000000,
    "otherExpenses": 0,
    "operatingExpenses": 523000000,
    "costAndExpenses": 2241000000,
    "interestIncome": 0,
    "interestExpense": 58000000,
    "depreciationAndAmortization": 192000000,
    "ebitda": 1464000000,
    "ebitdaratio": 0.4181662382,
    "operatingIncome": 1260000000,
    "operatingIncomeRatio": 0.3598971722,
    "totalOtherIncomeExpensesNet": -46000000,
    "incomeBeforeTax": 1214000000,
    "incomeBeforeTaxRatio": 0.3467580691,
    "incomeTaxExpense": 394000000,
    "netIncome": 818000000,
    "netIncomeRatio": 0.2336475293,
    "eps": 2.26,
    "epsdiluted": 2.24,
    "weightedAverageShsOut": 363000000,
    "weightedAverageShsOutDil": 364000000,
    "link": "https://www.sec.gov/Archives/edgar/data/55067/000119312514065068/0001193125-14-065068-index.htm",
    "finalLink": "https://www.sec.gov/Archives/edgar/data/55067/000119312514065068/d668818d10k.htm"
  },
  {
    "date": "2013-09-28",
    "symbol": "K",
    "reportedCurrency": "USD",
    "cik": "0000055067",
    "fillingDate": "2013-11-05",
    "acceptedDate": "2013-11-05 16:28:07",
    "calendarYear": "2013",
    "period": "Q3",
    "revenue": 3716000000,
    "costOfRevenue": 2266000000,
    "grossProfit": 1450000000,
    "grossProfitRatio": 0.390204521,
    "researchAndDevelopmentExpenses": 0,
    "generalAndAdministrativeExpenses": 0,
    "sellingAndMarketingExpenses": 0,
    "sellingGeneralAndAdministrativeExpenses": 946000000,
    "otherExpenses": 0,
    "operatingExpenses": 946000000,
    "costAndExpenses": 3212000000,
    "interestIncome": 0,
    "interestExpense": 56000000,
    "depreciationAndAmortization": 114000000,
    "ebitda": 622000000,
    "ebitdaratio": 0.1673842842,
    "operatingIncome": 504000000,
    "operatingIncomeRatio": 0.1356297094,
    "totalOtherIncomeExpensesNet": -52000000,
    "incomeBeforeTax": 452000000,
    "incomeBeforeTaxRatio": 0.1216361679,
    "incomeTaxExpense": 124000000,
    "netIncome": 326000000,
    "netIncomeRatio": 0.0877287406,
    "eps": 0.9,
    "epsdiluted": 0.9,
    "weightedAverageShsOut": 362000000,
    "weightedAverageShsOutDil": 364000000,
    "link": "https://www.sec.gov/Archives/edgar/data/55067/000119312513427757/0001193125-13-427757-index.htm",
    "finalLink": "https://www.sec.gov/Archives/edgar/data/55067/000119312513427757/d620251d10q.htm"
  },
  {
    "date": "2013-06-29",
    "symbol": "K",
    "reportedCurrency": "USD",
    "cik": "0000055067",
    "fillingDate": "2013-08-06",
    "acceptedDate": "2013-08-06 08:13:03",
    "calendarYear": "2013",
    "period": "Q2",
    "revenue": 3714000000,
    "costOfRevenue": 2237000000,
    "grossProfit": 1477000000,
    "grossProfitRatio": 0.3976844373,
    "researchAndDevelopmentExpenses": 0,
    "generalAndAdministrativeExpenses": 0,
    "sellingAndMarketingExpenses": 0,
    "sellingGeneralAndAdministrativeExpenses": 907000000,
    "otherExpenses": 0,
    "operatingExpenses": 907000000,
    "costAndExpenses": 3144000000,
    "interestIncome": 0,
    "interestExpense": 61000000,
    "depreciationAndAmortization": 113000000,
    "ebitda": 678000000,
    "ebitdaratio": 0.182552504,
    "operatingIncome": 570000000,
    "operatingIncomeRatio": 0.1534733441,
    "totalOtherIncomeExpensesNet": -66000000,
    "incomeBeforeTax": 504000000,
    "incomeBeforeTaxRatio": 0.1357027464,
    "incomeTaxExpense": 150000000,
    "netIncome": 352000000,
    "netIncomeRatio": 0.0947765213,
    "eps": 0.96,
    "epsdiluted": 0.96,
    "weightedAverageShsOut": 364000000,
    "weightedAverageShsOutDil": 367000000,
    "link": "https://www.sec.gov/Archives/edgar/data/55067/000119312513320375/0001193125-13-320375-index.htm",
    "finalLink": "https://www.sec.gov/Archives/edgar/data/55067/000119312513320375/d577515d10q.htm"
  },
  {
    "date": "2013-03-30",
    "symbol": "K",
    "reportedCurrency": "USD",
    "cik": "0000055067",
    "fillingDate": "2013-05-07",
    "acceptedDate": "2013-05-07 10:51:36",
    "calendarYear": "2013",
    "period": "Q1",
    "revenue": 3861000000,
    "costOfRevenue": 2468000000,
    "grossProfit": 1393000000,
    "grossProfitRatio": 0.3607873608,
    "researchAndDevelopmentExpenses": 0,
    "generalAndAdministrativeExpenses": 0,
    "sellingAndMarketingExpenses": 0,
    "sellingGeneralAndAdministrativeExpenses": 890000000,
    "otherExpenses": 0,
    "operatingExpenses": 890000000,
    "costAndExpenses": 3358000000,
    "interestIncome": 0,
    "interestExpense": 60000000,
    "depreciationAndAmortization": 113000000,
    "ebitda": 609000000,
    "ebitdaratio": 0.1577311577,
    "operatingIncome": 503000000,
    "operatingIncomeRatio": 0.1302771303,
    "totalOtherIncomeExpensesNet": -67000000,
    "incomeBeforeTax": 436000000,
    "incomeBeforeTaxRatio": 0.1129241129,
    "incomeTaxExpense": 124000000,
    "netIncome": 311000000,
    "netIncomeRatio": 0.0805490805,
    "eps": 0.86,
    "epsdiluted": 0.85,
    "weightedAverageShsOut": 363000000,
    "weightedAverageShsOutDil": 366000000,
    "link": "https://www.sec.gov/Archives/edgar/data/55067/000119312513203390/0001193125-13-203390-index.htm",
    "finalLink": "https://www.sec.gov/Archives/edgar/data/55067/000119312513203390/d529115d10q.htm"
  },
  {
    "date": "2012-12-29",
    "symbol": "K",
    "reportedCurrency": "USD",
    "cik": "0000055067",
    "fillingDate": "2013-02-26",
    "acceptedDate": "2013-02-26 08:01:36",
    "calendarYear": "2012",
    "period": "Q4",
    "revenue": 3563000000,
    "costOfRevenue": 2356000000,
    "grossProfit": 1207000000,
    "grossProfitRatio": 0.3387594724,
    "researchAndDevelopmentExpenses": 0,
    "generalAndAdministrativeExpenses": 0,
    "sellingAndMarketingExpenses": 0,
    "sellingGeneralAndAdministrativeExpenses": 1144000000,
    "otherExpenses": 0,
    "operatingExpenses": 1144000000,
    "costAndExpenses": 3500000000,
    "interestIncome": 0,
    "interestExpense": 66000000,
    "depreciationAndAmortization": 146000000,
    "ebitda": 202000000,
    "ebitdaratio": 0.0566937974,
    "operatingIncome": 63000000,
    "operatingIncomeRatio": 0.0176817289,
    "totalOtherIncomeExpensesNet": -73000000,
    "incomeBeforeTax": -10000000,
    "incomeBeforeTaxRatio": -0.0028066236,
    "incomeTaxExpense": -16000000,
    "netIncome": 6000000,
    "netIncomeRatio": 0.0016839742,
    "eps": 0.0174,
    "epsdiluted": 0.0167,
    "weightedAverageShsOut": 345714223,
    "weightedAverageShsOutDil": 359000000,
    "link": "https://www.sec.gov/Archives/edgar/data/55067/000119312513075288/0001193125-13-075288-index.htm",
    "finalLink": "https://www.sec.gov/Archives/edgar/data/55067/000119312513075288/d487202d10k.htm"
  },
  {
    "date": "2012-09-29",
    "symbol": "K",
    "reportedCurrency": "USD",
    "cik": "0000055067",
    "fillingDate": "2012-11-05",
    "acceptedDate": "2012-11-05 16:20:04",
    "calendarYear": "2012",
    "period": "Q3",
    "revenue": 3720000000,
    "costOfRevenue": 2254000000,
    "grossProfit": 1466000000,
    "grossProfitRatio": 0.3940860215,
    "researchAndDevelopmentExpenses": 0,
    "generalAndAdministrativeExpenses": 0,
    "sellingAndMarketingExpenses": 0,
    "sellingGeneralAndAdministrativeExpenses": 953000000,
    "otherExpenses": 0,
    "operatingExpenses": 953000000,
    "costAndExpenses": 3207000000,
    "interestIncome": 0,
    "interestExpense": 73000000,
    "depreciationAndAmortization": 108000000,
    "ebitda": 631000000,
    "ebitdaratio": 0.1696236559,
    "operatingIncome": 513000000,
    "operatingIncomeRatio": 0.1379032258,
    "totalOtherIncomeExpensesNet": -63000000,
    "incomeBeforeTax": 450000000,
    "incomeBeforeTaxRatio": 0.1209677419,
    "incomeTaxExpense": 131000000,
    "netIncome": 318000000,
    "netIncomeRatio": 0.085483871,
    "eps": 0.83,
    "epsdiluted": 0.82,
    "weightedAverageShsOut": 358000000,
    "weightedAverageShsOutDil": 359000000,
    "link": "https://www.sec.gov/Archives/edgar/data/55067/000119312512451834/0001193125-12-451834-index.htm",
    "finalLink": "https://www.sec.gov/Archives/edgar/data/55067/000119312512451834/d431245d10q.htm"
  },
  {
    "date": "2012-06-30",
    "symbol": "K",
    "reportedCurrency": "USD",
    "cik": "0000055067",
    "fillingDate": "2012-08-07",
    "acceptedDate": "2012-08-07 16:59:47",
    "calendarYear": "2012",
    "period": "Q2",
    "revenue": 3474000000,
    "costOfRevenue": 2035000000,
    "grossProfit": 1439000000,
    "grossProfitRatio": 0.4142199194,
    "researchAndDevelopmentExpenses": 0,
    "generalAndAdministrativeExpenses": 0,
    "sellingAndMarketingExpenses": 0,
    "sellingGeneralAndAdministrativeExpenses": 920000000,
    "otherExpenses": 0,
    "operatingExpenses": 920000000,
    "costAndExpenses": 2955000000,
    "interestIncome": 0,
    "interestExpense": 89000000,
    "depreciationAndAmortization": 99000000,
    "ebitda": 625000000,
    "ebitdaratio": 0.1799078872,
    "operatingIncome": 519000000,
    "operatingIncomeRatio": 0.1493955095,
    "totalOtherIncomeExpensesNet": -82000000,
    "incomeBeforeTax": 437000000,
    "incomeBeforeTaxRatio": 0.1257915947,
    "incomeTaxExpense": 113000000,
    "netIncome": 324000000,
    "netIncomeRatio": 0.0932642487,
    "eps": 0.84,
    "epsdiluted": 0.84,
    "weightedAverageShsOut": 357000000,
    "weightedAverageShsOutDil": 359000000,
    "link": "https://www.sec.gov/Archives/edgar/data/55067/000119312512341159/0001193125-12-341159-index.htm",
    "finalLink": "https://www.sec.gov/Archives/edgar/data/55067/000119312512341159/d390729d10q.htm"
  },
  {
    "date": "2012-03-31",
    "symbol": "K",
    "reportedCurrency": "USD",
    "cik": "0000055067",
    "fillingDate": "2012-05-04",
    "acceptedDate": "2012-05-04 12:02:29",
    "calendarYear": "2012",
    "period": "Q1",
    "revenue": 3440000000,
    "costOfRevenue": 2087000000,
    "grossProfit": 1353000000,
    "grossProfitRatio": 0.3933139535,
    "researchAndDevelopmentExpenses": 0,
    "generalAndAdministrativeExpenses": 0,
    "sellingAndMarketingExpenses": 0,
    "sellingGeneralAndAdministrativeExpenses": 826000000,
    "otherExpenses": 0,
    "operatingExpenses": 826000000,
    "costAndExpenses": 2913000000,
    "interestIncome": 0,
    "interestExpense": 33000000,
    "depreciationAndAmortization": 95000000,
    "ebitda": 635000000,
    "ebitdaratio": 0.1845930233,
    "operatingIncome": 527000000,
    "operatingIncomeRatio": 0.1531976744,
    "totalOtherIncomeExpensesNet": -20000000,
    "incomeBeforeTax": 507000000,
    "incomeBeforeTaxRatio": 0.1473837209,
    "incomeTaxExpense": 156000000,
    "netIncome": 351000000,
    "netIncomeRatio": 0.1020348837,
    "eps": 1,
    "epsdiluted": 1,
    "weightedAverageShsOut": 357000000,
    "weightedAverageShsOutDil": 359000000,
    "link": "https://www.sec.gov/Archives/edgar/data/55067/000119312512210966/0001193125-12-210966-index.htm",
    "finalLink": "https://www.sec.gov/Archives/edgar/data/55067/000119312512210966/d343239d10q.htm"
  },
  {
    "date": "2011-12-31",
    "symbol": "K",
    "reportedCurrency": "USD",
    "cik": "0000055067",
    "fillingDate": "2012-02-29",
    "acceptedDate": "2012-02-28 18:08:40",
    "calendarYear": "2011",
    "period": "Q4",
    "revenue": 3015000000,
    "costOfRevenue": 1781000000,
    "grossProfit": 1234000000,
    "grossProfitRatio": 0.4092868988,
    "researchAndDevelopmentExpenses": 0,
    "generalAndAdministrativeExpenses": 0,
    "sellingAndMarketingExpenses": 0,
    "sellingGeneralAndAdministrativeExpenses": 837000000,
    "otherExpenses": 0,
    "operatingExpenses": 837000000,
    "costAndExpenses": 2618000000,
    "interestIncome": 0,
    "interestExpense": 55000000,
    "depreciationAndAmortization": 99000000,
    "ebitda": 495000000,
    "ebitdaratio": 0.1641791045,
    "operatingIncome": 397000000,
    "operatingIncomeRatio": 0.1316749585,
    "totalOtherIncomeExpensesNet": -56000000,
    "incomeBeforeTax": 341000000,
    "incomeBeforeTaxRatio": 0.1131011609,
    "incomeTaxExpense": 109000000,
    "netIncome": 232000000,
    "netIncomeRatio": 0.0769485904,
    "eps": 0.65,
    "epsdiluted": 0.64,
    "weightedAverageShsOut": 358000000,
    "weightedAverageShsOutDil": 360000000,
    "link": "https://www.sec.gov/Archives/edgar/data/55067/000119312512085976/0001193125-12-085976-index.htm",
    "finalLink": "https://www.sec.gov/Archives/edgar/data/55067/000119312512085976/d279714d10k.htm"
  },
  {
    "date": "2011-10-01",
    "symbol": "K",
    "reportedCurrency": "USD",
    "cik": "0000055067",
    "fillingDate": "2011-11-09",
    "acceptedDate": "2011-11-09 16:18:52",
    "calendarYear": "2011",
    "period": "Q3",
    "revenue": 3312000000,
    "costOfRevenue": 1962000000,
    "grossProfit": 1350000000,
    "grossProfitRatio": 0.4076086957,
    "researchAndDevelopmentExpenses": 0,
    "generalAndAdministrativeExpenses": 0,
    "sellingAndMarketingExpenses": 0,
    "sellingGeneralAndAdministrativeExpenses": 886000000,
    "otherExpenses": 0,
    "operatingExpenses": 886000000,
    "costAndExpenses": 2848000000,
    "interestIncome": 0,
    "interestExpense": 58000000,
    "depreciationAndAmortization": 95000000,
    "ebitda": 550000000,
    "ebitdaratio": 0.1660628019,
    "operatingIncome": 464000000,
    "operatingIncomeRatio": 0.1400966184,
    "totalOtherIncomeExpensesNet": -67000000,
    "incomeBeforeTax": 397000000,
    "incomeBeforeTaxRatio": 0.1198671498,
    "incomeTaxExpense": 107000000,
    "netIncome": 290000000,
    "netIncomeRatio": 0.0875603865,
    "eps": 0.81,
    "epsdiluted": 0.8,
    "weightedAverageShsOut": 360000000,
    "weightedAverageShsOutDil": 363000000,
    "link": "https://www.sec.gov/Archives/edgar/data/55067/000119312511304590/0001193125-11-304590-index.htm",
    "finalLink": "https://www.sec.gov/Archives/edgar/data/55067/000119312511304590/d252960d10q.htm"
  },
  {
    "date": "2011-07-02",
    "symbol": "K",
    "reportedCurrency": "USD",
    "cik": "0000055067",
    "fillingDate": "2011-08-05",
    "acceptedDate": "2011-08-05 09:40:40",
    "calendarYear": "2011",
    "period": "Q2",
    "revenue": 3386000000,
    "costOfRevenue": 1943000000,
    "grossProfit": 1443000000,
    "grossProfitRatio": 0.4261665682,
    "researchAndDevelopmentExpenses": 0,
    "generalAndAdministrativeExpenses": 0,
    "sellingAndMarketingExpenses": 0,
    "sellingGeneralAndAdministrativeExpenses": 900000000,
    "otherExpenses": 0,
    "operatingExpenses": 900000000,
    "costAndExpenses": 2843000000,
    "interestIncome": 0,
    "interestExpense": 53000000,
    "depreciationAndAmortization": 86000000,
    "ebitda": 628000000,
    "ebitdaratio": 0.1854695806,
    "operatingIncome": 543000000,
    "operatingIncomeRatio": 0.1603662138,
    "totalOtherIncomeExpensesNet": -54000000,
    "incomeBeforeTax": 489000000,
    "incomeBeforeTaxRatio": 0.1444181926,
    "incomeTaxExpense": 147000000,
    "netIncome": 343000000,
    "netIncomeRatio": 0.1012994684,
    "eps": 0.94,
    "epsdiluted": 0.94,
    "weightedAverageShsOut": 363000000,
    "weightedAverageShsOutDil": 366000000,
    "link": "https://www.sec.gov/Archives/edgar/data/55067/000119312511211525/0001193125-11-211525-index.htm",
    "finalLink": "https://www.sec.gov/Archives/edgar/data/55067/000119312511211525/d10q.htm"
  },
  {
    "date": "2011-04-02",
    "symbol": "K",
    "reportedCurrency": "USD",
    "cik": "0000055067",
    "fillingDate": "2011-05-10",
    "acceptedDate": "2011-05-10 16:33:53",
    "calendarYear": "2011",
    "period": "Q1",
    "revenue": 3485000000,
    "costOfRevenue": 2064000000,
    "grossProfit": 1421000000,
    "grossProfitRatio": 0.4077474892,
    "researchAndDevelopmentExpenses": 0,
    "generalAndAdministrativeExpenses": 0,
    "sellingAndMarketingExpenses": 0,
    "sellingGeneralAndAdministrativeExpenses": 849000000,
    "otherExpenses": 0,
    "operatingExpenses": 849000000,
    "costAndExpenses": 2913000000,
    "interestIncome": 0,
    "interestExpense": 67000000,
    "depreciationAndAmortization": 89000000,
    "ebitda": 661000000,
    "ebitdaratio": 0.1896700143,
    "operatingIncome": 572000000,
    "operatingIncomeRatio": 0.1641319943,
    "totalOtherIncomeExpensesNet": -67000000,
    "incomeBeforeTax": 505000000,
    "incomeBeforeTaxRatio": 0.1449067432,
    "incomeTaxExpense": 140000000,
    "netIncome": 366000000,
    "netIncomeRatio": 0.1050215208,
    "eps": 1,
    "epsdiluted": 1,
    "weightedAverageShsOut": 365000000,
    "weightedAverageShsOutDil": 368000000,
    "link": "https://www.sec.gov/Archives/edgar/data/55067/000119312511134288/0001193125-11-134288-index.htm",
    "finalLink": "https://www.sec.gov/Archives/edgar/data/55067/000119312511134288/d10q.htm"
  },
  {
    "date": "2011-01-01",
    "symbol": "K",
    "reportedCurrency": "USD",
    "cik": "0000055067",
    "fillingDate": "2011-02-25",
    "acceptedDate": "2011-02-25 16:00:18",
    "calendarYear": "2010",
    "period": "Q4",
    "revenue": 2860000000,
    "costOfRevenue": 1670000000,
    "grossProfit": 1190000000,
    "grossProfitRatio": 0.4160839161,
    "researchAndDevelopmentExpenses": 0,
    "generalAndAdministrativeExpenses": 0,
    "sellingAndMarketingExpenses": 0,
    "sellingGeneralAndAdministrativeExpenses": 861000000,
    "otherExpenses": 0,
    "operatingExpenses": 861000000,
    "costAndExpenses": 2531000000,
    "interestIncome": 0,
    "interestExpense": 60000000,
    "depreciationAndAmortization": 127000000,
    "ebitda": 447000000,
    "ebitdaratio": 0.1562937063,
    "operatingIncome": 329000000,
    "operatingIncomeRatio": 0.115034965,
    "totalOtherIncomeExpensesNet": -69000000,
    "incomeBeforeTax": 260000000,
    "incomeBeforeTaxRatio": 0.0909090909,
    "incomeTaxExpense": 75000000,
    "netIncome": 189000000,
    "netIncomeRatio": 0.0660839161,
    "eps": 0.51,
    "epsdiluted": 0.51,
    "weightedAverageShsOut": 370000000,
    "weightedAverageShsOutDil": 370000000,
    "link": "https://www.sec.gov/Archives/edgar/data/55067/000119312511047372/0001193125-11-047372-index.htm",
    "finalLink": "https://www.sec.gov/Archives/edgar/data/55067/000119312511047372/d10k.htm"
  },
  {
    "date": "2010-10-02",
    "symbol": "K",
    "reportedCurrency": "USD",
    "cik": "0000055067",
    "fillingDate": "2010-11-05",
    "acceptedDate": "2010-11-05 10:18:06",
    "calendarYear": "2010",
    "period": "Q3",
    "revenue": 3157000000,
    "costOfRevenue": 1788000000,
    "grossProfit": 1369000000,
    "grossProfitRatio": 0.4336395312,
    "researchAndDevelopmentExpenses": 0,
    "generalAndAdministrativeExpenses": 0,
    "sellingAndMarketingExpenses": 0,
    "sellingGeneralAndAdministrativeExpenses": 828000000,
    "otherExpenses": 0,
    "operatingExpenses": 828000000,
    "costAndExpenses": 2616000000,
    "interestIncome": 0,
    "interestExpense": 62000000,
    "depreciationAndAmortization": 87000000,
    "ebitda": 629000000,
    "ebitdaratio": 0.1992397846,
    "operatingIncome": 541000000,
    "operatingIncomeRatio": 0.1713652201,
    "totalOtherIncomeExpensesNet": -61000000,
    "incomeBeforeTax": 480000000,
    "incomeBeforeTaxRatio": 0.1520430789,
    "incomeTaxExpense": 143000000,
    "netIncome": 338000000,
    "netIncomeRatio": 0.107063668,
    "eps": 0.91,
    "epsdiluted": 0.9,
    "weightedAverageShsOut": 373000000,
    "weightedAverageShsOutDil": 376000000,
    "link": "https://www.sec.gov/Archives/edgar/data/55067/000119312510249336/0001193125-10-249336-index.htm",
    "finalLink": "https://www.sec.gov/Archives/edgar/data/55067/000119312510249336/d10q.htm"
  },
  {
    "date": "2010-07-03",
    "symbol": "K",
    "reportedCurrency": "USD",
    "cik": "0000055067",
    "fillingDate": "2010-08-09",
    "acceptedDate": "2010-08-09 16:20:35",
    "calendarYear": "2010",
    "period": "Q2",
    "revenue": 3062000000,
    "costOfRevenue": 1757000000,
    "grossProfit": 1305000000,
    "grossProfitRatio": 0.4261920314,
    "researchAndDevelopmentExpenses": 0,
    "generalAndAdministrativeExpenses": 0,
    "sellingAndMarketingExpenses": 0,
    "sellingGeneralAndAdministrativeExpenses": 822000000,
    "otherExpenses": 0,
    "operatingExpenses": 822000000,
    "costAndExpenses": 2579000000,
    "interestIncome": 0,
    "interestExpense": 61000000,
    "depreciationAndAmortization": 91000000,
    "ebitda": 581000000,
    "ebitdaratio": 0.1897452645,
    "operatingIncome": 483000000,
    "operatingIncomeRatio": 0.1577400392,
    "totalOtherIncomeExpensesNet": -54000000,
    "incomeBeforeTax": 429000000,
    "incomeBeforeTaxRatio": 0.1401045069,
    "incomeTaxExpense": 128000000,
    "netIncome": 302000000,
    "netIncomeRatio": 0.0986283475,
    "eps": 0.8,
    "epsdiluted": 0.79,
    "weightedAverageShsOut": 381000000,
    "weightedAverageShsOutDil": 384000000,
    "link": "https://www.sec.gov/Archives/edgar/data/55067/000119312510183382/0001193125-10-183382-index.htm",
    "finalLink": "https://www.sec.gov/Archives/edgar/data/55067/000119312510183382/d10q.htm"
  },
  {
    "date": "2010-04-03",
    "symbol": "K",
    "reportedCurrency": "USD",
    "cik": "0000055067",
    "fillingDate": "2010-05-07",
    "acceptedDate": "2010-05-07 16:57:44",
    "calendarYear": "2010",
    "period": "Q1",
    "revenue": 3318000000,
    "costOfRevenue": 1893000000,
    "grossProfit": 1425000000,
    "grossProfitRatio": 0.4294755877,
    "researchAndDevelopmentExpenses": 0,
    "generalAndAdministrativeExpenses": 0,
    "sellingAndMarketingExpenses": 0,
    "sellingGeneralAndAdministrativeExpenses": 788000000,
    "otherExpenses": 0,
    "operatingExpenses": 788000000,
    "costAndExpenses": 2681000000,
    "interestIncome": 0,
    "interestExpense": 65000000,
    "depreciationAndAmortization": 87000000,
    "ebitda": 725000000,
    "ebitdaratio": 0.2185051236,
    "operatingIncome": 637000000,
    "operatingIncomeRatio": 0.1919831224,
    "totalOtherIncomeExpensesNet": -64000000,
    "incomeBeforeTax": 573000000,
    "incomeBeforeTaxRatio": 0.1726943942,
    "incomeTaxExpense": 156000000,
    "netIncome": 418000000,
    "netIncomeRatio": 0.1259795057,
    "eps": 1.1,
    "epsdiluted": 1.09,
    "weightedAverageShsOut": 380000000,
    "weightedAverageShsOutDil": 384000000,
    "link": "https://www.sec.gov/Archives/edgar/data/55067/000119312510113028/0001193125-10-113028-index.htm",
    "finalLink": "https://www.sec.gov/Archives/edgar/data/55067/000119312510113028/d10q.htm"
  },
  {
    "date": "2010-01-02",
    "symbol": "K",
    "reportedCurrency": "USD",
    "cik": "0000055067",
    "fillingDate": "2010-02-26",
    "acceptedDate": "2010-02-26 15:02:52",
    "calendarYear": "2009",
    "period": "Q4",
    "revenue": 2900000000,
    "costOfRevenue": 1655000000,
    "grossProfit": 1245000000,
    "grossProfitRatio": 0.4293103448,
    "researchAndDevelopmentExpenses": 0,
    "generalAndAdministrativeExpenses": 0,
    "sellingAndMarketingExpenses": 0,
    "sellingGeneralAndAdministrativeExpenses": 893000000,
    "otherExpenses": 0,
    "operatingExpenses": 893000000,
    "costAndExpenses": 2548000000,
    "interestIncome": 0,
    "interestExpense": 96000000,
    "depreciationAndAmortization": 102000000,
    "ebitda": 433000000,
    "ebitdaratio": 0.1493103448,
    "operatingIncome": 352000000,
    "operatingIncomeRatio": 0.1213793103,
    "totalOtherIncomeExpensesNet": -117000000,
    "incomeBeforeTax": 235000000,
    "incomeBeforeTaxRatio": 0.0810344828,
    "incomeTaxExpense": 60000000,
    "netIncome": 176000000,
    "netIncomeRatio": 0.0606896552,
    "eps": 0.46,
    "epsdiluted": 0.46,
    "weightedAverageShsOut": 382000000,
    "weightedAverageShsOutDil": 384000000,
    "link": "https://www.sec.gov/Archives/edgar/data/55067/000119312510042654/0001193125-10-042654-index.htm",
    "finalLink": "https://www.sec.gov/Archives/edgar/data/55067/000119312510042654/d10k.htm"
  },
  {
    "date": "2009-10-03",
    "symbol": "K",
    "reportedCurrency": "USD",
    "cik": "0000055067",
    "fillingDate": "2009-11-06",
    "acceptedDate": "2009-11-06 11:25:07",
    "calendarYear": "2009",
    "period": "Q3",
    "revenue": 3277000000,
    "costOfRevenue": 1837000000,
    "grossProfit": 1440000000,
    "grossProfitRatio": 0.4394263045,
    "researchAndDevelopmentExpenses": 0,
    "generalAndAdministrativeExpenses": 0,
    "sellingAndMarketingExpenses": 0,
    "sellingGeneralAndAdministrativeExpenses": 873000000,
    "otherExpenses": 0,
    "operatingExpenses": 873000000,
    "costAndExpenses": 2710000000,
    "interestIncome": 0,
    "interestExpense": 65000000,
    "depreciationAndAmortization": 93000000,
    "ebitda": 650000000,
    "ebitdaratio": 0.1983521514,
    "operatingIncome": 567000000,
    "operatingIncomeRatio": 0.1730241074,
    "totalOtherIncomeExpensesNet": -75000000,
    "incomeBeforeTax": 492000000,
    "incomeBeforeTaxRatio": 0.1501373207,
    "incomeTaxExpense": 132000000,
    "netIncome": 361000000,
    "netIncomeRatio": 0.1101617333,
    "eps": 0.94,
    "epsdiluted": 0.94,
    "weightedAverageShsOut": 382000000,
    "weightedAverageShsOutDil": 384000000,
    "link": "https://www.sec.gov/Archives/edgar/data/55067/000119312509226884/0001193125-09-226884-index.htm",
    "finalLink": "https://www.sec.gov/Archives/edgar/data/55067/000119312509226884/d10q.htm"
  },
  {
    "date": "2009-07-04",
    "symbol": "K",
    "reportedCurrency": "USD",
    "cik": "0000055067",
    "fillingDate": "2009-08-07",
    "acceptedDate": "2009-08-07 09:08:12",
    "calendarYear": "2009",
    "period": "Q2",
    "revenue": 3229000000,
    "costOfRevenue": 1825000000,
    "grossProfit": 1404000000,
    "grossProfitRatio": 0.4348095386,
    "researchAndDevelopmentExpenses": 0,
    "generalAndAdministrativeExpenses": 0,
    "sellingAndMarketingExpenses": 0,
    "sellingGeneralAndAdministrativeExpenses": 851000000,
    "otherExpenses": 0,
    "operatingExpenses": 851000000,
    "costAndExpenses": 2676000000,
    "interestIncome": 0,
    "interestExpense": 67000000,
    "depreciationAndAmortization": 105000000,
    "ebitda": 667000000,
    "ebitdaratio": 0.2065655002,
    "operatingIncome": 553000000,
    "operatingIncomeRatio": 0.1712604522,
    "totalOtherIncomeExpensesNet": -58000000,
    "incomeBeforeTax": 495000000,
    "incomeBeforeTaxRatio": 0.1532982347,
    "incomeTaxExpense": 141000000,
    "netIncome": 354000000,
    "netIncomeRatio": 0.1096314648,
    "eps": 0.93,
    "epsdiluted": 0.92,
    "weightedAverageShsOut": 383000000,
    "weightedAverageShsOutDil": 383000000,
    "link": "https://www.sec.gov/Archives/edgar/data/55067/000095012309031715/0000950123-09-031715-index.htm",
    "finalLink": "https://www.sec.gov/Archives/edgar/data/55067/000095012309031715/k48167e10vq.htm"
  },
  {
    "date": "2009-04-04",
    "symbol": "K",
    "reportedCurrency": "USD",
    "cik": "0000055067",
    "fillingDate": "2009-05-07",
    "acceptedDate": "2009-05-07 10:49:53",
    "calendarYear": "2009",
    "period": "Q1",
    "revenue": 3169000000,
    "costOfRevenue": 1867000000,
    "grossProfit": 1302000000,
    "grossProfitRatio": 0.4108551594,
    "researchAndDevelopmentExpenses": 0,
    "generalAndAdministrativeExpenses": 0,
    "sellingAndMarketingExpenses": 0,
    "sellingGeneralAndAdministrativeExpenses": 773000000,
    "otherExpenses": 0,
    "operatingExpenses": 773000000,
    "costAndExpenses": 2640000000,
    "interestIncome": 0,
    "interestExpense": 67000000,
    "depreciationAndAmortization": 84000000,
    "ebitda": 613000000,
    "ebitdaratio": 0.1934364153,
    "operatingIncome": 529000000,
    "operatingIncomeRatio": 0.1669296308,
    "totalOtherIncomeExpensesNet": -67000000,
    "incomeBeforeTax": 462000000,
    "incomeBeforeTaxRatio": 0.1457873146,
    "incomeTaxExpense": 143000000,
    "netIncome": 321000000,
    "netIncomeRatio": 0.1012937835,
    "eps": 0.84,
    "epsdiluted": 0.84,
    "weightedAverageShsOut": 382000000,
    "weightedAverageShsOutDil": 383000000,
    "link": "https://www.sec.gov/Archives/edgar/data/55067/000095015209004885/0000950152-09-004885-index.htm",
    "finalLink": "https://www.sec.gov/Archives/edgar/data/55067/000095015209004885/k47774e10vq.htm"
  },
  {
    "date": "2009-01-03",
    "symbol": "K",
    "reportedCurrency": "USD",
    "cik": "0000055067",
    "fillingDate": "2009-02-24",
    "acceptedDate": "2009-02-23 17:48:49",
    "calendarYear": "2008",
    "period": "Q4",
    "revenue": 2933000000,
    "costOfRevenue": 1777000000,
    "grossProfit": 1156000000,
    "grossProfitRatio": 0.3941356972,
    "researchAndDevelopmentExpenses": 0,
    "generalAndAdministrativeExpenses": 0,
    "sellingAndMarketingExpenses": 0,
    "sellingGeneralAndAdministrativeExpenses": 811000000,
    "otherExpenses": 0,
    "operatingExpenses": 811000000,
    "costAndExpenses": 2588000000,
    "interestIncome": 0,
    "interestExpense": 0,
    "depreciationAndAmortization": 101000000,
    "ebitda": 434000000,
    "ebitdaratio": 0.1479713604,
    "operatingIncome": 345000000,
    "operatingIncomeRatio": 0.1176270031,
    "totalOtherIncomeExpensesNet": -84000000,
    "incomeBeforeTax": 261000000,
    "incomeBeforeTaxRatio": 0.0889873849,
    "incomeTaxExpense": 82000000,
    "netIncome": 179000000,
    "netIncomeRatio": 0.0610296625,
    "eps": 0.47,
    "epsdiluted": 0.47,
    "weightedAverageShsOut": 382000000,
    "weightedAverageShsOutDil": 384000000,
    "link": "https://www.sec.gov/Archives/edgar/data/55067/000095015209001670/0000950152-09-001670-index.htm",
    "finalLink": "https://www.sec.gov/Archives/edgar/data/55067/000095015209001670/k47381e10vk.htm"
  },
  {
    "date": "2008-09-27",
    "symbol": "K",
    "reportedCurrency": "USD",
    "cik": "0000055067",
    "fillingDate": "2008-11-03",
    "acceptedDate": "2008-11-03 16:31:41",
    "calendarYear": "2008",
    "period": "Q3",
    "revenue": 3288000000,
    "costOfRevenue": 1885000000,
    "grossProfit": 1403000000,
    "grossProfitRatio": 0.426703163,
    "researchAndDevelopmentExpenses": 0,
    "generalAndAdministrativeExpenses": 0,
    "sellingAndMarketingExpenses": 0,
    "sellingGeneralAndAdministrativeExpenses": 870000000,
    "otherExpenses": 0,
    "operatingExpenses": 870000000,
    "costAndExpenses": 2755000000,
    "interestIncome": 0,
    "interestExpense": 71000000,
    "depreciationAndAmortization": 92000000,
    "ebitda": 637000000,
    "ebitdaratio": 0.1937347932,
    "operatingIncome": 533000000,
    "operatingIncomeRatio": 0.1621046229,
    "totalOtherIncomeExpensesNet": -59000000,
    "incomeBeforeTax": 474000000,
    "incomeBeforeTaxRatio": 0.1441605839,
    "incomeTaxExpense": 133000000,
    "netIncome": 342000000,
    "netIncomeRatio": 0.1040145985,
    "eps": 0.9,
    "epsdiluted": 0.89,
    "weightedAverageShsOut": 380000000,
    "weightedAverageShsOutDil": 384000000,
    "link": "https://www.sec.gov/Archives/edgar/data/55067/000095015208008595/0000950152-08-008595-index.htm",
    "finalLink": "https://www.sec.gov/Archives/edgar/data/55067/000095015208008595/k46846e10vq.htm"
  },
  {
    "date": "2008-06-28",
    "symbol": "K",
    "reportedCurrency": "USD",
    "cik": "0000055067",
    "fillingDate": "2008-08-05",
    "acceptedDate": "2008-08-05 09:37:25",
    "calendarYear": "2008",
    "period": "Q2",
    "revenue": 3343000000,
    "costOfRevenue": 1899000000,
    "grossProfit": 1444000000,
    "grossProfitRatio": 0.4319473527,
    "researchAndDevelopmentExpenses": 0,
    "generalAndAdministrativeExpenses": 0,
    "sellingAndMarketingExpenses": 0,
    "sellingGeneralAndAdministrativeExpenses": 914000000,
    "otherExpenses": 0,
    "operatingExpenses": 914000000,
    "costAndExpenses": 2813000000,
    "interestIncome": 0,
    "interestExpense": 77000000,
    "depreciationAndAmortization": 88000000,
    "ebitda": 610000000,
    "ebitdaratio": 0.1824708346,
    "operatingIncome": 530000000,
    "operatingIncomeRatio": 0.1585402333,
    "totalOtherIncomeExpensesNet": -85000000,
    "incomeBeforeTax": 445000000,
    "incomeBeforeTaxRatio": 0.1331139695,
    "incomeTaxExpense": -133000000,
    "netIncome": 312000000,
    "netIncomeRatio": 0.0933293449,
    "eps": 0.82,
    "epsdiluted": 0.82,
    "weightedAverageShsOut": 379000000,
    "weightedAverageShsOutDil": 382000000,
    "link": "https://www.sec.gov/Archives/edgar/data/55067/000095015208006005/0000950152-08-006005-index.htm",
    "finalLink": "https://www.sec.gov/Archives/edgar/data/55067/000095015208006005/k33966e10vq.htm"
  },
  {
    "date": "2008-03-29",
    "symbol": "K",
    "reportedCurrency": "USD",
    "cik": "0000055067",
    "fillingDate": "2008-05-07",
    "acceptedDate": "2008-05-07 10:39:47",
    "calendarYear": "2008",
    "period": "Q1",
    "revenue": 3258000000,
    "costOfRevenue": 1894000000,
    "grossProfit": 1364000000,
    "grossProfitRatio": 0.4186617557,
    "researchAndDevelopmentExpenses": 0,
    "generalAndAdministrativeExpenses": 0,
    "sellingAndMarketingExpenses": 0,
    "sellingGeneralAndAdministrativeExpenses": 819000000,
    "otherExpenses": 0,
    "operatingExpenses": 819000000,
    "costAndExpenses": 2713000000,
    "interestIncome": 0,
    "interestExpense": 82000000,
    "depreciationAndAmortization": 94000000,
    "ebitda": 628000000,
    "ebitdaratio": 0.1927562922,
    "operatingIncome": 545000000,
    "operatingIncomeRatio": 0.1672805402,
    "totalOtherIncomeExpensesNet": -93000000,
    "incomeBeforeTax": 452000000,
    "incomeBeforeTaxRatio": 0.1387354205,
    "incomeTaxExpense": 137000000,
    "netIncome": 315000000,
    "netIncomeRatio": 0.0966850829,
    "eps": 0.82,
    "epsdiluted": 0.81,
    "weightedAverageShsOut": 386000000,
    "weightedAverageShsOutDil": 389000000,
    "link": "https://www.sec.gov/Archives/edgar/data/55067/000095012408002258/0000950124-08-002258-index.htm",
    "finalLink": "https://www.sec.gov/Archives/edgar/data/55067/000095012408002258/k26354e10vq.htm"
  },
  {
    "date": "2007-12-29",
    "symbol": "K",
    "reportedCurrency": "USD",
    "cik": "0000055067",
    "fillingDate": "2008-02-25",
    "acceptedDate": "2008-02-25 09:12:28",
    "calendarYear": "2007",
    "period": "Q4",
    "revenue": 2794000000,
    "costOfRevenue": 1598000000,
    "grossProfit": 1196000000,
    "grossProfitRatio": 0.4280601288,
    "researchAndDevelopmentExpenses": 0,
    "generalAndAdministrativeExpenses": 0,
    "sellingAndMarketingExpenses": 0,
    "sellingGeneralAndAdministrativeExpenses": 837000000,
    "otherExpenses": 0,
    "operatingExpenses": 837000000,
    "costAndExpenses": 2435000000,
    "interestIncome": 0,
    "interestExpense": 0,
    "depreciationAndAmortization": 97000000,
    "ebitda": 456000000,
    "ebitdaratio": 0.1632068719,
    "operatingIncome": 359000000,
    "operatingIncomeRatio": 0.1284896206,
    "totalOtherIncomeExpensesNet": -93000000,
    "incomeBeforeTax": 266000000,
    "incomeBeforeTaxRatio": 0.0952040086,
    "incomeTaxExpense": 90000000,
    "netIncome": 176000000,
    "netIncomeRatio": 0.062992126,
    "eps": 0.44,
    "epsdiluted": 0.44,
    "weightedAverageShsOut": 393000000,
    "weightedAverageShsOutDil": 396000000,
    "link": "https://www.sec.gov/Archives/edgar/data/55067/000095012408000801/0000950124-08-000801-index.htm",
    "finalLink": "https://www.sec.gov/Archives/edgar/data/55067/000095012408000801/k22969e10vk.htm"
  },
  {
    "date": "2007-09-29",
    "symbol": "K",
    "reportedCurrency": "USD",
    "cik": "0000055067",
    "fillingDate": "2007-11-06",
    "acceptedDate": "2007-11-05 17:54:31",
    "calendarYear": "2007",
    "period": "Q3",
    "revenue": 3004000000,
    "costOfRevenue": 1662000000,
    "grossProfit": 1342000000,
    "grossProfitRatio": 0.4467376831,
    "researchAndDevelopmentExpenses": 0,
    "generalAndAdministrativeExpenses": 0,
    "sellingAndMarketingExpenses": 0,
    "sellingGeneralAndAdministrativeExpenses": 850000000,
    "otherExpenses": 0,
    "operatingExpenses": 850000000,
    "costAndExpenses": 2512000000,
    "interestIncome": 0,
    "interestExpense": 0,
    "depreciationAndAmortization": 90000000,
    "ebitda": 582000000,
    "ebitdaratio": 0.1937416778,
    "operatingIncome": 492000000,
    "operatingIncomeRatio": 0.1637816245,
    "totalOtherIncomeExpensesNet": -76000000,
    "incomeBeforeTax": 416000000,
    "incomeBeforeTaxRatio": 0.138482024,
    "incomeTaxExpense": 111000000,
    "netIncome": 305000000,
    "netIncomeRatio": 0.1015312916,
    "eps": 0.77,
    "epsdiluted": 0.76,
    "weightedAverageShsOut": 395000000,
    "weightedAverageShsOutDil": 399000000,
    "link": "https://www.sec.gov/Archives/edgar/data/55067/000095012407005574/0000950124-07-005574-index.htm",
    "finalLink": "https://www.sec.gov/Archives/edgar/data/55067/000095012407005574/k21039e10vq.htm"
  },
  {
    "date": "2007-06-30",
    "symbol": "K",
    "reportedCurrency": "USD",
    "cik": "0000055067",
    "fillingDate": "2007-08-03",
    "acceptedDate": "2007-08-03 09:10:53",
    "calendarYear": "2007",
    "period": "Q2",
    "revenue": 3015000000,
    "costOfRevenue": 1638000000,
    "grossProfit": 1377000000,
    "grossProfitRatio": 0.4567164179,
    "researchAndDevelopmentExpenses": 0,
    "generalAndAdministrativeExpenses": 0,
    "sellingAndMarketingExpenses": 0,
    "sellingGeneralAndAdministrativeExpenses": 859000000,
    "otherExpenses": 0,
    "operatingExpenses": 859000000,
    "costAndExpenses": 2497000000,
    "interestIncome": 0,
    "interestExpense": 0,
    "depreciationAndAmortization": 98000000,
    "ebitda": 616000000,
    "ebitdaratio": 0.2043117745,
    "operatingIncome": 518000000,
    "operatingIncomeRatio": 0.1718076285,
    "totalOtherIncomeExpensesNet": -76000000,
    "incomeBeforeTax": 442000000,
    "incomeBeforeTaxRatio": 0.1466003317,
    "incomeTaxExpense": 141000000,
    "netIncome": 301000000,
    "netIncomeRatio": 0.0998341625,
    "eps": 0.76,
    "epsdiluted": 0.75,
    "weightedAverageShsOut": 397000000,
    "weightedAverageShsOutDil": 401000000,
    "link": "https://www.sec.gov/Archives/edgar/data/55067/000095012407003957/0000950124-07-003957-index.htm",
    "finalLink": "https://www.sec.gov/Archives/edgar/data/55067/000095012407003957/k17219e10vq.htm"
  },
  {
    "date": "2007-03-31",
    "symbol": "K",
    "reportedCurrency": "USD",
    "cik": "0000055067",
    "fillingDate": "2007-05-07",
    "acceptedDate": "2007-05-07 17:31:15",
    "calendarYear": "2007",
    "period": "Q1",
    "revenue": 2963000000,
    "costOfRevenue": 1699000000,
    "grossProfit": 1264000000,
    "grossProfitRatio": 0.4265946676,
    "researchAndDevelopmentExpenses": 0,
    "generalAndAdministrativeExpenses": 0,
    "sellingAndMarketingExpenses": 0,
    "sellingGeneralAndAdministrativeExpenses": 765000000,
    "otherExpenses": 0,
    "operatingExpenses": 765000000,
    "costAndExpenses": 2464000000,
    "interestIncome": 0,
    "interestExpense": 78000000,
    "depreciationAndAmortization": 87000000,
    "ebitda": 588000000,
    "ebitdaratio": 0.1984475194,
    "operatingIncome": 499000000,
    "operatingIncomeRatio": 0.1684103949,
    "totalOtherIncomeExpensesNet": -76000000,
    "incomeBeforeTax": 423000000,
    "incomeBeforeTaxRatio": 0.1427607155,
    "incomeTaxExpense": 102000000,
    "netIncome": 321000000,
    "netIncomeRatio": 0.1083361458,
    "eps": 0.81,
    "epsdiluted": 0.8,
    "weightedAverageShsOut": 398000000,
    "weightedAverageShsOutDil": 401000000,
    "link": "https://www.sec.gov/Archives/edgar/data/55067/000095012407002738/0000950124-07-002738-index.htm",
    "finalLink": "https://www.sec.gov/Archives/edgar/data/55067/000095012407002738/k14758e10vq.htm"
  },
  {
    "date": "2006-12-30",
    "symbol": "K",
    "reportedCurrency": "USD",
    "cik": "0000055067",
    "fillingDate": "2007-02-23",
    "acceptedDate": "2007-02-23 14:52:34",
    "calendarYear": "2006",
    "period": "Q4",
    "revenue": 2583900000,
    "costOfRevenue": 1464200000,
    "grossProfit": 1119700000,
    "grossProfitRatio": 0.4333372035,
    "researchAndDevelopmentExpenses": 0,
    "generalAndAdministrativeExpenses": 0,
    "sellingAndMarketingExpenses": 0,
    "sellingGeneralAndAdministrativeExpenses": 775200000,
    "otherExpenses": 0,
    "operatingExpenses": 775200000,
    "costAndExpenses": 2239400000,
    "interestIncome": 0,
    "interestExpense": 0,
    "depreciationAndAmortization": 95200000,
    "ebitda": 439700000,
    "ebitdaratio": 0.1701691242,
    "operatingIncome": 344500000,
    "operatingIncomeRatio": 0.1333255931,
    "totalOtherIncomeExpensesNet": -78000000,
    "incomeBeforeTax": 266500000,
    "incomeBeforeTaxRatio": 0.1031386664,
    "incomeTaxExpense": 83600000,
    "netIncome": 182400000,
    "netIncomeRatio": 0.0705909671,
    "eps": 0.46,
    "epsdiluted": 0.46,
    "weightedAverageShsOut": 397000000,
    "weightedAverageShsOutDil": 397000000,
    "link": "https://www.sec.gov/Archives/edgar/data/55067/000095012407001044/0000950124-07-001044-index.htm",
    "finalLink": "https://www.sec.gov/Archives/edgar/data/55067/000095012407001044/k11902e10vk.htm"
  },
  {
    "date": "2006-09-30",
    "symbol": "K",
    "reportedCurrency": "USD",
    "cik": "0000055067",
    "fillingDate": "2006-11-03",
    "acceptedDate": "2006-11-03 17:03:14",
    "calendarYear": "2006",
    "period": "Q3",
    "revenue": 2823000000,
    "costOfRevenue": 1549000000,
    "grossProfit": 1274000000,
    "grossProfitRatio": 0.4512929508,
    "researchAndDevelopmentExpenses": 0,
    "generalAndAdministrativeExpenses": 0,
    "sellingAndMarketingExpenses": 0,
    "sellingGeneralAndAdministrativeExpenses": 787000000,
    "otherExpenses": 0,
    "operatingExpenses": 787000000,
    "costAndExpenses": 2336000000,
    "interestIncome": 0,
    "interestExpense": 0,
    "depreciationAndAmortization": 85000000,
    "ebitda": 572000000,
    "ebitdaratio": 0.2026213248,
    "operatingIncome": 487000000,
    "operatingIncomeRatio": 0.1725115126,
    "totalOtherIncomeExpensesNet": -73000000,
    "incomeBeforeTax": 414000000,
    "incomeBeforeTaxRatio": 0.1466524973,
    "incomeTaxExpense": 133000000,
    "netIncome": 281000000,
    "netIncomeRatio": 0.099539497,
    "eps": 0.71,
    "epsdiluted": 0.7,
    "weightedAverageShsOut": 397000000,
    "weightedAverageShsOutDil": 399700000,
    "link": "https://www.sec.gov/Archives/edgar/data/55067/000095012406006432/0000950124-06-006432-index.htm",
    "finalLink": "https://www.sec.gov/Archives/edgar/data/55067/000095012406006432/k09454e10vq.htm"
  },
  {
    "date": "2006-07-01",
    "symbol": "K",
    "reportedCurrency": "USD",
    "cik": "0000055067",
    "fillingDate": "2006-08-07",
    "acceptedDate": "2006-08-07 15:49:55",
    "calendarYear": "2006",
    "period": "Q2",
    "revenue": 2773000000,
    "costOfRevenue": 1538000000,
    "grossProfit": 1235000000,
    "grossProfitRatio": 0.4453660296,
    "researchAndDevelopmentExpenses": 0,
    "generalAndAdministrativeExpenses": 0,
    "sellingAndMarketingExpenses": 0,
    "sellingGeneralAndAdministrativeExpenses": 774000000,
    "otherExpenses": 0,
    "operatingExpenses": 774000000,
    "costAndExpenses": 2312000000,
    "interestIncome": 0,
    "interestExpense": 0,
    "depreciationAndAmortization": 92000000,
    "ebitda": 553000000,
    "ebitdaratio": 0.1994230076,
    "operatingIncome": 461000000,
    "operatingIncomeRatio": 0.166245943,
    "totalOtherIncomeExpensesNet": -73000000,
    "incomeBeforeTax": 388000000,
    "incomeBeforeTaxRatio": 0.1399206635,
    "incomeTaxExpense": 122000000,
    "netIncome": 267000000,
    "netIncomeRatio": 0.0962856113,
    "eps": 0.68,
    "epsdiluted": 0.67,
    "weightedAverageShsOut": 394100000,
    "weightedAverageShsOutDil": 396600000,
    "link": "https://www.sec.gov/Archives/edgar/data/55067/000095012406004245/0000950124-06-004245-index.htm",
    "finalLink": "https://www.sec.gov/Archives/edgar/data/55067/000095012406004245/k07327e10vq.htm"
  },
  {
    "date": "2006-04-01",
    "symbol": "K",
    "reportedCurrency": "USD",
    "cik": "0000055067",
    "fillingDate": "2006-05-08",
    "acceptedDate": "2006-05-08 17:00:44",
    "calendarYear": "2006",
    "period": "Q1",
    "revenue": 2727000000,
    "costOfRevenue": 1530000000,
    "grossProfit": 1197000000,
    "grossProfitRatio": 0.4389438944,
    "researchAndDevelopmentExpenses": 0,
    "generalAndAdministrativeExpenses": 0,
    "sellingAndMarketingExpenses": 0,
    "sellingGeneralAndAdministrativeExpenses": 724000000,
    "otherExpenses": 0,
    "operatingExpenses": 724000000,
    "costAndExpenses": 2254000000,
    "interestIncome": 0,
    "interestExpense": 0,
    "depreciationAndAmortization": 81000000,
    "ebitda": 554000000,
    "ebitdaratio": 0.2031536487,
    "operatingIncome": 473000000,
    "operatingIncomeRatio": 0.1734506784,
    "totalOtherIncomeExpensesNet": -70000000,
    "incomeBeforeTax": 403000000,
    "incomeBeforeTaxRatio": 0.1477814448,
    "incomeTaxExpense": 129000000,
    "netIncome": 274000000,
    "netIncomeRatio": 0.1004767143,
    "eps": 0.69,
    "epsdiluted": 0.68,
    "weightedAverageShsOut": 399000000,
    "weightedAverageShsOutDil": 401600000,
    "link": "https://www.sec.gov/Archives/edgar/data/55067/000095012406002568/0000950124-06-002568-index.htm",
    "finalLink": "https://www.sec.gov/Archives/edgar/data/55067/000095012406002568/k04909e10vq.htm"
  },
  {
    "date": "2005-12-31",
    "symbol": "K",
    "reportedCurrency": "USD",
    "cik": "0000055067",
    "fillingDate": "2006-02-28",
    "acceptedDate": "2006-02-28 15:11:04",
    "calendarYear": "2005",
    "period": "Q4",
    "revenue": 2394300000,
    "costOfRevenue": 1349200000,
    "grossProfit": 1045100000,
    "grossProfitRatio": 0.436495009,
    "researchAndDevelopmentExpenses": 0,
    "generalAndAdministrativeExpenses": 0,
    "sellingAndMarketingExpenses": 0,
    "sellingGeneralAndAdministrativeExpenses": 700800000,
    "otherExpenses": 0,
    "operatingExpenses": 700800000,
    "costAndExpenses": 2050000000,
    "interestIncome": 0,
    "interestExpense": 0,
    "depreciationAndAmortization": 100000000,
    "ebitda": 444300000,
    "ebitdaratio": 0.1855657186,
    "operatingIncome": 344300000,
    "operatingIncomeRatio": 0.143799858,
    "totalOtherIncomeExpensesNet": -72900000,
    "incomeBeforeTax": 271400000,
    "incomeBeforeTaxRatio": 0.1133525456,
    "incomeTaxExpense": 79000000,
    "netIncome": 192400000,
    "netIncomeRatio": 0.0803575158,
    "eps": 0.46,
    "epsdiluted": 0.46,
    "weightedAverageShsOut": 408658824,
    "weightedAverageShsOutDil": 416700000,
    "link": "https://www.sec.gov/Archives/edgar/data/55067/000095012406000896/0000950124-06-000896-index.htm",
    "finalLink": "https://www.sec.gov/Archives/edgar/data/55067/000095012406000896/k02193e10vk.htm"
  },
  {
    "date": "2005-10-01",
    "symbol": "K",
    "reportedCurrency": "USD",
    "cik": "0000055067",
    "fillingDate": "2005-11-07",
    "acceptedDate": "2005-11-07 15:04:53",
    "calendarYear": "2005",
    "period": "Q3",
    "revenue": 2623400000,
    "costOfRevenue": 1437400000,
    "grossProfit": 1186000000,
    "grossProfitRatio": 0.4520850804,
    "researchAndDevelopmentExpenses": 0,
    "generalAndAdministrativeExpenses": 0,
    "sellingAndMarketingExpenses": 0,
    "sellingGeneralAndAdministrativeExpenses": 720300000,
    "otherExpenses": 0,
    "operatingExpenses": 720300000,
    "costAndExpenses": 2157700000,
    "interestIncome": 0,
    "interestExpense": 0,
    "depreciationAndAmortization": 97000000,
    "ebitda": 562700000,
    "ebitdaratio": 0.2144926431,
    "operatingIncome": 465700000,
    "operatingIncomeRatio": 0.1775177251,
    "totalOtherIncomeExpensesNet": -73700000,
    "incomeBeforeTax": 392000000,
    "incomeBeforeTaxRatio": 0.1494244111,
    "incomeTaxExpense": 117700000,
    "netIncome": 274300000,
    "netIncomeRatio": 0.1045589693,
    "eps": 0.66,
    "epsdiluted": 0.66,
    "weightedAverageShsOut": 413400000,
    "weightedAverageShsOutDil": 416700000,
    "link": "https://www.sec.gov/Archives/edgar/data/55067/000095012405006199/0000950124-05-006199-index.htm",
    "finalLink": "https://www.sec.gov/Archives/edgar/data/55067/000095012405006199/k99350e10vq.htm"
  },
  {
    "date": "2005-07-02",
    "symbol": "K",
    "reportedCurrency": "USD",
    "cik": "0000055067",
    "fillingDate": "2005-08-05",
    "acceptedDate": "2005-08-05 08:42:03",
    "calendarYear": "2005",
    "period": "Q2",
    "revenue": 2587200000,
    "costOfRevenue": 1388600000,
    "grossProfit": 1198600000,
    "grossProfitRatio": 0.4632807669,
    "researchAndDevelopmentExpenses": 0,
    "generalAndAdministrativeExpenses": 0,
    "sellingAndMarketingExpenses": 0,
    "sellingGeneralAndAdministrativeExpenses": 726100000,
    "otherExpenses": 0,
    "operatingExpenses": 726100000,
    "costAndExpenses": 2114700000,
    "interestIncome": 0,
    "interestExpense": 0,
    "depreciationAndAmortization": 93200000,
    "ebitda": 565700000,
    "ebitdaratio": 0.2186533704,
    "operatingIncome": 472500000,
    "operatingIncomeRatio": 0.1826298701,
    "totalOtherIncomeExpensesNet": -85300000,
    "incomeBeforeTax": 387200000,
    "incomeBeforeTaxRatio": 0.1496598639,
    "incomeTaxExpense": 128200000,
    "netIncome": 259000000,
    "netIncomeRatio": 0.1001082251,
    "eps": 0.63,
    "epsdiluted": 0.62,
    "weightedAverageShsOut": 412000000,
    "weightedAverageShsOutDil": 415800000,
    "link": "https://www.sec.gov/Archives/edgar/data/55067/000095012405004719/0000950124-05-004719-index.htm",
    "finalLink": "https://www.sec.gov/Archives/edgar/data/55067/000095012405004719/k96983e10vq.htm"
  },
  {
    "date": "2005-04-02",
    "symbol": "K",
    "reportedCurrency": "USD",
    "cik": "0000055067",
    "fillingDate": "2005-05-09",
    "acceptedDate": "2005-05-09 15:21:48",
    "calendarYear": "2005",
    "period": "Q1",
    "revenue": 2572300000,
    "costOfRevenue": 1436400000,
    "grossProfit": 1135900000,
    "grossProfitRatio": 0.4415892392,
    "researchAndDevelopmentExpenses": 0,
    "generalAndAdministrativeExpenses": 0,
    "sellingAndMarketingExpenses": 0,
    "sellingGeneralAndAdministrativeExpenses": 668100000,
    "otherExpenses": 0,
    "operatingExpenses": 668100000,
    "costAndExpenses": 2104500000,
    "interestIncome": 0,
    "interestExpense": 0,
    "depreciationAndAmortization": 101600000,
    "ebitda": 569400000,
    "ebitdaratio": 0.2213583175,
    "operatingIncome": 467800000,
    "operatingIncomeRatio": 0.1818605917,
    "totalOtherIncomeExpensesNet": -93300000,
    "incomeBeforeTax": 374500000,
    "incomeBeforeTaxRatio": 0.1455895502,
    "incomeTaxExpense": 119800000,
    "netIncome": 254700000,
    "netIncomeRatio": 0.0990164444,
    "eps": 0.62,
    "epsdiluted": 0.61,
    "weightedAverageShsOut": 413100000,
    "weightedAverageShsOutDil": 417200000,
    "link": "https://www.sec.gov/Archives/edgar/data/55067/000095012405003109/0000950124-05-003109-index.htm",
    "finalLink": "https://www.sec.gov/Archives/edgar/data/55067/000095012405003109/k94796e10vq.htm"
  },
  {
    "date": "2005-01-01",
    "symbol": "K",
    "reportedCurrency": "USD",
    "cik": "0000055067",
    "fillingDate": "2005-03-14",
    "acceptedDate": "2005-03-14 15:24:42",
    "calendarYear": "2004",
    "period": "Q4",
    "revenue": 2390800000,
    "costOfRevenue": 1317000000,
    "grossProfit": 1073800000,
    "grossProfitRatio": 0.4491383637,
    "researchAndDevelopmentExpenses": 0,
    "generalAndAdministrativeExpenses": 0,
    "sellingAndMarketingExpenses": 0,
    "sellingGeneralAndAdministrativeExpenses": 708100000,
    "otherExpenses": 0,
    "operatingExpenses": 708100000,
    "costAndExpenses": 2025100000,
    "interestIncome": 0,
    "interestExpense": 0,
    "depreciationAndAmortization": 116500000,
    "ebitda": 482200000,
    "ebitdaratio": 0.2016898109,
    "operatingIncome": 365700000,
    "operatingIncomeRatio": 0.1529613518,
    "totalOtherIncomeExpensesNet": -74900000,
    "incomeBeforeTax": 290800000,
    "incomeBeforeTaxRatio": 0.1216329262,
    "incomeTaxExpense": 104400000,
    "netIncome": 186400000,
    "netIncomeRatio": 0.0779655345,
    "eps": 0.45,
    "epsdiluted": 0.45,
    "weightedAverageShsOut": 412900000,
    "weightedAverageShsOutDil": 417700000,
    "link": "https://www.sec.gov/Archives/edgar/data/55067/000095012405001480/0000950124-05-001480-index.htm",
    "finalLink": "https://www.sec.gov/Archives/edgar/data/55067/000095012405001480/k91924e10vk.htm"
  },
  {
    "date": "2004-09-25",
    "symbol": "K",
    "reportedCurrency": "USD",
    "cik": "0000055067",
    "fillingDate": "2004-11-04",
    "acceptedDate": "2004-11-04 11:38:29",
    "calendarYear": "2004",
    "period": "Q3",
    "revenue": 2445300000,
    "costOfRevenue": 1319100000,
    "grossProfit": 1126200000,
    "grossProfitRatio": 0.4605569869,
    "researchAndDevelopmentExpenses": 0,
    "generalAndAdministrativeExpenses": 0,
    "sellingAndMarketingExpenses": 0,
    "sellingGeneralAndAdministrativeExpenses": 669400000,
    "otherExpenses": 0,
    "operatingExpenses": 669400000,
    "costAndExpenses": 1988500000,
    "interestIncome": 0,
    "interestExpense": 0,
    "depreciationAndAmortization": 113300000,
    "ebitda": 570100000,
    "ebitdaratio": 0.2331411279,
    "operatingIncome": 456800000,
    "operatingIncomeRatio": 0.1868073447,
    "totalOtherIncomeExpensesNet": -79700000,
    "incomeBeforeTax": 377100000,
    "incomeBeforeTaxRatio": 0.1542142068,
    "incomeTaxExpense": 130100000,
    "netIncome": 247000000,
    "netIncomeRatio": 0.101010101,
    "eps": 0.6,
    "epsdiluted": 0.59,
    "weightedAverageShsOut": 412400000,
    "weightedAverageShsOutDil": 416700000,
    "link": "https://www.sec.gov/Archives/edgar/data/55067/000005506704000373/0000055067-04-000373-index.htm",
    "finalLink": "https://www.sec.gov/Archives/edgar/data/55067/000005506704000373/f10q_q32004-kellogg.txt"
  },
  {
    "date": "2004-06-26",
    "symbol": "K",
    "reportedCurrency": "USD",
    "cik": "0000055067",
    "fillingDate": "2004-08-02",
    "acceptedDate": "2004-08-02 15:10:03",
    "calendarYear": "2004",
    "period": "Q2",
    "revenue": 2387300000,
    "costOfRevenue": 1307100000,
    "grossProfit": 1080200000,
    "grossProfitRatio": 0.4524776945,
    "researchAndDevelopmentExpenses": 0,
    "generalAndAdministrativeExpenses": 0,
    "sellingAndMarketingExpenses": 0,
    "sellingGeneralAndAdministrativeExpenses": 641800000,
    "otherExpenses": 0,
    "operatingExpenses": 641800000,
    "costAndExpenses": 1948900000,
    "interestIncome": 0,
    "interestExpense": 0,
    "depreciationAndAmortization": 112400000,
    "ebitda": 550800000,
    "ebitdaratio": 0.2307208981,
    "operatingIncome": 438400000,
    "operatingIncomeRatio": 0.18363842,
    "totalOtherIncomeExpensesNet": -81100000,
    "incomeBeforeTax": 357300000,
    "incomeBeforeTaxRatio": 0.1496669878,
    "incomeTaxExpense": 119900000,
    "netIncome": 237400000,
    "netIncomeRatio": 0.0994428853,
    "eps": 0.58,
    "epsdiluted": 0.57,
    "weightedAverageShsOut": 411800000,
    "weightedAverageShsOutDil": 416500000,
    "link": "https://www.sec.gov/Archives/edgar/data/55067/000095012404003515/0000950124-04-003515-index.htm",
    "finalLink": "https://www.sec.gov/Archives/edgar/data/55067/000095012404003515/k87025e10vq.htm"
  },
  {
    "date": "2004-03-27",
    "symbol": "K",
    "reportedCurrency": "USD",
    "cik": "0000055067",
    "fillingDate": "2004-05-03",
    "acceptedDate": "2004-05-03 16:52:52",
    "calendarYear": "2004",
    "period": "Q1",
    "revenue": 2390500000,
    "costOfRevenue": 1355500000,
    "grossProfit": 1035000000,
    "grossProfitRatio": 0.4329638151,
    "researchAndDevelopmentExpenses": 0,
    "generalAndAdministrativeExpenses": 0,
    "sellingAndMarketingExpenses": 0,
    "sellingGeneralAndAdministrativeExpenses": 614800000,
    "otherExpenses": 0,
    "operatingExpenses": 614800000,
    "costAndExpenses": 1970300000,
    "interestIncome": 0,
    "interestExpense": 0,
    "depreciationAndAmortization": 85500000,
    "ebitda": 505700000,
    "ebitdaratio": 0.2115457017,
    "operatingIncome": 420200000,
    "operatingIncomeRatio": 0.1757791257,
    "totalOtherIncomeExpensesNet": -79500000,
    "incomeBeforeTax": 340700000,
    "incomeBeforeTaxRatio": 0.1425224848,
    "incomeTaxExpense": 120900000,
    "netIncome": 219800000,
    "netIncomeRatio": 0.0919472914,
    "eps": 0.54,
    "epsdiluted": 0.53,
    "weightedAverageShsOut": 410800000,
    "weightedAverageShsOutDil": 414400000,
    "link": "https://www.sec.gov/Archives/edgar/data/55067/000005506704000184/0000055067-04-000184-index.htm",
    "finalLink": "https://www.sec.gov/Archives/edgar/data/55067/000005506704000184/f10q_q12004-kellogg.txt"
  },
  {
    "date": "2003-12-27",
    "symbol": "K",
    "reportedCurrency": "USD",
    "cik": "0000055067",
    "fillingDate": "2004-03-10",
    "acceptedDate": "2004-03-10 16:18:36",
    "calendarYear": "2003",
    "period": "Q4",
    "revenue": 2135000000,
    "costOfRevenue": 1188100000,
    "grossProfit": 946900000,
    "grossProfitRatio": 0.4435128806,
    "researchAndDevelopmentExpenses": 0,
    "generalAndAdministrativeExpenses": 0,
    "sellingAndMarketingExpenses": 0,
    "sellingGeneralAndAdministrativeExpenses": 595100000,
    "otherExpenses": 0,
    "operatingExpenses": 595100000,
    "costAndExpenses": 1783200000,
    "interestIncome": 0,
    "interestExpense": 0,
    "depreciationAndAmortization": 100800000,
    "ebitda": 452600000,
    "ebitdaratio": 0.2119906323,
    "operatingIncome": 351800000,
    "operatingIncomeRatio": 0.1647775176,
    "totalOtherIncomeExpensesNet": -108300000,
    "incomeBeforeTax": 243500000,
    "incomeBeforeTaxRatio": 0.1140515222,
    "incomeTaxExpense": 55500000,
    "netIncome": 188000000,
    "netIncomeRatio": 0.0880562061,
    "eps": 0.46,
    "epsdiluted": 0.46,
    "weightedAverageShsOut": 408800000,
    "weightedAverageShsOutDil": 412000000,
    "link": "https://www.sec.gov/Archives/edgar/data/55067/000095012404000801/0000950124-04-000801-index.htm",
    "finalLink": "https://www.sec.gov/Archives/edgar/data/55067/000095012404000801/k82532e10vk.htm"
  },
  {
    "date": "2003-09-27",
    "symbol": "K",
    "reportedCurrency": "USD",
    "cik": "0000055067",
    "fillingDate": "2003-11-07",
    "acceptedDate": "2003-11-07 14:08:40",
    "calendarYear": "2003",
    "period": "Q3",
    "revenue": 2281600000,
    "costOfRevenue": 1247600000,
    "grossProfit": 1034000000,
    "grossProfitRatio": 0.4531907433,
    "researchAndDevelopmentExpenses": 0,
    "generalAndAdministrativeExpenses": 0,
    "sellingAndMarketingExpenses": 0,
    "sellingGeneralAndAdministrativeExpenses": 603200000,
    "otherExpenses": 0,
    "operatingExpenses": 603200000,
    "costAndExpenses": 1850800000,
    "interestIncome": 0,
    "interestExpense": 0,
    "depreciationAndAmortization": 88300000,
    "ebitda": 519100000,
    "ebitdaratio": 0.2275157784,
    "operatingIncome": 430800000,
    "operatingIncomeRatio": 0.1888148668,
    "totalOtherIncomeExpensesNet": -79400000,
    "incomeBeforeTax": 351400000,
    "incomeBeforeTaxRatio": 0.1540147265,
    "incomeTaxExpense": 120100000,
    "netIncome": 231300000,
    "netIncomeRatio": 0.1013762272,
    "eps": 0.57,
    "epsdiluted": 0.56,
    "weightedAverageShsOut": 408300000,
    "weightedAverageShsOutDil": 410900000,
    "link": "https://www.sec.gov/Archives/edgar/data/55067/000005506703000251/0000055067-03-000251-index.htm",
    "finalLink": "https://www.sec.gov/Archives/edgar/data/55067/000005506703000251/f10q_q32003-kellogg.txt"
  },
  {
    "date": "2003-06-28",
    "symbol": "K",
    "reportedCurrency": "USD",
    "cik": "0000055067",
    "fillingDate": "2003-08-08",
    "acceptedDate": "2003-08-08 10:31:17",
    "calendarYear": "2003",
    "period": "Q2",
    "revenue": 2247400000,
    "costOfRevenue": 1232100000,
    "grossProfit": 1015300000,
    "grossProfitRatio": 0.4517664857,
    "researchAndDevelopmentExpenses": 0,
    "generalAndAdministrativeExpenses": 0,
    "sellingAndMarketingExpenses": 0,
    "sellingGeneralAndAdministrativeExpenses": 601200000,
    "otherExpenses": 0,
    "operatingExpenses": 601200000,
    "costAndExpenses": 1833300000,
    "interestIncome": 0,
    "interestExpense": 0,
    "depreciationAndAmortization": 98000000,
    "ebitda": 512100000,
    "ebitdaratio": 0.2278633087,
    "operatingIncome": 414100000,
    "operatingIncomeRatio": 0.1842573641,
    "totalOtherIncomeExpensesNet": -95600000,
    "incomeBeforeTax": 318500000,
    "incomeBeforeTaxRatio": 0.1417193201,
    "incomeTaxExpense": 114600000,
    "netIncome": 203900000,
    "netIncomeRatio": 0.0907270624,
    "eps": 0.5,
    "epsdiluted": 0.5,
    "weightedAverageShsOut": 406900000,
    "weightedAverageShsOutDil": 409200000,
    "link": "https://www.sec.gov/Archives/edgar/data/55067/000005506703000192/0000055067-03-000192-index.htm",
    "finalLink": "https://www.sec.gov/Archives/edgar/data/55067/000005506703000192/f10q_q22003-kellogg.txt"
  },
  {
    "date": "2003-03-29",
    "symbol": "K",
    "reportedCurrency": "USD",
    "cik": "0000055067",
    "fillingDate": "2003-05-09",
    "acceptedDate": "2003-05-09 10:46:52",
    "calendarYear": "2003",
    "period": "Q1",
    "revenue": 2147500000,
    "costOfRevenue": 1231100000,
    "grossProfit": 916400000,
    "grossProfitRatio": 0.4267287544,
    "researchAndDevelopmentExpenses": 0,
    "generalAndAdministrativeExpenses": 0,
    "sellingAndMarketingExpenses": 0,
    "sellingGeneralAndAdministrativeExpenses": 569000000,
    "otherExpenses": 0,
    "operatingExpenses": 569000000,
    "costAndExpenses": 1800100000,
    "interestIncome": 0,
    "interestExpense": 0,
    "depreciationAndAmortization": 85700000,
    "ebitda": 433100000,
    "ebitdaratio": 0.2016763679,
    "operatingIncome": 347400000,
    "operatingIncomeRatio": 0.1617694994,
    "totalOtherIncomeExpensesNet": -91300000,
    "incomeBeforeTax": 256100000,
    "incomeBeforeTaxRatio": 0.1192549476,
    "incomeTaxExpense": 92200000,
    "netIncome": 163900000,
    "netIncomeRatio": 0.0763213038,
    "eps": 0.4,
    "epsdiluted": 0.4,
    "weightedAverageShsOut": 407700000,
    "weightedAverageShsOutDil": 409300000,
    "link": "https://www.sec.gov/Archives/edgar/data/55067/000005506703000168/0000055067-03-000168-index.htm",
    "finalLink": "https://www.sec.gov/Archives/edgar/data/55067/000005506703000168/f10q_q12003-kellogg.txt"
  },
  {
    "date": "2002-12-31",
    "symbol": "K",
    "reportedCurrency": "USD",
    "cik": "0000055067",
    "fillingDate": "2003-03-14",
    "acceptedDate": "2003-03-14 13:44:26",
    "calendarYear": "2002",
    "period": "Q4",
    "revenue": 1980700000,
    "costOfRevenue": 1066900000,
    "grossProfit": 913800000,
    "grossProfitRatio": 0.4613520473,
    "researchAndDevelopmentExpenses": 0,
    "generalAndAdministrativeExpenses": 0,
    "sellingAndMarketingExpenses": 0,
    "sellingGeneralAndAdministrativeExpenses": 520000000,
    "otherExpenses": 0,
    "operatingExpenses": 520000000,
    "costAndExpenses": 1586900000,
    "interestIncome": 0,
    "interestExpense": 0,
    "depreciationAndAmortization": 88000000,
    "ebitda": 481800000,
    "ebitdaratio": 0.2432473368,
    "operatingIncome": 393800000,
    "operatingIncomeRatio": 0.1988185995,
    "totalOtherIncomeExpensesNet": -91100000,
    "incomeBeforeTax": 302700000,
    "incomeBeforeTaxRatio": 0.1528247589,
    "incomeTaxExpense": 111700000,
    "netIncome": 191000000,
    "netIncomeRatio": 0.0964305549,
    "eps": 0.47,
    "epsdiluted": 0.47,
    "weightedAverageShsOut": 403352542,
    "weightedAverageShsOutDil": 410600000,
    "link": "https://www.sec.gov/Archives/edgar/data/55067/000095012403000647/0000950124-03-000647-index.htm",
    "finalLink": "https://www.sec.gov/Archives/edgar/data/55067/000095012403000647/k74347e10vk.htm"
  },
  {
    "date": "2002-09-28",
    "symbol": "K",
    "reportedCurrency": "USD",
    "cik": "0000055067",
    "fillingDate": "2002-11-08",
    "acceptedDate": "2002-11-08 16:11:55",
    "calendarYear": "2002",
    "period": "Q3",
    "revenue": 2136500000,
    "costOfRevenue": 1163400000,
    "grossProfit": 973100000,
    "grossProfitRatio": 0.4554645448,
    "researchAndDevelopmentExpenses": 0,
    "generalAndAdministrativeExpenses": 0,
    "sellingAndMarketingExpenses": 0,
    "sellingGeneralAndAdministrativeExpenses": 558300000,
    "otherExpenses": 0,
    "operatingExpenses": 558300000,
    "costAndExpenses": 1721700000,
    "interestIncome": 0,
    "interestExpense": 0,
    "depreciationAndAmortization": 90600000,
    "ebitda": 505400000,
    "ebitdaratio": 0.2365551135,
    "operatingIncome": 414800000,
    "operatingIncomeRatio": 0.1941493096,
    "totalOtherIncomeExpensesNet": -94100000,
    "incomeBeforeTax": 320700000,
    "incomeBeforeTaxRatio": 0.1501053124,
    "incomeTaxExpense": 117200000,
    "netIncome": 203500000,
    "netIncomeRatio": 0.0952492394,
    "eps": 0.5,
    "epsdiluted": 0.49,
    "weightedAverageShsOut": 409400000,
    "weightedAverageShsOutDil": 412000000,
    "link": "https://www.sec.gov/Archives/edgar/data/55067/000095012402003390/0000950124-02-003390-index.htm",
    "finalLink": "https://www.sec.gov/Archives/edgar/data/55067/000095012402003390/k72395e10vq.htm"
  },
  {
    "date": "2002-06-29",
    "symbol": "K",
    "reportedCurrency": "USD",
    "cik": "0000055067",
    "fillingDate": "2002-08-08",
    "acceptedDate": "2002-08-08 16:19:38",
    "calendarYear": "2002",
    "period": "Q2",
    "revenue": 2125100000,
    "costOfRevenue": 1161500000,
    "grossProfit": 963600000,
    "grossProfitRatio": 0.4534374853,
    "researchAndDevelopmentExpenses": 0,
    "generalAndAdministrativeExpenses": 0,
    "sellingAndMarketingExpenses": 0,
    "sellingGeneralAndAdministrativeExpenses": 591200000,
    "otherExpenses": 0,
    "operatingExpenses": 591200000,
    "costAndExpenses": 1752700000,
    "interestIncome": 0,
    "interestExpense": 0,
    "depreciationAndAmortization": 82800000,
    "ebitda": 455200000,
    "ebitdaratio": 0.2142016846,
    "operatingIncome": 372400000,
    "operatingIncomeRatio": 0.1752388123,
    "totalOtherIncomeExpensesNet": -94900000,
    "incomeBeforeTax": 277500000,
    "incomeBeforeTaxRatio": 0.1305820903,
    "incomeTaxExpense": 103700000,
    "netIncome": 173800000,
    "netIncomeRatio": 0.0817843866,
    "eps": 0.42,
    "epsdiluted": 0.42,
    "weightedAverageShsOut": 409200000,
    "weightedAverageShsOutDil": 412600000,
    "link": "https://www.sec.gov/Archives/edgar/data/55067/000095012402002539/0000950124-02-002539-index.htm",
    "finalLink": "https://www.sec.gov/Archives/edgar/data/55067/000095012402002539/k70996e10vq.htm"
  },
  {
    "date": "2002-03-30",
    "symbol": "K",
    "reportedCurrency": "USD",
    "cik": "0000055067",
    "fillingDate": "2002-05-10",
    "acceptedDate": "2002-05-10 15:35:51",
    "calendarYear": "2002",
    "period": "Q1",
    "revenue": 2061800000,
    "costOfRevenue": 1177200000,
    "grossProfit": 884600000,
    "grossProfitRatio": 0.4290425841,
    "researchAndDevelopmentExpenses": 0,
    "generalAndAdministrativeExpenses": 0,
    "sellingAndMarketingExpenses": 0,
    "sellingGeneralAndAdministrativeExpenses": 557500000,
    "otherExpenses": 0,
    "operatingExpenses": 557500000,
    "costAndExpenses": 1734700000,
    "interestIncome": 0,
    "interestExpense": 0,
    "depreciationAndAmortization": 87000000,
    "ebitda": 414100000,
    "ebitdaratio": 0.2008439228,
    "operatingIncome": 327100000,
    "operatingIncomeRatio": 0.1586477835,
    "totalOtherIncomeExpensesNet": -83700000,
    "incomeBeforeTax": 243400000,
    "incomeBeforeTaxRatio": 0.1180521874,
    "incomeTaxExpense": 90800000,
    "netIncome": 152600000,
    "netIncomeRatio": 0.0740129984,
    "eps": 0.37,
    "epsdiluted": 0.37,
    "weightedAverageShsOut": 407100000,
    "weightedAverageShsOutDil": 409400000,
    "link": "https://www.sec.gov/Archives/edgar/data/55067/000095012402001679/0000950124-02-001679-index.htm",
    "finalLink": "https://www.sec.gov/Archives/edgar/data/55067/000095012402001679/k69315e10-q.htm"
  },
  {
    "date": "2001-12-31",
    "symbol": "K",
    "reportedCurrency": "USD",
    "cik": "0000055067",
    "fillingDate": "2002-03-25",
    "acceptedDate": "2002-03-25 00:00:00",
    "calendarYear": "2001",
    "period": "Q4",
    "revenue": 2213000000,
    "costOfRevenue": 1022500000,
    "grossProfit": 1190500000,
    "grossProfitRatio": 0.5379575237,
    "researchAndDevelopmentExpenses": 0,
    "generalAndAdministrativeExpenses": 0,
    "sellingAndMarketingExpenses": 0,
    "sellingGeneralAndAdministrativeExpenses": 893100000,
    "otherExpenses": -15000000,
    "operatingExpenses": 878100000,
    "costAndExpenses": 1900600000,
    "interestIncome": 0,
    "interestExpense": 0,
    "depreciationAndAmortization": 119000000,
    "ebitda": 416400000,
    "ebitdaratio": 0.1881608676,
    "operatingIncome": 312400000,
    "operatingIncomeRatio": 0.1411658382,
    "totalOtherIncomeExpensesNet": -106100000,
    "incomeBeforeTax": 206300000,
    "incomeBeforeTaxRatio": 0.0932218708,
    "incomeTaxExpense": 81700000,
    "netIncome": 124600000,
    "netIncomeRatio": 0.0563036602,
    "eps": 0.3,
    "epsdiluted": 0.3,
    "weightedAverageShsOut": 401445299,
    "weightedAverageShsOutDil": 409400000,
    "link": "https://www.sec.gov/Archives/edgar/data/55067/000095012402000980/0000950124-02-000980-index.htm",
    "finalLink": "https://www.sec.gov/Archives/edgar/data/55067/000095012402000980/k67850e10-k.htm"
  },
  {
    "date": "2001-09-30",
    "symbol": "K",
    "reportedCurrency": "USD",
    "cik": "0000055067",
    "fillingDate": "2001-11-09",
    "acceptedDate": "2001-11-09 00:00:00",
    "calendarYear": "2001",
    "period": "Q3",
    "revenue": 2190600000,
    "costOfRevenue": 1201700000,
    "grossProfit": 988900000,
    "grossProfitRatio": 0.4514288323,
    "researchAndDevelopmentExpenses": 0,
    "generalAndAdministrativeExpenses": 0,
    "sellingAndMarketingExpenses": 0,
    "sellingGeneralAndAdministrativeExpenses": 641900000,
    "otherExpenses": 0,
    "operatingExpenses": 641900000,
    "costAndExpenses": 1843600000,
    "interestIncome": 0,
    "interestExpense": 0,
    "depreciationAndAmortization": 134500000,
    "ebitda": 481500000,
    "ebitdaratio": 0.2198027938,
    "operatingIncome": 347000000,
    "operatingIncomeRatio": 0.1584040902,
    "totalOtherIncomeExpensesNet": -103100000,
    "incomeBeforeTax": 243900000,
    "incomeBeforeTaxRatio": 0.1113393591,
    "incomeTaxExpense": 93600000,
    "netIncome": 150300000,
    "netIncomeRatio": 0.0686113394,
    "eps": 0.37,
    "epsdiluted": 0.37,
    "weightedAverageShsOut": 406200000,
    "weightedAverageShsOutDil": 406200000,
    "link": "https://www.sec.gov/Archives/edgar/data/55067/000095012401503822/0000950124-01-503822-index.htm",
    "finalLink": "https://www.sec.gov/Archives/edgar/data/55067/000095012401503822/k65821e10-q.htm"
  },
  {
    "date": "2001-06-30",
    "symbol": "K",
    "reportedCurrency": "USD",
    "cik": "0000055067",
    "fillingDate": "2001-08-10",
    "acceptedDate": "2001-08-10 00:00:00",
    "calendarYear": "2001",
    "period": "Q2",
    "revenue": 1989200000,
    "costOfRevenue": 1122200000,
    "grossProfit": 867000000,
    "grossProfitRatio": 0.4358536095,
    "researchAndDevelopmentExpenses": 0,
    "generalAndAdministrativeExpenses": 0,
    "sellingAndMarketingExpenses": 0,
    "sellingGeneralAndAdministrativeExpenses": 565700000,
    "otherExpenses": 0,
    "operatingExpenses": 565700000,
    "costAndExpenses": 1687900000,
    "interestIncome": 0,
    "interestExpense": 0,
    "depreciationAndAmortization": 114600000,
    "ebitda": 415900000,
    "ebitdaratio": 0.2090790267,
    "operatingIncome": 301300000,
    "operatingIncomeRatio": 0.1514679268,
    "totalOtherIncomeExpensesNet": -115800000,
    "incomeBeforeTax": 185500000,
    "incomeBeforeTaxRatio": 0.0932535693,
    "incomeTaxExpense": 70900000,
    "netIncome": 114600000,
    "netIncomeRatio": 0.0576110999,
    "eps": 0.28,
    "epsdiluted": 0.28,
    "weightedAverageShsOut": 405900000,
    "weightedAverageShsOutDil": 405900000,
    "link": "https://www.sec.gov/Archives/edgar/data/55067/000095012401502676/0000950124-01-502676-index.htm",
    "finalLink": "https://www.sec.gov/Archives/edgar/data/55067/000095012401502676/k64169e10-q.htm"
  },
  {
    "date": "2001-03-31",
    "symbol": "K",
    "reportedCurrency": "USD",
    "cik": "0000055067",
    "fillingDate": "2001-05-11",
    "acceptedDate": "2001-05-11 00:00:00",
    "calendarYear": "2001",
    "period": "Q1",
    "revenue": 1471700000,
    "costOfRevenue": 852700000,
    "grossProfit": 619000000,
    "grossProfitRatio": 0.4206020249,
    "researchAndDevelopmentExpenses": 0,
    "generalAndAdministrativeExpenses": 0,
    "sellingAndMarketingExpenses": 0,
    "sellingGeneralAndAdministrativeExpenses": 363500000,
    "otherExpenses": 48300000,
    "operatingExpenses": 411800000,
    "costAndExpenses": 1264500000,
    "interestIncome": 0,
    "interestExpense": 0,
    "depreciationAndAmortization": 70500000,
    "ebitda": 326000000,
    "ebitdaratio": 0.2215125365,
    "operatingIncome": 207200000,
    "operatingIncomeRatio": 0.1407895631,
    "totalOtherIncomeExpensesNet": -38800000,
    "incomeBeforeTax": 168400000,
    "incomeBeforeTaxRatio": 0.1144254943,
    "incomeTaxExpense": 75900000,
    "netIncome": 84100000,
    "netIncomeRatio": 0.0571447985,
    "eps": 0.21,
    "epsdiluted": 0.21,
    "weightedAverageShsOut": 405700000,
    "weightedAverageShsOutDil": 405700000,
    "link": "https://www.sec.gov/Archives/edgar/data/55067/000095012401501003/0000950124-01-501003-index.htm",
    "finalLink": "https://www.sec.gov/Archives/edgar/data/55067/000095012401501003/k62099e10-q.htm"
  },
  {
    "date": "2000-12-31",
    "symbol": "K",
    "reportedCurrency": "USD",
    "cik": "0000055067",
    "fillingDate": "2001-03-13",
    "acceptedDate": "2001-03-13 00:00:00",
    "calendarYear": "2000",
    "period": "Q4",
    "revenue": 1556000000,
    "costOfRevenue": 982200000,
    "grossProfit": 573800000,
    "grossProfitRatio": 0.3687660668,
    "researchAndDevelopmentExpenses": 0,
    "generalAndAdministrativeExpenses": 0,
    "sellingAndMarketingExpenses": 0,
    "sellingGeneralAndAdministrativeExpenses": 588000000,
    "otherExpenses": -217300000,
    "operatingExpenses": 370700000,
    "costAndExpenses": 1352900000,
    "interestIncome": 0,
    "interestExpense": 0,
    "depreciationAndAmortization": 73300000,
    "ebitda": 276400000,
    "ebitdaratio": 0.1776349614,
    "operatingIncome": 203100000,
    "operatingIncomeRatio": 0.1305269923,
    "totalOtherIncomeExpensesNet": -92700000,
    "incomeBeforeTax": 110400000,
    "incomeBeforeTaxRatio": 0.0709511568,
    "incomeTaxExpense": 17200000,
    "netIncome": 93200000,
    "netIncomeRatio": 0.0598971722,
    "eps": 0.23,
    "epsdiluted": 0.23,
    "weightedAverageShsOut": 404441379,
    "weightedAverageShsOutDil": 405700000,
    "link": "https://www.sec.gov/Archives/edgar/data/55067/000095012401001250/0000950124-01-001250-index.htm",
    "finalLink": "https://www.sec.gov/Archives/edgar/data/55067/000095012401001250/k60557e10-k.htm"
  },
  {
    "date": "2000-09-30",
    "symbol": "K",
    "reportedCurrency": "USD",
    "cik": "0000055067",
    "fillingDate": "2000-11-14",
    "acceptedDate": "2000-11-14 00:00:00",
    "calendarYear": "2000",
    "period": "Q3",
    "revenue": 1845700000,
    "costOfRevenue": 801600000,
    "grossProfit": 1044100000,
    "grossProfitRatio": 0.5656932329,
    "researchAndDevelopmentExpenses": 0,
    "generalAndAdministrativeExpenses": 0,
    "sellingAndMarketingExpenses": 0,
    "sellingGeneralAndAdministrativeExpenses": 661900000,
    "otherExpenses": 74100000,
    "operatingExpenses": 736000000,
    "costAndExpenses": 1537600000,
    "interestIncome": 0,
    "interestExpense": 0,
    "depreciationAndAmortization": 74100000,
    "ebitda": 382200000,
    "ebitdaratio": 0.2070759062,
    "operatingIncome": 308100000,
    "operatingIncomeRatio": 0.1669285366,
    "totalOtherIncomeExpensesNet": -36200000,
    "incomeBeforeTax": 271900000,
    "incomeBeforeTaxRatio": 0.1473153817,
    "incomeTaxExpense": 90000000,
    "netIncome": 181900000,
    "netIncomeRatio": 0.0985533944,
    "eps": 0.45,
    "epsdiluted": 0.45,
    "weightedAverageShsOut": 405600000,
    "weightedAverageShsOutDil": 405600000,
    "link": "https://www.sec.gov/Archives/edgar/data/55067/000095012400006963/0000950124-00-006963-index.htm",
    "finalLink": "https://www.sec.gov/Archives/edgar/data/55067/000095012400006963/k58377e10-q.htm"
  },
  {
    "date": "2000-06-30",
    "symbol": "K",
    "reportedCurrency": "USD",
    "cik": "0000055067",
    "fillingDate": "2000-08-11",
    "acceptedDate": "2000-08-11 00:00:00",
    "calendarYear": "2000",
    "period": "Q2",
    "revenue": 1801100000,
    "costOfRevenue": 775200000,
    "grossProfit": 1025900000,
    "grossProfitRatio": 0.5695963578,
    "researchAndDevelopmentExpenses": 0,
    "generalAndAdministrativeExpenses": 0,
    "sellingAndMarketingExpenses": 0,
    "sellingGeneralAndAdministrativeExpenses": 671700000,
    "otherExpenses": 74300000,
    "operatingExpenses": 746000000,
    "costAndExpenses": 1521200000,
    "interestIncome": 0,
    "interestExpense": 0,
    "depreciationAndAmortization": 74300000,
    "ebitda": 354200000,
    "ebitdaratio": 0.1966575981,
    "operatingIncome": 279900000,
    "operatingIncomeRatio": 0.1554050303,
    "totalOtherIncomeExpensesNet": -47100000,
    "incomeBeforeTax": 232800000,
    "incomeBeforeTaxRatio": 0.1292543446,
    "incomeTaxExpense": 81900000,
    "netIncome": 150900000,
    "netIncomeRatio": 0.0837821331,
    "eps": 0.37,
    "epsdiluted": 0.37,
    "weightedAverageShsOut": 405600000,
    "weightedAverageShsOutDil": 405600000,
    "link": "https://www.sec.gov/Archives/edgar/data/55067/000095012400004868/0000950124-00-004868-index.htm",
    "finalLink": "https://www.sec.gov/Archives/edgar/data/55067/000095012400004868/e10-q.htm"
  },
  {
    "date": "2000-03-31",
    "symbol": "K",
    "reportedCurrency": "USD",
    "cik": "0000055067",
    "fillingDate": "2000-05-12",
    "acceptedDate": "2000-05-12 00:00:00",
    "calendarYear": "2000",
    "period": "Q1",
    "revenue": 1751900000,
    "costOfRevenue": 768000000,
    "grossProfit": 983900000,
    "grossProfitRatio": 0.5616188139,
    "researchAndDevelopmentExpenses": 0,
    "generalAndAdministrativeExpenses": 0,
    "sellingAndMarketingExpenses": 0,
    "sellingGeneralAndAdministrativeExpenses": 629800000,
    "otherExpenses": 68900000,
    "operatingExpenses": 698700000,
    "costAndExpenses": 1466700000,
    "interestIncome": 0,
    "interestExpense": 0,
    "depreciationAndAmortization": 68900000,
    "ebitda": 354100000,
    "ebitdaratio": 0.2021234089,
    "operatingIncome": 285200000,
    "operatingIncomeRatio": 0.1627946801,
    "totalOtherIncomeExpensesNet": -32600000,
    "incomeBeforeTax": 252600000,
    "incomeBeforeTaxRatio": 0.144186312,
    "incomeTaxExpense": 90900000,
    "netIncome": 161700000,
    "netIncomeRatio": 0.0922997888,
    "eps": 0.4,
    "epsdiluted": 0.4,
    "weightedAverageShsOut": 405500000,
    "weightedAverageShsOutDil": 405500000,
    "link": "https://www.sec.gov/Archives/edgar/data/55067/000095012400003087/0000950124-00-003087-index.html",
    "finalLink": "https://www.sec.gov/Archives/edgar/data/55067/000095012400003087/0000950124-00-003087-d1.html"
  },
  {
    "date": "1999-12-31",
    "symbol": "K",
    "reportedCurrency": "USD",
    "cik": "0000055067",
    "fillingDate": "2000-03-24",
    "acceptedDate": "2000-03-24 00:00:00",
    "calendarYear": "1999",
    "period": "Q4",
    "revenue": 1586100000,
    "costOfRevenue": 693900000,
    "grossProfit": 892200000,
    "grossProfitRatio": 0.5625118214,
    "researchAndDevelopmentExpenses": 0,
    "generalAndAdministrativeExpenses": 0,
    "sellingAndMarketingExpenses": 0,
    "sellingGeneralAndAdministrativeExpenses": 573700000,
    "otherExpenses": 72800000,
    "operatingExpenses": 646500000,
    "costAndExpenses": 1340400000,
    "interestIncome": 0,
    "interestExpense": 0,
    "depreciationAndAmortization": 72800000,
    "ebitda": 318500000,
    "ebitdaratio": 0.2008070109,
    "operatingIncome": 245700000,
    "operatingIncomeRatio": 0.1549082656,
    "totalOtherIncomeExpensesNet": -90900000,
    "incomeBeforeTax": 154800000,
    "incomeBeforeTaxRatio": 0.0975978816,
    "incomeTaxExpense": 53900000,
    "netIncome": 100900000,
    "netIncomeRatio": 0.0636151567,
    "eps": 0.25,
    "epsdiluted": 0.25,
    "weightedAverageShsOut": 405500000,
    "weightedAverageShsOutDil": 405500000,
    "link": "https://www.sec.gov/Archives/edgar/data/55067/000095012400001547/0000950124-00-001547-index.html",
    "finalLink": "https://www.sec.gov/Archives/edgar/data/55067/000095012400001547/0000950124-00-001547-d1.html"
  },
  {
    "date": "1999-09-30",
    "symbol": "K",
    "reportedCurrency": "USD",
    "cik": "0000055067",
    "fillingDate": "1999-11-12",
    "acceptedDate": "1999-11-12 00:00:00",
    "calendarYear": "1999",
    "period": "Q3",
    "revenue": 1868400000,
    "costOfRevenue": 809100000,
    "grossProfit": 1059300000,
    "grossProfitRatio": 0.566955684,
    "researchAndDevelopmentExpenses": 0,
    "generalAndAdministrativeExpenses": 0,
    "sellingAndMarketingExpenses": 0,
    "sellingGeneralAndAdministrativeExpenses": 687800000,
    "otherExpenses": 74600000,
    "operatingExpenses": 762400000,
    "costAndExpenses": 1571500000,
    "interestIncome": 0,
    "interestExpense": 0,
    "depreciationAndAmortization": 74600000,
    "ebitda": 371500000,
    "ebitdaratio": 0.1988332263,
    "operatingIncome": 296900000,
    "operatingIncomeRatio": 0.1589060158,
    "totalOtherIncomeExpensesNet": -344800000,
    "incomeBeforeTax": -47900000,
    "incomeBeforeTaxRatio": -0.0256369086,
    "incomeTaxExpense": -12300000,
    "netIncome": -35600000,
    "netIncomeRatio": -0.0190537358,
    "eps": -0.08,
    "epsdiluted": -0.08,
    "weightedAverageShsOut": 445000000,
    "weightedAverageShsOutDil": 445000000,
    "link": "https://www.sec.gov/Archives/edgar/data/55067/000095012499005941/0000950124-99-005941-index.html",
    "finalLink": "https://www.sec.gov/Archives/edgar/data/55067/000095012499005941/0000950124-99-005941-d1.html"
  },
  {
    "date": "1999-06-30",
    "symbol": "K",
    "reportedCurrency": "USD",
    "cik": "0000055067",
    "fillingDate": "1999-08-16",
    "acceptedDate": "1999-08-16 00:00:00",
    "calendarYear": "1999",
    "period": "Q2",
    "revenue": 1784400000,
    "costOfRevenue": 765700000,
    "grossProfit": 1018700000,
    "grossProfitRatio": 0.5708921766,
    "researchAndDevelopmentExpenses": 0,
    "generalAndAdministrativeExpenses": 0,
    "sellingAndMarketingExpenses": 0,
    "sellingGeneralAndAdministrativeExpenses": 674800000,
    "otherExpenses": 72600000,
    "operatingExpenses": 747400000,
    "costAndExpenses": 1513100000,
    "interestIncome": 0,
    "interestExpense": 0,
    "depreciationAndAmortization": 72600000,
    "ebitda": 343900000,
    "ebitdaratio": 0.1927258462,
    "operatingIncome": 271300000,
    "operatingIncomeRatio": 0.1520399014,
    "totalOtherIncomeExpensesNet": -32500000,
    "incomeBeforeTax": 238800000,
    "incomeBeforeTaxRatio": 0.1338264963,
    "incomeTaxExpense": 84600000,
    "netIncome": 154200000,
    "netIncomeRatio": 0.0864156019,
    "eps": 0.38,
    "epsdiluted": 0.38,
    "weightedAverageShsOut": 405789474,
    "weightedAverageShsOutDil": 405789474,
    "link": "https://www.sec.gov/Archives/edgar/data/55067/000095012499004815/0000950124-99-004815-index.html",
    "finalLink": "https://www.sec.gov/Archives/edgar/data/55067/000095012499004815/0000950124-99-004815-d1.html"
  },
  {
    "date": "1999-03-31",
    "symbol": "K",
    "reportedCurrency": "USD",
    "cik": "0000055067",
    "fillingDate": "1999-05-12",
    "acceptedDate": "1999-05-12 00:00:00",
    "calendarYear": "1999",
    "period": "Q1",
    "revenue": 1745300000,
    "costOfRevenue": 768400000,
    "grossProfit": 976900000,
    "grossProfitRatio": 0.5597318513,
    "researchAndDevelopmentExpenses": 0,
    "generalAndAdministrativeExpenses": 0,
    "sellingAndMarketingExpenses": 0,
    "sellingGeneralAndAdministrativeExpenses": 649400000,
    "otherExpenses": 68000000,
    "operatingExpenses": 717400000,
    "costAndExpenses": 1485800000,
    "interestIncome": 0,
    "interestExpense": 0,
    "depreciationAndAmortization": 68000000,
    "ebitda": 327500000,
    "ebitdaratio": 0.1876468229,
    "operatingIncome": 259500000,
    "operatingIncomeRatio": 0.1486850398,
    "totalOtherIncomeExpensesNet": -68500000,
    "incomeBeforeTax": 191000000,
    "incomeBeforeTaxRatio": 0.109436773,
    "incomeTaxExpense": 72200000,
    "netIncome": 118800000,
    "netIncomeRatio": 0.0680685269,
    "eps": 0.29,
    "epsdiluted": 0.29,
    "weightedAverageShsOut": 409655172,
    "weightedAverageShsOutDil": 409655172,
    "link": "https://www.sec.gov/Archives/edgar/data/55067/000095012499003132/0000950124-99-003132-index.html",
    "finalLink": "https://www.sec.gov/Archives/edgar/data/55067/"
  },
  {
    "date": "1998-12-31",
    "symbol": "K",
    "reportedCurrency": "USD",
    "cik": "0000055067",
    "fillingDate": "1999-03-26",
    "acceptedDate": "1999-03-26 00:00:00",
    "calendarYear": "1998",
    "period": "Q4",
    "revenue": 1599800000,
    "costOfRevenue": 739500000,
    "grossProfit": 860300000,
    "grossProfitRatio": 0.5377547193,
    "researchAndDevelopmentExpenses": 0,
    "generalAndAdministrativeExpenses": 0,
    "sellingAndMarketingExpenses": 0,
    "sellingGeneralAndAdministrativeExpenses": 611400000,
    "otherExpenses": 73200000,
    "operatingExpenses": 684600000,
    "costAndExpenses": 1424100000,
    "interestIncome": 0,
    "interestExpense": 0,
    "depreciationAndAmortization": 73200000,
    "ebitda": 248900000,
    "ebitdaratio": 0.1555819477,
    "operatingIncome": 175700000,
    "operatingIncomeRatio": 0.1098262283,
    "totalOtherIncomeExpensesNet": -98200000,
    "incomeBeforeTax": 77500000,
    "incomeBeforeTaxRatio": 0.0484435554,
    "incomeTaxExpense": 30300000,
    "netIncome": 47200000,
    "netIncomeRatio": 0.029503688,
    "eps": 0.12,
    "epsdiluted": 0.12,
    "weightedAverageShsOut": 409655172,
    "weightedAverageShsOutDil": 409655172,
    "link": "https://www.sec.gov/Archives/edgar/data/55067/0000950124-99-002062-index.html",
    "finalLink": "https://www.sec.gov/Archives/edgar/data/55067/0000950124-99-002062.txt"
  },
  {
    "date": "1998-09-30",
    "symbol": "K",
    "reportedCurrency": "USD",
    "cik": "0000055067",
    "fillingDate": "1998-11-12",
    "acceptedDate": "1998-11-12 00:00:00",
    "calendarYear": "1998",
    "period": "Q3",
    "revenue": 1805800000,
    "costOfRevenue": 799400000,
    "grossProfit": 1006400000,
    "grossProfitRatio": 0.5573153173,
    "researchAndDevelopmentExpenses": 0,
    "generalAndAdministrativeExpenses": 0,
    "sellingAndMarketingExpenses": 0,
    "sellingGeneralAndAdministrativeExpenses": 691000000,
    "otherExpenses": 69500000,
    "operatingExpenses": 760500000,
    "costAndExpenses": 1559900000,
    "interestIncome": 0,
    "interestExpense": 0,
    "depreciationAndAmortization": 69500000,
    "ebitda": 315400000,
    "ebitdaratio": 0.1746594307,
    "operatingIncome": 245900000,
    "operatingIncomeRatio": 0.1361723336,
    "totalOtherIncomeExpensesNet": -30600000,
    "incomeBeforeTax": 215300000,
    "incomeBeforeTaxRatio": 0.1192269354,
    "incomeTaxExpense": 73400000,
    "netIncome": 141900000,
    "netIncomeRatio": 0.0785801307,
    "eps": 0.35,
    "epsdiluted": 0.35,
    "weightedAverageShsOut": 405428571,
    "weightedAverageShsOutDil": 405428571,
    "link": "https://www.sec.gov/Archives/edgar/data/55067/000095012498006438/0000950124-98-006438-index.html",
    "finalLink": "https://www.sec.gov/Archives/edgar/data/55067/"
  },
  {
    "date": "1998-06-30",
    "symbol": "K",
    "reportedCurrency": "USD",
    "cik": "0000055067",
    "fillingDate": "1998-08-12",
    "acceptedDate": "1998-08-12 00:00:00",
    "calendarYear": "1998",
    "period": "Q2",
    "revenue": 1713500000,
    "costOfRevenue": 751600000,
    "grossProfit": 961900000,
    "grossProfitRatio": 0.5613656259,
    "researchAndDevelopmentExpenses": 0,
    "generalAndAdministrativeExpenses": 0,
    "sellingAndMarketingExpenses": 0,
    "sellingGeneralAndAdministrativeExpenses": 649300000,
    "otherExpenses": 68000000,
    "operatingExpenses": 717300000,
    "costAndExpenses": 1468900000,
    "interestIncome": 0,
    "interestExpense": 0,
    "depreciationAndAmortization": 68000000,
    "ebitda": 312600000,
    "ebitdaratio": 0.1824336154,
    "operatingIncome": 244600000,
    "operatingIncomeRatio": 0.1427487598,
    "totalOtherIncomeExpensesNet": -24500000,
    "incomeBeforeTax": 220100000,
    "incomeBeforeTaxRatio": 0.1284505398,
    "incomeTaxExpense": 76900000,
    "netIncome": 143200000,
    "netIncomeRatio": 0.083571637,
    "eps": 0.35,
    "epsdiluted": 0.35,
    "weightedAverageShsOut": 409142857,
    "weightedAverageShsOutDil": 409142857,
    "link": "https://www.sec.gov/Archives/edgar/data/55067/000095012498004348/0000950124-98-004348-index.html",
    "finalLink": "https://www.sec.gov/Archives/edgar/data/55067/"
  },
  {
    "date": "1998-03-31",
    "symbol": "K",
    "reportedCurrency": "USD",
    "cik": "0000055067",
    "fillingDate": "1998-05-13",
    "acceptedDate": "1998-05-13 00:00:00",
    "calendarYear": "1998",
    "period": "Q1",
    "revenue": 1642900000,
    "costOfRevenue": 714500000,
    "grossProfit": 928400000,
    "grossProfitRatio": 0.5650983018,
    "researchAndDevelopmentExpenses": 0,
    "generalAndAdministrativeExpenses": 0,
    "sellingAndMarketingExpenses": 0,
    "sellingGeneralAndAdministrativeExpenses": 562300000,
    "otherExpenses": 67300000,
    "operatingExpenses": 629600000,
    "costAndExpenses": 1344100000,
    "interestIncome": 0,
    "interestExpense": 0,
    "depreciationAndAmortization": 67300000,
    "ebitda": 366100000,
    "ebitdaratio": 0.2228376651,
    "operatingIncome": 298800000,
    "operatingIncomeRatio": 0.1818735163,
    "totalOtherIncomeExpensesNet": -28700000,
    "incomeBeforeTax": 270100000,
    "incomeBeforeTaxRatio": 0.1644044068,
    "incomeTaxExpense": 99400000,
    "netIncome": 170700000,
    "netIncomeRatio": 0.1039016373,
    "eps": 0.42,
    "epsdiluted": 0.42,
    "weightedAverageShsOut": 406428571,
    "weightedAverageShsOutDil": 406428571,
    "link": "https://www.sec.gov/Archives/edgar/data/55067/000095012498002836/0000950124-98-002836-index.html",
    "finalLink": "https://www.sec.gov/Archives/edgar/data/55067/"
  },
  {
    "date": "1997-12-31",
    "symbol": "K",
    "reportedCurrency": "USD",
    "cik": "0000055067",
    "fillingDate": "1998-03-31",
    "acceptedDate": "1998-03-31 00:00:00",
    "calendarYear": "1997",
    "period": "Q4",
    "revenue": 1617700000,
    "costOfRevenue": 694300000,
    "grossProfit": 923400000,
    "grossProfitRatio": 0.5708104098,
    "researchAndDevelopmentExpenses": 0,
    "generalAndAdministrativeExpenses": 0,
    "sellingAndMarketingExpenses": 0,
    "sellingGeneralAndAdministrativeExpenses": 577800000,
    "otherExpenses": 77600000,
    "operatingExpenses": 655400000,
    "costAndExpenses": 1349700000,
    "interestIncome": 0,
    "interestExpense": 0,
    "depreciationAndAmortization": 77600000,
    "ebitda": 345600000,
    "ebitdaratio": 0.2136366446,
    "operatingIncome": 268000000,
    "operatingIncomeRatio": 0.1656673054,
    "totalOtherIncomeExpensesNet": -186200000,
    "incomeBeforeTax": 81800000,
    "incomeBeforeTaxRatio": 0.0505656179,
    "incomeTaxExpense": 49200000,
    "netIncome": 14600000,
    "netIncomeRatio": 0.0090251592,
    "eps": 0.0359,
    "epsdiluted": 0.0359,
    "weightedAverageShsOut": 399269864,
    "weightedAverageShsOutDil": 406428571,
    "link": "https://www.sec.gov/Archives/edgar/data/55067/000095012498001836/0000950124-98-001836-index.html",
    "finalLink": "https://www.sec.gov/Archives/edgar/data/55067/"
  },
  {
    "date": "1997-09-30",
    "symbol": "K",
    "reportedCurrency": "USD",
    "cik": "0000055067",
    "fillingDate": "1997-11-12",
    "acceptedDate": "1997-11-12 00:00:00",
    "calendarYear": "1997",
    "period": "Q3",
    "revenue": 1803800000,
    "costOfRevenue": 790400000,
    "grossProfit": 1013400000,
    "grossProfitRatio": 0.5618139483,
    "researchAndDevelopmentExpenses": 0,
    "generalAndAdministrativeExpenses": 0,
    "sellingAndMarketingExpenses": 0,
    "sellingGeneralAndAdministrativeExpenses": 587800000,
    "otherExpenses": 69000000,
    "operatingExpenses": 656800000,
    "costAndExpenses": 1447200000,
    "interestIncome": 0,
    "interestExpense": 0,
    "depreciationAndAmortization": 69000000,
    "ebitda": 425600000,
    "ebitdaratio": 0.2359463355,
    "operatingIncome": 356600000,
    "operatingIncomeRatio": 0.1976937576,
    "totalOtherIncomeExpensesNet": -40100000,
    "incomeBeforeTax": 316500000,
    "incomeBeforeTaxRatio": 0.1754629116,
    "incomeTaxExpense": 109300000,
    "netIncome": 207200000,
    "netIncomeRatio": 0.1148686107,
    "eps": 0.5,
    "epsdiluted": 0.5,
    "weightedAverageShsOut": 414400000,
    "weightedAverageShsOutDil": 414400000,
    "link": "https://www.sec.gov/Archives/edgar/data/55067/000095012497005870/0000950124-97-005870-index.html",
    "finalLink": "https://www.sec.gov/Archives/edgar/data/55067/"
  },
  {
    "date": "1997-06-30",
    "symbol": "K",
    "reportedCurrency": "USD",
    "cik": "0000055067",
    "fillingDate": "1997-08-12",
    "acceptedDate": "1997-08-12 00:00:00",
    "calendarYear": "1997",
    "period": "Q2",
    "revenue": 1719700000,
    "costOfRevenue": 738500000,
    "grossProfit": 981200000,
    "grossProfitRatio": 0.5705646334,
    "researchAndDevelopmentExpenses": 0,
    "generalAndAdministrativeExpenses": 0,
    "sellingAndMarketingExpenses": 0,
    "sellingGeneralAndAdministrativeExpenses": 617500000,
    "otherExpenses": 72300000,
    "operatingExpenses": 689800000,
    "costAndExpenses": 1428300000,
    "interestIncome": 0,
    "interestExpense": 0,
    "depreciationAndAmortization": 72300000,
    "ebitda": 363700000,
    "ebitdaratio": 0.2114903762,
    "operatingIncome": 291400000,
    "operatingIncomeRatio": 0.1694481596,
    "totalOtherIncomeExpensesNet": -37200000,
    "incomeBeforeTax": 254200000,
    "incomeBeforeTaxRatio": 0.1478164796,
    "incomeTaxExpense": 90600000,
    "netIncome": 163600000,
    "netIncomeRatio": 0.095132872,
    "eps": 0.39,
    "epsdiluted": 0.39,
    "weightedAverageShsOut": 419487179,
    "weightedAverageShsOutDil": 419487179,
    "link": "https://www.sec.gov/Archives/edgar/data/55067/000095012497004196/0000950124-97-004196-index.html",
    "finalLink": "https://www.sec.gov/Archives/edgar/data/55067/"
  },
  {
    "date": "1997-03-31",
    "symbol": "K",
    "reportedCurrency": "USD",
    "cik": "0000055067",
    "fillingDate": "1997-05-13",
    "acceptedDate": "1997-05-13 00:00:00",
    "calendarYear": "1997",
    "period": "Q1",
    "revenue": 1688900000,
    "costOfRevenue": 759600000,
    "grossProfit": 929300000,
    "grossProfitRatio": 0.5502398011,
    "researchAndDevelopmentExpenses": 0,
    "generalAndAdministrativeExpenses": 0,
    "sellingAndMarketingExpenses": 0,
    "sellingGeneralAndAdministrativeExpenses": 583700000,
    "otherExpenses": 68400000,
    "operatingExpenses": 652100000,
    "costAndExpenses": 1411700000,
    "interestIncome": 0,
    "interestExpense": 0,
    "depreciationAndAmortization": 68400000,
    "ebitda": 345600000,
    "ebitdaratio": 0.2046302327,
    "operatingIncome": 277200000,
    "operatingIncomeRatio": 0.1641304991,
    "totalOtherIncomeExpensesNet": -25200000,
    "incomeBeforeTax": 252000000,
    "incomeBeforeTaxRatio": 0.1492095447,
    "incomeTaxExpense": 91400000,
    "netIncome": 160600000,
    "netIncomeRatio": 0.0950914797,
    "eps": 0.38,
    "epsdiluted": 0.38,
    "weightedAverageShsOut": 422631579,
    "weightedAverageShsOutDil": 422631579,
    "link": "https://www.sec.gov/Archives/edgar/data/55067/000095012497002845/0000950124-97-002845-index.html",
    "finalLink": "https://www.sec.gov/Archives/edgar/data/55067/"
  },
  {
    "date": "1996-12-31",
    "symbol": "K",
    "reportedCurrency": "USD",
    "cik": "0000055067",
    "fillingDate": "1997-03-27",
    "acceptedDate": "1997-03-27 00:00:00",
    "calendarYear": "1996",
    "period": "Q4",
    "revenue": 1557700000,
    "costOfRevenue": 675300000,
    "grossProfit": 882400000,
    "grossProfitRatio": 0.5664762149,
    "researchAndDevelopmentExpenses": 0,
    "generalAndAdministrativeExpenses": 0,
    "sellingAndMarketingExpenses": 0,
    "sellingGeneralAndAdministrativeExpenses": 540700000,
    "otherExpenses": 66000000,
    "operatingExpenses": 606700000,
    "costAndExpenses": 1282000000,
    "interestIncome": 0,
    "interestExpense": 0,
    "depreciationAndAmortization": 66000000,
    "ebitda": 341700000,
    "ebitdaratio": 0.2193618797,
    "operatingIncome": 275700000,
    "operatingIncomeRatio": 0.1769917186,
    "totalOtherIncomeExpensesNet": -126200000,
    "incomeBeforeTax": 149500000,
    "incomeBeforeTaxRatio": 0.0959748347,
    "incomeTaxExpense": 62200000,
    "netIncome": 87300000,
    "netIncomeRatio": 0.0560441677,
    "eps": 0.21,
    "epsdiluted": 0.21,
    "weightedAverageShsOut": 422631579,
    "weightedAverageShsOutDil": 422631579,
    "link": "https://www.sec.gov/Archives/edgar/data/55067/000095012497001847/0000950124-97-001847-index.html",
    "finalLink": "https://www.sec.gov/Archives/edgar/data/55067/"
  },
  {
    "date": "1996-09-30",
    "symbol": "K",
    "reportedCurrency": "USD",
    "cik": "0000055067",
    "fillingDate": "1996-11-08",
    "acceptedDate": "1996-11-08 00:00:00",
    "calendarYear": "1996",
    "period": "Q3",
    "revenue": 1681600000,
    "costOfRevenue": 756500000,
    "grossProfit": 925100000,
    "grossProfitRatio": 0.5501308278,
    "researchAndDevelopmentExpenses": 0,
    "generalAndAdministrativeExpenses": 0,
    "sellingAndMarketingExpenses": 0,
    "sellingGeneralAndAdministrativeExpenses": 562300000,
    "otherExpenses": 59500000,
    "operatingExpenses": 621800000,
    "costAndExpenses": 1378300000,
    "interestIncome": 0,
    "interestExpense": 0,
    "depreciationAndAmortization": 59500000,
    "ebitda": 362800000,
    "ebitdaratio": 0.2157469077,
    "operatingIncome": 303300000,
    "operatingIncomeRatio": 0.1803639391,
    "totalOtherIncomeExpensesNet": -44200000,
    "incomeBeforeTax": 259100000,
    "incomeBeforeTaxRatio": 0.1540794481,
    "incomeTaxExpense": 99600000,
    "netIncome": 159500000,
    "netIncomeRatio": 0.0948501427,
    "eps": 0.38,
    "epsdiluted": 0.38,
    "weightedAverageShsOut": 419736842,
    "weightedAverageShsOutDil": 419736842,
    "link": "https://www.sec.gov/Archives/edgar/data/55067/000095012496004773/0000950124-96-004773-index.html",
    "finalLink": "https://www.sec.gov/Archives/edgar/data/55067/"
  },
  {
    "date": "1996-06-30",
    "symbol": "K",
    "reportedCurrency": "USD",
    "cik": "0000055067",
    "fillingDate": "1996-08-12",
    "acceptedDate": "1996-08-12 00:00:00",
    "calendarYear": "1996",
    "period": "Q2",
    "revenue": 1651400000,
    "costOfRevenue": 713000000,
    "grossProfit": 938400000,
    "grossProfitRatio": 0.5682451253,
    "researchAndDevelopmentExpenses": 0,
    "generalAndAdministrativeExpenses": 0,
    "sellingAndMarketingExpenses": 0,
    "sellingGeneralAndAdministrativeExpenses": 708500000,
    "otherExpenses": 62200000,
    "operatingExpenses": 770700000,
    "costAndExpenses": 1483700000,
    "interestIncome": 0,
    "interestExpense": 0,
    "depreciationAndAmortization": 62200000,
    "ebitda": 229900000,
    "ebitdaratio": 0.1392152113,
    "operatingIncome": 167700000,
    "operatingIncomeRatio": 0.1015501998,
    "totalOtherIncomeExpensesNet": -41900000,
    "incomeBeforeTax": 125800000,
    "incomeBeforeTaxRatio": 0.0761777885,
    "incomeTaxExpense": 47700000,
    "netIncome": 78100000,
    "netIncomeRatio": 0.0472932058,
    "eps": 0.19,
    "epsdiluted": 0.19,
    "weightedAverageShsOut": 411052632,
    "weightedAverageShsOutDil": 411052632,
    "link": "https://www.sec.gov/Archives/edgar/data/55067/000095012496003506/0000950124-96-003506-index.html",
    "finalLink": "https://www.sec.gov/Archives/edgar/data/55067/"
  },
  {
    "date": "1996-03-31",
    "symbol": "K",
    "reportedCurrency": "USD",
    "cik": "0000055067",
    "fillingDate": "1996-05-10",
    "acceptedDate": "1996-05-10 00:00:00",
    "calendarYear": "1996",
    "period": "Q1",
    "revenue": 1785900000,
    "costOfRevenue": 726600000,
    "grossProfit": 1059300000,
    "grossProfitRatio": 0.5931463128,
    "researchAndDevelopmentExpenses": 0,
    "generalAndAdministrativeExpenses": 0,
    "sellingAndMarketingExpenses": 0,
    "sellingGeneralAndAdministrativeExpenses": 647200000,
    "otherExpenses": 63800000,
    "operatingExpenses": 711000000,
    "costAndExpenses": 1437600000,
    "interestIncome": 0,
    "interestExpense": 0,
    "depreciationAndAmortization": 63800000,
    "ebitda": 412100000,
    "ebitdaratio": 0.2307520018,
    "operatingIncome": 348300000,
    "operatingIncomeRatio": 0.1950277171,
    "totalOtherIncomeExpensesNet": -22800000,
    "incomeBeforeTax": 325500000,
    "incomeBeforeTaxRatio": 0.1822610449,
    "incomeTaxExpense": 119400000,
    "netIncome": 206100000,
    "netIncomeRatio": 0.115403998,
    "eps": 0.48,
    "epsdiluted": 0.48,
    "weightedAverageShsOut": 429375000,
    "weightedAverageShsOutDil": 429375000,
    "link": "https://www.sec.gov/Archives/edgar/data/55067/000095012496002045/0000950124-96-002045-index.html",
    "finalLink": "https://www.sec.gov/Archives/edgar/data/55067/"
  },
  {
    "date": "1995-12-31",
    "symbol": "K",
    "reportedCurrency": "USD",
    "cik": "0000055067",
    "fillingDate": "1996-03-29",
    "acceptedDate": "1996-03-29 00:00:00",
    "calendarYear": "1995",
    "period": "Q4",
    "revenue": 1662900000,
    "costOfRevenue": 699700000,
    "grossProfit": 963200000,
    "grossProfitRatio": 0.5792290577,
    "researchAndDevelopmentExpenses": 0,
    "generalAndAdministrativeExpenses": 0,
    "sellingAndMarketingExpenses": 0,
    "sellingGeneralAndAdministrativeExpenses": 633500000,
    "otherExpenses": 53400000,
    "operatingExpenses": 686900000,
    "costAndExpenses": 1386600000,
    "interestIncome": 0,
    "interestExpense": 0,
    "depreciationAndAmortization": 53400000,
    "ebitda": 329700000,
    "ebitdaratio": 0.1982680859,
    "operatingIncome": 276300000,
    "operatingIncomeRatio": 0.1661555115,
    "totalOtherIncomeExpensesNet": -382000000,
    "incomeBeforeTax": -105700000,
    "incomeBeforeTaxRatio": -0.0635636539,
    "incomeTaxExpense": -34100000,
    "netIncome": -71600000,
    "netIncomeRatio": -0.0430573095,
    "eps": -0.17,
    "epsdiluted": -0.17,
    "weightedAverageShsOut": 429375000,
    "weightedAverageShsOutDil": 429375000,
    "link": "https://www.sec.gov/Archives/edgar/data/55067/000095012496001400/0000950124-96-001400-index.html",
    "finalLink": "https://www.sec.gov/Archives/edgar/data/55067/"
  },
  {
    "date": "1995-09-30",
    "symbol": "K",
    "reportedCurrency": "USD",
    "cik": "0000055067",
    "fillingDate": "1995-11-13",
    "acceptedDate": "1995-11-13 00:00:00",
    "calendarYear": "1995",
    "period": "Q3",
    "revenue": 1844700000,
    "costOfRevenue": 767200000,
    "grossProfit": 1077500000,
    "grossProfitRatio": 0.5841058167,
    "researchAndDevelopmentExpenses": 0,
    "generalAndAdministrativeExpenses": 0,
    "sellingAndMarketingExpenses": 0,
    "sellingGeneralAndAdministrativeExpenses": 633300000,
    "otherExpenses": 68400000,
    "operatingExpenses": 701700000,
    "costAndExpenses": 1468900000,
    "interestIncome": 0,
    "interestExpense": 0,
    "depreciationAndAmortization": 68400000,
    "ebitda": 444200000,
    "ebitdaratio": 0.2407979617,
    "operatingIncome": 375800000,
    "operatingIncomeRatio": 0.2037187619,
    "totalOtherIncomeExpensesNet": -10300000,
    "incomeBeforeTax": 365500000,
    "incomeBeforeTaxRatio": 0.1981351981,
    "incomeTaxExpense": 135500000,
    "netIncome": 230000000,
    "netIncomeRatio": 0.12468152,
    "eps": 0.53,
    "epsdiluted": 0.53,
    "weightedAverageShsOut": 433962264,
    "weightedAverageShsOutDil": 433962264,
    "link": "https://www.sec.gov/Archives/edgar/data/55067/000095012495003714/0000950124-95-003714-index.html",
    "finalLink": "https://www.sec.gov/Archives/edgar/data/55067/"
  }
]