[
  {
    "date": "2025-06-30",
    "symbol": "KDP",
    "reportedCurrency": "USD",
    "cik": "0001418135",
    "fillingDate": "2025-07-24",
    "acceptedDate": "2025-07-24 09:06:23",
    "calendarYear": "2025",
    "period": "Q2",
    "revenue": 4163000000,
    "costOfRevenue": 2002000000,
    "grossProfit": 2161000000,
    "grossProfitRatio": 0.5190968052,
    "researchAndDevelopmentExpenses": 0,
    "generalAndAdministrativeExpenses": 0,
    "sellingAndMarketingExpenses": 0,
    "sellingGeneralAndAdministrativeExpenses": 1269000000,
    "otherExpenses": 0,
    "operatingExpenses": 1269000000,
    "costAndExpenses": 3271000000,
    "interestIncome": 0,
    "interestExpense": 182000000,
    "depreciationAndAmortization": 185000000,
    "ebitda": 1085000000,
    "ebitdaratio": 0.2606293538,
    "operatingIncome": 892000000,
    "operatingIncomeRatio": 0.2142685563,
    "totalOtherIncomeExpensesNet": -174000000,
    "incomeBeforeTax": 718000000,
    "incomeBeforeTaxRatio": 0.1724717752,
    "incomeTaxExpense": 171000000,
    "netIncome": 547000000,
    "netIncomeRatio": 0.1313956282,
    "eps": 0.4,
    "epsdiluted": 0.4,
    "weightedAverageShsOut": 1358300000,
    "weightedAverageShsOutDil": 1362800000,
    "link": "https://www.sec.gov/Archives/edgar/data/1418135/000141813525000103/0001418135-25-000103-index.htm",
    "finalLink": "https://www.sec.gov/Archives/edgar/data/1418135/000141813525000103/kdp-20250630.htm"
  },
  {
    "date": "2025-03-31",
    "symbol": "KDP",
    "reportedCurrency": "USD",
    "cik": "0001418135",
    "fillingDate": "2025-04-24",
    "acceptedDate": "2025-04-24 08:39:03",
    "calendarYear": "2025",
    "period": "Q1",
    "revenue": 3635000000,
    "costOfRevenue": 1730000000,
    "grossProfit": 1905000000,
    "grossProfitRatio": 0.5240715268,
    "researchAndDevelopmentExpenses": 0,
    "generalAndAdministrativeExpenses": 0,
    "sellingAndMarketingExpenses": 0,
    "sellingGeneralAndAdministrativeExpenses": 1134000000,
    "otherExpenses": 0,
    "operatingExpenses": 1134000000,
    "costAndExpenses": 2864000000,
    "interestIncome": 0,
    "interestExpense": 119000000,
    "depreciationAndAmortization": 163000000,
    "ebitda": 942000000,
    "ebitdaratio": 0.2591471802,
    "operatingIncome": 771000000,
    "operatingIncomeRatio": 0.2121045392,
    "totalOtherIncomeExpensesNet": -111000000,
    "incomeBeforeTax": 660000000,
    "incomeBeforeTaxRatio": 0.181568088,
    "incomeTaxExpense": 143000000,
    "netIncome": 517000000,
    "netIncomeRatio": 0.1422283356,
    "eps": 0.38,
    "epsdiluted": 0.38,
    "weightedAverageShsOut": 1357100000,
    "weightedAverageShsOutDil": 1362200000,
    "link": "https://www.sec.gov/Archives/edgar/data/1418135/000141813525000061/0001418135-25-000061-index.htm",
    "finalLink": "https://www.sec.gov/Archives/edgar/data/1418135/000141813525000061/kdp-20250331.htm"
  },
  {
    "date": "2024-12-31",
    "symbol": "KDP",
    "reportedCurrency": "USD",
    "cik": "0001418135",
    "fillingDate": "2025-02-25",
    "acceptedDate": "2025-02-25 09:19:39",
    "calendarYear": "2024",
    "period": "Q4",
    "revenue": 4070000000,
    "costOfRevenue": 2027000000,
    "grossProfit": 2043000000,
    "grossProfitRatio": 0.501965602,
    "researchAndDevelopmentExpenses": 70000000,
    "generalAndAdministrativeExpenses": -1625000000,
    "sellingAndMarketingExpenses": 2567000000,
    "sellingGeneralAndAdministrativeExpenses": 942000000,
    "otherExpenses": 93000000,
    "operatingExpenses": 1105000000,
    "costAndExpenses": 3132000000,
    "interestIncome": 0,
    "interestExpense": 173000000,
    "depreciationAndAmortization": 183000000,
    "ebitda": 202000000,
    "ebitdaratio": 0.0496314496,
    "operatingIncome": 938000000,
    "operatingIncomeRatio": 0.2304668305,
    "totalOtherIncomeExpensesNet": -1092000000,
    "incomeBeforeTax": -154000000,
    "incomeBeforeTaxRatio": -0.0378378378,
    "incomeTaxExpense": -10000000,
    "netIncome": -144000000,
    "netIncomeRatio": -0.0353808354,
    "eps": -0.11,
    "epsdiluted": -0.11,
    "weightedAverageShsOut": 1362200000,
    "weightedAverageShsOutDil": 1368300000,
    "link": "https://www.sec.gov/Archives/edgar/data/1418135/000141813525000013/0001418135-25-000013-index.htm",
    "finalLink": "https://www.sec.gov/Archives/edgar/data/1418135/000141813525000013/kdp-20241231.htm"
  },
  {
    "date": "2024-09-30",
    "symbol": "KDP",
    "reportedCurrency": "USD",
    "cik": "0001418135",
    "fillingDate": "2024-10-24",
    "acceptedDate": "2024-10-24 09:28:15",
    "calendarYear": "2024",
    "period": "Q3",
    "revenue": 3891000000,
    "costOfRevenue": 1819000000,
    "grossProfit": 2072000000,
    "grossProfitRatio": 0.5325109226,
    "researchAndDevelopmentExpenses": 0,
    "generalAndAdministrativeExpenses": 0,
    "sellingAndMarketingExpenses": 0,
    "sellingGeneralAndAdministrativeExpenses": 1126000000,
    "otherExpenses": 0,
    "operatingExpenses": 1126000000,
    "costAndExpenses": 2945000000,
    "interestIncome": 0,
    "interestExpense": 175000000,
    "depreciationAndAmortization": 175000000,
    "ebitda": 1152000000,
    "ebitdaratio": 0.2960678489,
    "operatingIncome": 946000000,
    "operatingIncomeRatio": 0.2431251606,
    "totalOtherIncomeExpensesNet": -144000000,
    "incomeBeforeTax": 802000000,
    "incomeBeforeTaxRatio": 0.2061166795,
    "incomeTaxExpense": 186000000,
    "netIncome": 616000000,
    "netIncomeRatio": 0.1583140581,
    "eps": 0.45,
    "epsdiluted": 0.45,
    "weightedAverageShsOut": 1356200000,
    "weightedAverageShsOutDil": 1361900000,
    "link": "https://www.sec.gov/Archives/edgar/data/1418135/000141813524000090/0001418135-24-000090-index.htm",
    "finalLink": "https://www.sec.gov/Archives/edgar/data/1418135/000141813524000090/kdp-20240930.htm"
  },
  {
    "date": "2024-06-30",
    "symbol": "KDP",
    "reportedCurrency": "USD",
    "cik": "0001418135",
    "fillingDate": "2024-07-25",
    "acceptedDate": "2024-07-25 09:23:14",
    "calendarYear": "2024",
    "period": "Q2",
    "revenue": 3922000000,
    "costOfRevenue": 1841000000,
    "grossProfit": 2081000000,
    "grossProfitRatio": 0.5305966344,
    "researchAndDevelopmentExpenses": 0,
    "generalAndAdministrativeExpenses": 0,
    "sellingAndMarketingExpenses": 0,
    "sellingGeneralAndAdministrativeExpenses": 1163000000,
    "otherExpenses": 0,
    "operatingExpenses": 1163000000,
    "costAndExpenses": 3004000000,
    "interestIncome": 0,
    "interestExpense": 182000000,
    "depreciationAndAmortization": 205000000,
    "ebitda": 1059000000,
    "ebitdaratio": 0.2700152983,
    "operatingIncome": 918000000,
    "operatingIncomeRatio": 0.2340642529,
    "totalOtherIncomeExpensesNet": -246000000,
    "incomeBeforeTax": 672000000,
    "incomeBeforeTaxRatio": 0.1713411525,
    "incomeTaxExpense": 157000000,
    "netIncome": 515000000,
    "netIncomeRatio": 0.1313105558,
    "eps": 0.38,
    "epsdiluted": 0.38,
    "weightedAverageShsOut": 1355600000,
    "weightedAverageShsOutDil": 1361200000,
    "link": "https://www.sec.gov/Archives/edgar/data/1418135/000141813524000073/0001418135-24-000073-index.htm",
    "finalLink": "https://www.sec.gov/Archives/edgar/data/1418135/000141813524000073/kdp-20240630.htm"
  },
  {
    "date": "2024-03-31",
    "symbol": "KDP",
    "reportedCurrency": "USD",
    "cik": "0001418135",
    "fillingDate": "2024-04-25",
    "acceptedDate": "2024-04-25 09:21:18",
    "calendarYear": "2024",
    "period": "Q1",
    "revenue": 3468000000,
    "costOfRevenue": 1583000000,
    "grossProfit": 1885000000,
    "grossProfitRatio": 0.5435409458,
    "researchAndDevelopmentExpenses": 0,
    "generalAndAdministrativeExpenses": 0,
    "sellingAndMarketingExpenses": 0,
    "sellingGeneralAndAdministrativeExpenses": 1119000000,
    "otherExpenses": 0,
    "operatingExpenses": 1119000000,
    "costAndExpenses": 2702000000,
    "interestIncome": 0,
    "interestExpense": 152000000,
    "depreciationAndAmortization": 170000000,
    "ebitda": 916000000,
    "ebitdaratio": 0.2641291811,
    "operatingIncome": 766000000,
    "operatingIncomeRatio": 0.2208765859,
    "totalOtherIncomeExpensesNet": -172000000,
    "incomeBeforeTax": 594000000,
    "incomeBeforeTaxRatio": 0.1712802768,
    "incomeTaxExpense": 140000000,
    "netIncome": 454000000,
    "netIncomeRatio": 0.130911188,
    "eps": 0.33,
    "epsdiluted": 0.33,
    "weightedAverageShsOut": 1380700000,
    "weightedAverageShsOutDil": 1387700000,
    "link": "https://www.sec.gov/Archives/edgar/data/1418135/000141813524000054/0001418135-24-000054-index.htm",
    "finalLink": "https://www.sec.gov/Archives/edgar/data/1418135/000141813524000054/kdp-20240331.htm"
  },
  {
    "date": "2023-12-31",
    "symbol": "KDP",
    "reportedCurrency": "USD",
    "cik": "0001418135",
    "fillingDate": "2024-02-22",
    "acceptedDate": "2024-02-22 09:06:02",
    "calendarYear": "2023",
    "period": "Q4",
    "revenue": 3867000000,
    "costOfRevenue": 1842000000,
    "grossProfit": 2025000000,
    "grossProfitRatio": 0.5236617533,
    "researchAndDevelopmentExpenses": 66000000,
    "generalAndAdministrativeExpenses": -1452000000,
    "sellingAndMarketingExpenses": 2423000000,
    "sellingGeneralAndAdministrativeExpenses": 971000000,
    "otherExpenses": 20000000,
    "operatingExpenses": 1057000000,
    "costAndExpenses": 2899000000,
    "interestIncome": 0,
    "interestExpense": 141000000,
    "depreciationAndAmortization": 182000000,
    "ebitda": 1222000000,
    "ebitdaratio": 0.3160072408,
    "operatingIncome": 968000000,
    "operatingIncomeRatio": 0.250323248,
    "totalOtherIncomeExpensesNet": -69000000,
    "incomeBeforeTax": 899000000,
    "incomeBeforeTaxRatio": 0.2324799586,
    "incomeTaxExpense": 206000000,
    "netIncome": 693000000,
    "netIncomeRatio": 0.1792086889,
    "eps": 0.5,
    "epsdiluted": 0.49,
    "weightedAverageShsOut": 1393600000,
    "weightedAverageShsOutDil": 1401300000,
    "link": "https://www.sec.gov/Archives/edgar/data/1418135/000141813524000007/0001418135-24-000007-index.htm",
    "finalLink": "https://www.sec.gov/Archives/edgar/data/1418135/000141813524000007/kdp-20231231.htm"
  },
  {
    "date": "2023-09-30",
    "symbol": "KDP",
    "reportedCurrency": "USD",
    "cik": "0001418135",
    "fillingDate": "2023-10-26",
    "acceptedDate": "2023-10-26 09:14:23",
    "calendarYear": "2023",
    "period": "Q3",
    "revenue": 3805000000,
    "costOfRevenue": 1780000000,
    "grossProfit": 2025000000,
    "grossProfitRatio": 0.5321944809,
    "researchAndDevelopmentExpenses": 0,
    "generalAndAdministrativeExpenses": 0,
    "sellingAndMarketingExpenses": 0,
    "sellingGeneralAndAdministrativeExpenses": 1158000000,
    "otherExpenses": 0,
    "operatingExpenses": 1158000000,
    "costAndExpenses": 2938000000,
    "interestIncome": 0,
    "interestExpense": 135000000,
    "depreciationAndAmortization": 177000000,
    "ebitda": 976000000,
    "ebitdaratio": 0.2565045992,
    "operatingIncome": 867000000,
    "operatingIncomeRatio": 0.2278580815,
    "totalOtherIncomeExpensesNet": -203000000,
    "incomeBeforeTax": 664000000,
    "incomeBeforeTaxRatio": 0.1745072273,
    "incomeTaxExpense": 146000000,
    "netIncome": 518000000,
    "netIncomeRatio": 0.1361366623,
    "eps": 0.37,
    "epsdiluted": 0.37,
    "weightedAverageShsOut": 1397400000,
    "weightedAverageShsOutDil": 1406200000,
    "link": "https://www.sec.gov/Archives/edgar/data/1418135/000141813523000018/0001418135-23-000018-index.htm",
    "finalLink": "https://www.sec.gov/Archives/edgar/data/1418135/000141813523000018/kdp-20230930.htm"
  },
  {
    "date": "2023-06-30",
    "symbol": "KDP",
    "reportedCurrency": "USD",
    "cik": "0001418135",
    "fillingDate": "2023-07-27",
    "acceptedDate": "2023-07-27 09:27:30",
    "calendarYear": "2023",
    "period": "Q2",
    "revenue": 3789000000,
    "costOfRevenue": 1810000000,
    "grossProfit": 1979000000,
    "grossProfitRatio": 0.5223013988,
    "researchAndDevelopmentExpenses": 0,
    "generalAndAdministrativeExpenses": 0,
    "sellingAndMarketingExpenses": 0,
    "sellingGeneralAndAdministrativeExpenses": 1187000000,
    "otherExpenses": 0,
    "operatingExpenses": 1187000000,
    "costAndExpenses": 2997000000,
    "interestIncome": 0,
    "interestExpense": 133000000,
    "depreciationAndAmortization": 175000000,
    "ebitda": 921000000,
    "ebitdaratio": 0.2430720507,
    "operatingIncome": 792000000,
    "operatingIncomeRatio": 0.2090261283,
    "totalOtherIncomeExpensesNet": -179000000,
    "incomeBeforeTax": 613000000,
    "incomeBeforeTaxRatio": 0.1617841119,
    "incomeTaxExpense": 110000000,
    "netIncome": 503000000,
    "netIncomeRatio": 0.1327527052,
    "eps": 0.36,
    "epsdiluted": 0.36,
    "weightedAverageShsOut": 1400300000,
    "weightedAverageShsOutDil": 1409100000,
    "link": "https://www.sec.gov/Archives/edgar/data/1418135/000141813523000014/0001418135-23-000014-index.htm",
    "finalLink": "https://www.sec.gov/Archives/edgar/data/1418135/000141813523000014/kdp-20230630.htm"
  },
  {
    "date": "2023-03-31",
    "symbol": "KDP",
    "reportedCurrency": "USD",
    "cik": "0001418135",
    "fillingDate": "2023-04-27",
    "acceptedDate": "2023-04-27 09:06:19",
    "calendarYear": "2023",
    "period": "Q1",
    "revenue": 3353000000,
    "costOfRevenue": 1703000000,
    "grossProfit": 1650000000,
    "grossProfitRatio": 0.4920966299,
    "researchAndDevelopmentExpenses": 0,
    "generalAndAdministrativeExpenses": 0,
    "sellingAndMarketingExpenses": 0,
    "sellingGeneralAndAdministrativeExpenses": 1072000000,
    "otherExpenses": 0,
    "operatingExpenses": 1072000000,
    "costAndExpenses": 2775000000,
    "interestIncome": 0,
    "interestExpense": 187000000,
    "depreciationAndAmortization": 186000000,
    "ebitda": 954000000,
    "ebitdaratio": 0.2845213242,
    "operatingIncome": 578000000,
    "operatingIncomeRatio": 0.1723829407,
    "totalOtherIncomeExpensesNet": 3000000,
    "incomeBeforeTax": 581000000,
    "incomeBeforeTaxRatio": 0.1732776618,
    "incomeTaxExpense": 114000000,
    "netIncome": 467000000,
    "netIncomeRatio": 0.1392782583,
    "eps": 0.33,
    "epsdiluted": 0.33,
    "weightedAverageShsOut": 1406200000,
    "weightedAverageShsOutDil": 1417000000,
    "link": "https://www.sec.gov/Archives/edgar/data/1418135/000141813523000009/0001418135-23-000009-index.htm",
    "finalLink": "https://www.sec.gov/Archives/edgar/data/1418135/000141813523000009/kdp-20230331.htm"
  },
  {
    "date": "2022-12-31",
    "symbol": "KDP",
    "reportedCurrency": "USD",
    "cik": "0001418135",
    "fillingDate": "2023-02-23",
    "acceptedDate": "2023-02-23 16:09:13",
    "calendarYear": "2022",
    "period": "Q4",
    "revenue": 3803000000,
    "costOfRevenue": 1903000000,
    "grossProfit": 1900000000,
    "grossProfitRatio": 0.4996055745,
    "researchAndDevelopmentExpenses": 65000000,
    "generalAndAdministrativeExpenses": 0,
    "sellingAndMarketingExpenses": 0,
    "sellingGeneralAndAdministrativeExpenses": 1072000000,
    "otherExpenses": -65000000,
    "operatingExpenses": 1072000000,
    "costAndExpenses": 2975000000,
    "interestIncome": 0,
    "interestExpense": 113000000,
    "depreciationAndAmortization": 179000000,
    "ebitda": 850000000,
    "ebitdaratio": 0.223507757,
    "operatingIncome": 828000000,
    "operatingIncomeRatio": 0.2177228504,
    "totalOtherIncomeExpensesNet": -270000000,
    "incomeBeforeTax": 558000000,
    "incomeBeforeTaxRatio": 0.1467262687,
    "incomeTaxExpense": 105000000,
    "netIncome": 453000000,
    "netIncomeRatio": 0.119116487,
    "eps": 0.32,
    "epsdiluted": 0.32,
    "weightedAverageShsOut": 1415500000,
    "weightedAverageShsOutDil": 1427500000,
    "link": "https://www.sec.gov/Archives/edgar/data/1418135/000141813523000003/0001418135-23-000003-index.htm",
    "finalLink": "https://www.sec.gov/Archives/edgar/data/1418135/000141813523000003/kdp-20221231.htm"
  },
  {
    "date": "2022-09-30",
    "symbol": "KDP",
    "reportedCurrency": "USD",
    "cik": "0001418135",
    "fillingDate": "2022-10-27",
    "acceptedDate": "2022-10-27 16:29:45",
    "calendarYear": "2022",
    "period": "Q3",
    "revenue": 3622000000,
    "costOfRevenue": 1772000000,
    "grossProfit": 1850000000,
    "grossProfitRatio": 0.5107675318,
    "researchAndDevelopmentExpenses": 0,
    "generalAndAdministrativeExpenses": 0,
    "sellingAndMarketingExpenses": 0,
    "sellingGeneralAndAdministrativeExpenses": 1061000000,
    "otherExpenses": 0,
    "operatingExpenses": 1061000000,
    "costAndExpenses": 2833000000,
    "interestIncome": 0,
    "interestExpense": 111000000,
    "depreciationAndAmortization": 172000000,
    "ebitda": 466000000,
    "ebitdaratio": 0.1286581999,
    "operatingIncome": 789000000,
    "operatingIncomeRatio": 0.21783545,
    "totalOtherIncomeExpensesNet": -606000000,
    "incomeBeforeTax": 183000000,
    "incomeBeforeTaxRatio": 0.0505245721,
    "incomeTaxExpense": 4000000,
    "netIncome": 180000000,
    "netIncomeRatio": 0.0496963004,
    "eps": 0.13,
    "epsdiluted": 0.13,
    "weightedAverageShsOut": 1416100000,
    "weightedAverageShsOutDil": 1427200000,
    "link": "https://www.sec.gov/Archives/edgar/data/1418135/000141813522000023/0001418135-22-000023-index.htm",
    "finalLink": "https://www.sec.gov/Archives/edgar/data/1418135/000141813522000023/kdp-20220930.htm"
  },
  {
    "date": "2022-06-30",
    "symbol": "KDP",
    "reportedCurrency": "USD",
    "cik": "0001418135",
    "fillingDate": "2022-07-28",
    "acceptedDate": "2022-07-28 16:49:12",
    "calendarYear": "2022",
    "period": "Q2",
    "revenue": 3554000000,
    "costOfRevenue": 1758000000,
    "grossProfit": 1796000000,
    "grossProfitRatio": 0.5053460889,
    "researchAndDevelopmentExpenses": 0,
    "generalAndAdministrativeExpenses": 0,
    "sellingAndMarketingExpenses": 0,
    "sellingGeneralAndAdministrativeExpenses": 1130000000,
    "otherExpenses": 0,
    "operatingExpenses": 1130000000,
    "costAndExpenses": 2888000000,
    "interestIncome": 0,
    "interestExpense": 88000000,
    "depreciationAndAmortization": 176000000,
    "ebitda": 477000000,
    "ebitdaratio": 0.134214969,
    "operatingIncome": 666000000,
    "operatingIncomeRatio": 0.1873944851,
    "totalOtherIncomeExpensesNet": -453000000,
    "incomeBeforeTax": 213000000,
    "incomeBeforeTaxRatio": 0.0599324705,
    "incomeTaxExpense": -5000000,
    "netIncome": 218000000,
    "netIncomeRatio": 0.061339336,
    "eps": 0.15,
    "epsdiluted": 0.15,
    "weightedAverageShsOut": 1417500000,
    "weightedAverageShsOutDil": 1428600000,
    "link": "https://www.sec.gov/Archives/edgar/data/1418135/000141813522000017/0001418135-22-000017-index.htm",
    "finalLink": "https://www.sec.gov/Archives/edgar/data/1418135/000141813522000017/kdp-20220630.htm"
  },
  {
    "date": "2022-03-31",
    "symbol": "KDP",
    "reportedCurrency": "USD",
    "cik": "0001418135",
    "fillingDate": "2022-04-28",
    "acceptedDate": "2022-04-28 16:19:18",
    "calendarYear": "2022",
    "period": "Q1",
    "revenue": 3078000000,
    "costOfRevenue": 1592000000,
    "grossProfit": 1486000000,
    "grossProfitRatio": 0.4827810266,
    "researchAndDevelopmentExpenses": 0,
    "generalAndAdministrativeExpenses": 0,
    "sellingAndMarketingExpenses": 0,
    "sellingGeneralAndAdministrativeExpenses": 942000000,
    "otherExpenses": 0,
    "operatingExpenses": 942000000,
    "costAndExpenses": 2534000000,
    "interestIncome": 0,
    "interestExpense": 255000000,
    "depreciationAndAmortization": 182000000,
    "ebitda": 1202000000,
    "ebitdaratio": 0.3905133203,
    "operatingIncome": 544000000,
    "operatingIncomeRatio": 0.1767381417,
    "totalOtherIncomeExpensesNet": 221000000,
    "incomeBeforeTax": 765000000,
    "incomeBeforeTaxRatio": 0.2485380117,
    "incomeTaxExpense": 180000000,
    "netIncome": 585000000,
    "netIncomeRatio": 0.1900584795,
    "eps": 0.41,
    "epsdiluted": 0.41,
    "weightedAverageShsOut": 1418200000,
    "weightedAverageShsOutDil": 1429700000,
    "link": "https://www.sec.gov/Archives/edgar/data/1418135/000141813522000011/0001418135-22-000011-index.htm",
    "finalLink": "https://www.sec.gov/Archives/edgar/data/1418135/000141813522000011/kdp-20220331.htm"
  },
  {
    "date": "2021-12-31",
    "symbol": "KDP",
    "reportedCurrency": "USD",
    "cik": "0001418135",
    "fillingDate": "2022-02-24",
    "acceptedDate": "2022-02-24 16:22:20",
    "calendarYear": "2021",
    "period": "Q4",
    "revenue": 3391000000,
    "costOfRevenue": 1715000000,
    "grossProfit": 1676000000,
    "grossProfitRatio": 0.4942494839,
    "researchAndDevelopmentExpenses": 0,
    "generalAndAdministrativeExpenses": 0,
    "sellingAndMarketingExpenses": 0,
    "sellingGeneralAndAdministrativeExpenses": 969000000,
    "otherExpenses": 6000000,
    "operatingExpenses": 975000000,
    "costAndExpenses": 2690000000,
    "interestIncome": 0,
    "interestExpense": 124000000,
    "depreciationAndAmortization": 185000000,
    "ebitda": 1455000000,
    "ebitdaratio": 0.4290769684,
    "operatingIncome": 701000000,
    "operatingIncomeRatio": 0.2067236803,
    "totalOtherIncomeExpensesNet": 408000000,
    "incomeBeforeTax": 1109000000,
    "incomeBeforeTaxRatio": 0.3270421705,
    "incomeTaxExpense": 266000000,
    "netIncome": 843000000,
    "netIncomeRatio": 0.2485992333,
    "eps": 0.59,
    "epsdiluted": 0.59,
    "weightedAverageShsOut": 1418000000,
    "weightedAverageShsOutDil": 1429000000,
    "link": "https://www.sec.gov/Archives/edgar/data/1418135/000141813522000005/0001418135-22-000005-index.htm",
    "finalLink": "https://www.sec.gov/Archives/edgar/data/1418135/000141813522000005/kdp-20211231.htm"
  },
  {
    "date": "2021-09-30",
    "symbol": "KDP",
    "reportedCurrency": "USD",
    "cik": "0001418135",
    "fillingDate": "2021-10-28",
    "acceptedDate": "2021-10-28 16:16:57",
    "calendarYear": "2021",
    "period": "Q3",
    "revenue": 3250000000,
    "costOfRevenue": 1559000000,
    "grossProfit": 1691000000,
    "grossProfitRatio": 0.5203076923,
    "researchAndDevelopmentExpenses": 0,
    "generalAndAdministrativeExpenses": 0,
    "sellingAndMarketingExpenses": 0,
    "sellingGeneralAndAdministrativeExpenses": 914000000,
    "otherExpenses": 0,
    "operatingExpenses": 914000000,
    "costAndExpenses": 2473000000,
    "interestIncome": 0,
    "interestExpense": 109000000,
    "depreciationAndAmortization": 170000000,
    "ebitda": 957000000,
    "ebitdaratio": 0.2944615385,
    "operatingIncome": 777000000,
    "operatingIncomeRatio": 0.2390769231,
    "totalOtherIncomeExpensesNet": -99000000,
    "incomeBeforeTax": 678000000,
    "incomeBeforeTaxRatio": 0.2086153846,
    "incomeTaxExpense": 149000000,
    "netIncome": 530000000,
    "netIncomeRatio": 0.1630769231,
    "eps": 0.37,
    "epsdiluted": 0.37,
    "weightedAverageShsOut": 1417600000,
    "weightedAverageShsOutDil": 1428500000,
    "link": "https://www.sec.gov/Archives/edgar/data/1418135/000141813521000028/0001418135-21-000028-index.htm",
    "finalLink": "https://www.sec.gov/Archives/edgar/data/1418135/000141813521000028/kdp-20210930.htm"
  },
  {
    "date": "2021-06-30",
    "symbol": "KDP",
    "reportedCurrency": "USD",
    "cik": "0001418135",
    "fillingDate": "2021-07-29",
    "acceptedDate": "2021-07-29 16:07:07",
    "calendarYear": "2021",
    "period": "Q2",
    "revenue": 3140000000,
    "costOfRevenue": 1471000000,
    "grossProfit": 1669000000,
    "grossProfitRatio": 0.5315286624,
    "researchAndDevelopmentExpenses": 0,
    "generalAndAdministrativeExpenses": 0,
    "sellingAndMarketingExpenses": 0,
    "sellingGeneralAndAdministrativeExpenses": 939000000,
    "otherExpenses": 0,
    "operatingExpenses": 939000000,
    "costAndExpenses": 2410000000,
    "interestIncome": 0,
    "interestExpense": 120000000,
    "depreciationAndAmortization": 178000000,
    "ebitda": 911000000,
    "ebitdaratio": 0.2901273885,
    "operatingIncome": 730000000,
    "operatingIncomeRatio": 0.2324840764,
    "totalOtherIncomeExpensesNet": -117000000,
    "incomeBeforeTax": 613000000,
    "incomeBeforeTaxRatio": 0.1952229299,
    "incomeTaxExpense": 165000000,
    "netIncome": 448000000,
    "netIncomeRatio": 0.1426751592,
    "eps": 0.32,
    "epsdiluted": 0.31,
    "weightedAverageShsOut": 1417400000,
    "weightedAverageShsOutDil": 1428100000,
    "link": "https://www.sec.gov/Archives/edgar/data/1418135/000141813521000018/0001418135-21-000018-index.htm",
    "finalLink": "https://www.sec.gov/Archives/edgar/data/1418135/000141813521000018/kdp-20210630.htm"
  },
  {
    "date": "2021-03-31",
    "symbol": "KDP",
    "reportedCurrency": "USD",
    "cik": "0001418135",
    "fillingDate": "2021-04-29",
    "acceptedDate": "2021-04-29 16:50:15",
    "calendarYear": "2021",
    "period": "Q1",
    "revenue": 2902000000,
    "costOfRevenue": 1376000000,
    "grossProfit": 1526000000,
    "grossProfitRatio": 0.5258442453,
    "researchAndDevelopmentExpenses": 0,
    "generalAndAdministrativeExpenses": 0,
    "sellingAndMarketingExpenses": 0,
    "sellingGeneralAndAdministrativeExpenses": 870000000,
    "otherExpenses": 0,
    "operatingExpenses": 870000000,
    "costAndExpenses": 2246000000,
    "interestIncome": 0,
    "interestExpense": 132000000,
    "depreciationAndAmortization": 175000000,
    "ebitda": 705000000,
    "ebitdaratio": 0.2429359063,
    "operatingIncome": 656000000,
    "operatingIncomeRatio": 0.2260509993,
    "totalOtherIncomeExpensesNet": -258000000,
    "incomeBeforeTax": 398000000,
    "incomeBeforeTaxRatio": 0.1371467953,
    "incomeTaxExpense": 73000000,
    "netIncome": 325000000,
    "netIncomeRatio": 0.1119917298,
    "eps": 0.23,
    "epsdiluted": 0.23,
    "weightedAverageShsOut": 1409200000,
    "weightedAverageShsOutDil": 1425600000,
    "link": "https://www.sec.gov/Archives/edgar/data/1418135/000141813521000011/0001418135-21-000011-index.htm",
    "finalLink": "https://www.sec.gov/Archives/edgar/data/1418135/000141813521000011/kdp-20210331.htm"
  },
  {
    "date": "2020-12-31",
    "symbol": "KDP",
    "reportedCurrency": "USD",
    "cik": "0001418135",
    "fillingDate": "2021-02-25",
    "acceptedDate": "2021-02-25 14:32:58",
    "calendarYear": "2020",
    "period": "Q4",
    "revenue": 3121000000,
    "costOfRevenue": 1412000000,
    "grossProfit": 1709000000,
    "grossProfitRatio": 0.5475809036,
    "researchAndDevelopmentExpenses": 69000000,
    "generalAndAdministrativeExpenses": 0,
    "sellingAndMarketingExpenses": 0,
    "sellingGeneralAndAdministrativeExpenses": 952000000,
    "otherExpenses": -69000000,
    "operatingExpenses": 952000000,
    "costAndExpenses": 2364000000,
    "interestIncome": 0,
    "interestExpense": 148000000,
    "depreciationAndAmortization": 123000000,
    "ebitda": 829000000,
    "ebitdaratio": 0.2656199936,
    "operatingIncome": 757000000,
    "operatingIncomeRatio": 0.2425504646,
    "totalOtherIncomeExpensesNet": -199000000,
    "incomeBeforeTax": 558000000,
    "incomeBeforeTaxRatio": 0.1787888497,
    "incomeTaxExpense": 130000000,
    "netIncome": 428000000,
    "netIncomeRatio": 0.1371355335,
    "eps": 0.3,
    "epsdiluted": 0.3,
    "weightedAverageShsOut": 1407300000,
    "weightedAverageShsOutDil": 1423800000,
    "link": "https://www.sec.gov/Archives/edgar/data/1418135/000141813521000005/0001418135-21-000005-index.htm",
    "finalLink": "https://www.sec.gov/Archives/edgar/data/1418135/000141813521000005/kdp-20201231.htm"
  },
  {
    "date": "2020-09-30",
    "symbol": "KDP",
    "reportedCurrency": "USD",
    "cik": "0001418135",
    "fillingDate": "2020-10-29",
    "acceptedDate": "2020-10-29 17:05:03",
    "calendarYear": "2020",
    "period": "Q3",
    "revenue": 3020000000,
    "costOfRevenue": 1390000000,
    "grossProfit": 1630000000,
    "grossProfitRatio": 0.5397350993,
    "researchAndDevelopmentExpenses": 0,
    "generalAndAdministrativeExpenses": 0,
    "sellingAndMarketingExpenses": 0,
    "sellingGeneralAndAdministrativeExpenses": 872000000,
    "otherExpenses": 0,
    "operatingExpenses": 872000000,
    "costAndExpenses": 2262000000,
    "interestIncome": 0,
    "interestExpense": 148000000,
    "depreciationAndAmortization": 123000000,
    "ebitda": 855000000,
    "ebitdaratio": 0.2831125828,
    "operatingIncome": 758000000,
    "operatingIncomeRatio": 0.2509933775,
    "totalOtherIncomeExpensesNet": -174000000,
    "incomeBeforeTax": 584000000,
    "incomeBeforeTaxRatio": 0.1933774834,
    "incomeTaxExpense": 141000000,
    "netIncome": 443000000,
    "netIncomeRatio": 0.1466887417,
    "eps": 0.31,
    "epsdiluted": 0.31,
    "weightedAverageShsOut": 1407300000,
    "weightedAverageShsOutDil": 1422900000,
    "link": "https://www.sec.gov/Archives/edgar/data/1418135/000141813520000031/0001418135-20-000031-index.htm",
    "finalLink": "https://www.sec.gov/Archives/edgar/data/1418135/000141813520000031/kdp-10qx93020.htm"
  },
  {
    "date": "2020-06-30",
    "symbol": "KDP",
    "reportedCurrency": "USD",
    "cik": "0001418135",
    "fillingDate": "2020-07-30",
    "acceptedDate": "2020-07-30 18:43:24",
    "calendarYear": "2020",
    "period": "Q2",
    "revenue": 2864000000,
    "costOfRevenue": 1298000000,
    "grossProfit": 1566000000,
    "grossProfitRatio": 0.5467877095,
    "researchAndDevelopmentExpenses": 0,
    "generalAndAdministrativeExpenses": 0,
    "sellingAndMarketingExpenses": 0,
    "sellingGeneralAndAdministrativeExpenses": 925000000,
    "otherExpenses": 0,
    "operatingExpenses": 925000000,
    "costAndExpenses": 2223000000,
    "interestIncome": 0,
    "interestExpense": 152000000,
    "depreciationAndAmortization": 118000000,
    "ebitda": 676000000,
    "ebitdaratio": 0.2360335196,
    "operatingIncome": 641000000,
    "operatingIncomeRatio": 0.2238128492,
    "totalOtherIncomeExpensesNet": -235000000,
    "incomeBeforeTax": 406000000,
    "incomeBeforeTaxRatio": 0.1417597765,
    "incomeTaxExpense": 108000000,
    "netIncome": 298000000,
    "netIncomeRatio": 0.1040502793,
    "eps": 0.21,
    "epsdiluted": 0.21,
    "weightedAverageShsOut": 1407200000,
    "weightedAverageShsOutDil": 1421500000,
    "link": "https://www.sec.gov/Archives/edgar/data/1418135/000141813520000023/0001418135-20-000023-index.htm",
    "finalLink": "https://www.sec.gov/Archives/edgar/data/1418135/000141813520000023/kdp-10qx63020.htm"
  },
  {
    "date": "2020-03-31",
    "symbol": "KDP",
    "reportedCurrency": "USD",
    "cik": "0001418135",
    "fillingDate": "2020-04-30",
    "acceptedDate": "2020-04-30 17:29:54",
    "calendarYear": "2020",
    "period": "Q1",
    "revenue": 2613000000,
    "costOfRevenue": 1200000000,
    "grossProfit": 1413000000,
    "grossProfitRatio": 0.5407577497,
    "researchAndDevelopmentExpenses": 0,
    "generalAndAdministrativeExpenses": 0,
    "sellingAndMarketingExpenses": 0,
    "sellingGeneralAndAdministrativeExpenses": 897000000,
    "otherExpenses": 0,
    "operatingExpenses": 897000000,
    "costAndExpenses": 2097000000,
    "interestIncome": 0,
    "interestExpense": 149000000,
    "depreciationAndAmortization": 131000000,
    "ebitda": 485000000,
    "ebitdaratio": 0.1856104095,
    "operatingIncome": 516000000,
    "operatingIncomeRatio": 0.1974741676,
    "totalOtherIncomeExpensesNet": -311000000,
    "incomeBeforeTax": 205000000,
    "incomeBeforeTaxRatio": 0.0784538844,
    "incomeTaxExpense": 49000000,
    "netIncome": 156000000,
    "netIncomeRatio": 0.0597014925,
    "eps": 0.11,
    "epsdiluted": 0.11,
    "weightedAverageShsOut": 1407000000,
    "weightedAverageShsOutDil": 1420100000,
    "link": "https://www.sec.gov/Archives/edgar/data/1418135/000141813520000018/0001418135-20-000018-index.htm",
    "finalLink": "https://www.sec.gov/Archives/edgar/data/1418135/000141813520000018/kdp-10qx33120.htm"
  },
  {
    "date": "2019-12-31",
    "symbol": "KDP",
    "reportedCurrency": "USD",
    "cik": "0001418135",
    "fillingDate": "2020-02-27",
    "acceptedDate": "2020-02-27 16:52:22",
    "calendarYear": "2019",
    "period": "Q4",
    "revenue": 2934000000,
    "costOfRevenue": 1341000000,
    "grossProfit": 1593000000,
    "grossProfitRatio": 0.5429447853,
    "researchAndDevelopmentExpenses": 81000000,
    "generalAndAdministrativeExpenses": 0,
    "sellingAndMarketingExpenses": 0,
    "sellingGeneralAndAdministrativeExpenses": 904000000,
    "otherExpenses": -81000000,
    "operatingExpenses": 904000000,
    "costAndExpenses": 2245000000,
    "interestIncome": 0,
    "interestExpense": 154000000,
    "depreciationAndAmortization": 333000000,
    "ebitda": 1037000000,
    "ebitdaratio": 0.3534423995,
    "operatingIncome": 689000000,
    "operatingIncomeRatio": 0.2348329925,
    "totalOtherIncomeExpensesNet": -139000000,
    "incomeBeforeTax": 550000000,
    "incomeBeforeTaxRatio": 0.187457396,
    "incomeTaxExpense": 144000000,
    "netIncome": 406000000,
    "netIncomeRatio": 0.1383776414,
    "eps": 0.29,
    "epsdiluted": 0.29,
    "weightedAverageShsOut": 1406900000,
    "weightedAverageShsOutDil": 1419900000,
    "link": "https://www.sec.gov/Archives/edgar/data/1418135/000141813520000007/0001418135-20-000007-index.htm",
    "finalLink": "https://www.sec.gov/Archives/edgar/data/1418135/000141813520000007/kdp-10kx12312019.htm"
  },
  {
    "date": "2019-09-30",
    "symbol": "KDP",
    "reportedCurrency": "USD",
    "cik": "0001418135",
    "fillingDate": "2019-11-07",
    "acceptedDate": "2019-11-07 17:09:50",
    "calendarYear": "2019",
    "period": "Q3",
    "revenue": 2870000000,
    "costOfRevenue": 1261000000,
    "grossProfit": 1609000000,
    "grossProfitRatio": 0.5606271777,
    "researchAndDevelopmentExpenses": 0,
    "generalAndAdministrativeExpenses": 0,
    "sellingAndMarketingExpenses": 0,
    "sellingGeneralAndAdministrativeExpenses": 891000000,
    "otherExpenses": 0,
    "operatingExpenses": 891000000,
    "costAndExpenses": 2152000000,
    "interestIncome": 0,
    "interestExpense": 158000000,
    "depreciationAndAmortization": 130000000,
    "ebitda": 701000000,
    "ebitdaratio": 0.2442508711,
    "operatingIncome": 718000000,
    "operatingIncomeRatio": 0.250174216,
    "totalOtherIncomeExpensesNet": -305000000,
    "incomeBeforeTax": 413000000,
    "incomeBeforeTaxRatio": 0.143902439,
    "incomeTaxExpense": 109000000,
    "netIncome": 304000000,
    "netIncomeRatio": 0.1059233449,
    "eps": 0.22,
    "epsdiluted": 0.21,
    "weightedAverageShsOut": 1406800000,
    "weightedAverageShsOutDil": 1419400000,
    "link": "https://www.sec.gov/Archives/edgar/data/1418135/000141813519000080/0001418135-19-000080-index.htm",
    "finalLink": "https://www.sec.gov/Archives/edgar/data/1418135/000141813519000080/kdp-10qx93019.htm"
  },
  {
    "date": "2019-06-30",
    "symbol": "KDP",
    "reportedCurrency": "USD",
    "cik": "0001418135",
    "fillingDate": "2019-08-08",
    "acceptedDate": "2019-08-08 17:25:49",
    "calendarYear": "2019",
    "period": "Q2",
    "revenue": 2812000000,
    "costOfRevenue": 1188000000,
    "grossProfit": 1624000000,
    "grossProfitRatio": 0.5775248933,
    "researchAndDevelopmentExpenses": 0,
    "generalAndAdministrativeExpenses": 0,
    "sellingAndMarketingExpenses": 0,
    "sellingGeneralAndAdministrativeExpenses": 994000000,
    "otherExpenses": 0,
    "operatingExpenses": 994000000,
    "costAndExpenses": 2182000000,
    "interestIncome": 0,
    "interestExpense": 168000000,
    "depreciationAndAmortization": 119000000,
    "ebitda": 703000000,
    "ebitdaratio": 0.25,
    "operatingIncome": 630000000,
    "operatingIncomeRatio": 0.2240398293,
    "totalOtherIncomeExpensesNet": -214000000,
    "incomeBeforeTax": 416000000,
    "incomeBeforeTaxRatio": 0.1479374111,
    "incomeTaxExpense": 102000000,
    "netIncome": 314000000,
    "netIncomeRatio": 0.1116642959,
    "eps": 0.22,
    "epsdiluted": 0.22,
    "weightedAverageShsOut": 1406700000,
    "weightedAverageShsOutDil": 1419200000,
    "link": "https://www.sec.gov/Archives/edgar/data/1418135/000141813519000054/0001418135-19-000054-index.htm",
    "finalLink": "https://www.sec.gov/Archives/edgar/data/1418135/000141813519000054/kdp-10qx63019.htm"
  },
  {
    "date": "2019-03-31",
    "symbol": "KDP",
    "reportedCurrency": "USD",
    "cik": "0001418135",
    "fillingDate": "2019-05-09",
    "acceptedDate": "2019-05-09 17:16:11",
    "calendarYear": "2019",
    "period": "Q1",
    "revenue": 2504000000,
    "costOfRevenue": 1089000000,
    "grossProfit": 1415000000,
    "grossProfitRatio": 0.5650958466,
    "researchAndDevelopmentExpenses": 0,
    "generalAndAdministrativeExpenses": 0,
    "sellingAndMarketingExpenses": 0,
    "sellingGeneralAndAdministrativeExpenses": 864000000,
    "otherExpenses": 0,
    "operatingExpenses": 864000000,
    "costAndExpenses": 1953000000,
    "interestIncome": 0,
    "interestExpense": 167000000,
    "depreciationAndAmortization": 116000000,
    "ebitda": 598000000,
    "ebitdaratio": 0.2388178914,
    "operatingIncome": 551000000,
    "operatingIncomeRatio": 0.2200479233,
    "totalOtherIncomeExpensesNet": -236000000,
    "incomeBeforeTax": 315000000,
    "incomeBeforeTaxRatio": 0.125798722,
    "incomeTaxExpense": 85000000,
    "netIncome": 230000000,
    "netIncomeRatio": 0.0918530351,
    "eps": 0.16,
    "epsdiluted": 0.16,
    "weightedAverageShsOut": 1406300000,
    "weightedAverageShsOutDil": 1417700000,
    "link": "https://www.sec.gov/Archives/edgar/data/1418135/000141813519000037/0001418135-19-000037-index.htm",
    "finalLink": "https://www.sec.gov/Archives/edgar/data/1418135/000141813519000037/kdp-10qx3312019.htm"
  },
  {
    "date": "2018-12-31",
    "symbol": "KDP",
    "reportedCurrency": "USD",
    "cik": "0001418135",
    "fillingDate": "2019-02-28",
    "acceptedDate": "2019-02-28 17:31:46",
    "calendarYear": "2018",
    "period": "Q4",
    "revenue": 2813000000,
    "costOfRevenue": 1261000000,
    "grossProfit": 1552000000,
    "grossProfitRatio": 0.5517241379,
    "researchAndDevelopmentExpenses": 17000000,
    "generalAndAdministrativeExpenses": 0,
    "sellingAndMarketingExpenses": 0,
    "sellingGeneralAndAdministrativeExpenses": 960000000,
    "otherExpenses": -17000000,
    "operatingExpenses": 960000000,
    "costAndExpenses": 2221000000,
    "interestIncome": 0,
    "interestExpense": 147000000,
    "depreciationAndAmortization": 168000000,
    "ebitda": 673000000,
    "ebitdaratio": 0.2392463562,
    "operatingIncome": 592000000,
    "operatingIncomeRatio": 0.2104514753,
    "totalOtherIncomeExpensesNet": -234000000,
    "incomeBeforeTax": 358000000,
    "incomeBeforeTaxRatio": 0.1272662638,
    "incomeTaxExpense": 92000000,
    "netIncome": 266000000,
    "netIncomeRatio": 0.0945609669,
    "eps": 0.19,
    "epsdiluted": 0.19,
    "weightedAverageShsOut": 1394800000,
    "weightedAverageShsOutDil": 1406200000,
    "link": "https://www.sec.gov/Archives/edgar/data/1418135/000141813519000007/0001418135-19-000007-index.htm",
    "finalLink": "https://www.sec.gov/Archives/edgar/data/1418135/000141813519000007/kdp-10kx12312018.htm"
  },
  {
    "date": "2018-09-30",
    "symbol": "KDP",
    "reportedCurrency": "USD",
    "cik": "0001418135",
    "fillingDate": "2018-11-08",
    "acceptedDate": "2018-11-07 19:29:29",
    "calendarYear": "2018",
    "period": "Q3",
    "revenue": 2732000000,
    "costOfRevenue": 1340000000,
    "grossProfit": 1392000000,
    "grossProfitRatio": 0.5095168375,
    "researchAndDevelopmentExpenses": 0,
    "generalAndAdministrativeExpenses": 0,
    "sellingAndMarketingExpenses": 0,
    "sellingGeneralAndAdministrativeExpenses": 935000000,
    "otherExpenses": 0,
    "operatingExpenses": 935000000,
    "costAndExpenses": 2275000000,
    "interestIncome": 0,
    "interestExpense": 175000000,
    "depreciationAndAmortization": 175000000,
    "ebitda": 544000000,
    "ebitdaratio": 0.1991215227,
    "operatingIncome": 457000000,
    "operatingIncomeRatio": 0.1672767204,
    "totalOtherIncomeExpensesNet": -263000000,
    "incomeBeforeTax": 194000000,
    "incomeBeforeTaxRatio": 0.0710102489,
    "incomeTaxExpense": 46000000,
    "netIncome": 148000000,
    "netIncomeRatio": 0.0541727672,
    "eps": 0.11,
    "epsdiluted": 0.11,
    "weightedAverageShsOut": 1361800000,
    "weightedAverageShsOutDil": 1373600000,
    "link": "https://www.sec.gov/Archives/edgar/data/1418135/000141813518000035/0001418135-18-000035-index.htm",
    "finalLink": "https://www.sec.gov/Archives/edgar/data/1418135/000141813518000035/kdp-10qx09302018.htm"
  },
  {
    "date": "2018-06-30",
    "symbol": "KDP",
    "reportedCurrency": "USD",
    "cik": "0001418135",
    "fillingDate": "2018-08-08",
    "acceptedDate": "2018-08-08 08:41:00",
    "calendarYear": "2018",
    "period": "Q2",
    "revenue": 1886000000,
    "costOfRevenue": 455000000,
    "grossProfit": 494000000,
    "grossProfitRatio": 0.2619300106,
    "researchAndDevelopmentExpenses": 0,
    "generalAndAdministrativeExpenses": 0,
    "sellingAndMarketingExpenses": 0,
    "sellingGeneralAndAdministrativeExpenses": 287000000,
    "otherExpenses": 0,
    "operatingExpenses": 287000000,
    "costAndExpenses": 742000000,
    "interestIncome": 0,
    "interestExpense": 83000000,
    "depreciationAndAmortization": 63000000,
    "ebitda": 244000000,
    "ebitdaratio": 0.1293743372,
    "operatingIncome": 207000000,
    "operatingIncomeRatio": 0.1097560976,
    "totalOtherIncomeExpensesNet": -109000000,
    "incomeBeforeTax": 321000000,
    "incomeBeforeTaxRatio": 0.1702014846,
    "incomeTaxExpense": 83000000,
    "netIncome": 235000000,
    "netIncomeRatio": 0.124602333,
    "eps": 0.1,
    "epsdiluted": 0.1,
    "weightedAverageShsOut": 790500000,
    "weightedAverageShsOutDil": 790500000,
    "link": "https://www.sec.gov/Archives/edgar/data/1418135/000141813518000025/0001418135-18-000025-index.htm",
    "finalLink": "https://www.sec.gov/Archives/edgar/data/1418135/000141813518000025/dps-10qx063018.htm"
  },
  {
    "date": "2018-03-31",
    "symbol": "KDP",
    "reportedCurrency": "USD",
    "cik": "0001418135",
    "fillingDate": "2018-04-25",
    "acceptedDate": "2018-04-25 08:02:12",
    "calendarYear": "2018",
    "period": "Q1",
    "revenue": 1594000000,
    "costOfRevenue": 465000000,
    "grossProfit": 483000000,
    "grossProfitRatio": 0.3030112923,
    "researchAndDevelopmentExpenses": 17000000,
    "generalAndAdministrativeExpenses": 0,
    "sellingAndMarketingExpenses": 0,
    "sellingGeneralAndAdministrativeExpenses": 294000000,
    "otherExpenses": -17000000,
    "operatingExpenses": 294000000,
    "costAndExpenses": 759000000,
    "interestIncome": 0,
    "interestExpense": 41000000,
    "depreciationAndAmortization": 62000000,
    "ebitda": 202000000,
    "ebitdaratio": 0.1267252196,
    "operatingIncome": 189000000,
    "operatingIncomeRatio": 0.1185696361,
    "totalOtherIncomeExpensesNet": -49000000,
    "incomeBeforeTax": 219000000,
    "incomeBeforeTaxRatio": 0.1373902133,
    "incomeTaxExpense": 54000000,
    "netIncome": 159000000,
    "netIncomeRatio": 0.099749059,
    "eps": 0.11,
    "epsdiluted": 0.11,
    "weightedAverageShsOut": 790500000,
    "weightedAverageShsOutDil": 790500000,
    "link": "https://www.sec.gov/Archives/edgar/data/1418135/000141813518000009/0001418135-18-000009-index.htm",
    "finalLink": "https://www.sec.gov/Archives/edgar/data/1418135/000141813518000009/dps-10qx033118.htm"
  },
  {
    "date": "2017-12-31",
    "symbol": "KDP",
    "reportedCurrency": "USD",
    "cik": "0001418135",
    "fillingDate": "2018-02-14",
    "acceptedDate": "2018-02-14 08:08:29",
    "calendarYear": "2017",
    "period": "Q4",
    "revenue": 1643000000,
    "costOfRevenue": 691000000,
    "grossProfit": 952000000,
    "grossProfitRatio": 0.5794278758,
    "researchAndDevelopmentExpenses": 0,
    "generalAndAdministrativeExpenses": 0,
    "sellingAndMarketingExpenses": 0,
    "sellingGeneralAndAdministrativeExpenses": 601000000,
    "otherExpenses": 0,
    "operatingExpenses": 601000000,
    "costAndExpenses": 1292000000,
    "interestIncome": 0,
    "interestExpense": 39000000,
    "depreciationAndAmortization": 57000000,
    "ebitda": 421000000,
    "ebitdaratio": 0.2562385879,
    "operatingIncome": 351000000,
    "operatingIncomeRatio": 0.2136335971,
    "totalOtherIncomeExpensesNet": -27000000,
    "incomeBeforeTax": 325000000,
    "incomeBeforeTaxRatio": 0.1978088862,
    "incomeTaxExpense": -184000000,
    "netIncome": 508000000,
    "netIncomeRatio": 0.3091905052,
    "eps": 2.82,
    "epsdiluted": 2.82,
    "weightedAverageShsOut": 179900000,
    "weightedAverageShsOutDil": 179900000,
    "link": "https://www.sec.gov/Archives/edgar/data/1418135/000141813518000006/0001418135-18-000006-index.htm",
    "finalLink": "https://www.sec.gov/Archives/edgar/data/1418135/000141813518000006/dps-10kx123117.htm"
  },
  {
    "date": "2017-09-30",
    "symbol": "KDP",
    "reportedCurrency": "USD",
    "cik": "0001418135",
    "fillingDate": "2017-10-25",
    "acceptedDate": "2017-10-25 14:40:56",
    "calendarYear": "2017",
    "period": "Q3",
    "revenue": 1740000000,
    "costOfRevenue": 592000000,
    "grossProfit": 548000000,
    "grossProfitRatio": 0.3149425287,
    "researchAndDevelopmentExpenses": 0,
    "generalAndAdministrativeExpenses": 0,
    "sellingAndMarketingExpenses": 0,
    "sellingGeneralAndAdministrativeExpenses": 318000000,
    "otherExpenses": 0,
    "operatingExpenses": 318000000,
    "costAndExpenses": 910000000,
    "interestIncome": 0,
    "interestExpense": 44000000,
    "depreciationAndAmortization": 79000000,
    "ebitda": 286000000,
    "ebitdaratio": 0.1643678161,
    "operatingIncome": 230000000,
    "operatingIncomeRatio": 0.132183908,
    "totalOtherIncomeExpensesNet": -67000000,
    "incomeBeforeTax": 317000000,
    "incomeBeforeTaxRatio": 0.182183908,
    "incomeTaxExpense": 114000000,
    "netIncome": 203000000,
    "netIncomeRatio": 0.1166666667,
    "eps": 1.12,
    "epsdiluted": 1.11,
    "weightedAverageShsOut": 181400000,
    "weightedAverageShsOutDil": 182100000,
    "link": "https://www.sec.gov/Archives/edgar/data/1418135/000141813517000047/0001418135-17-000047-index.htm",
    "finalLink": "https://www.sec.gov/Archives/edgar/data/1418135/000141813517000047/dps-10qx093017.htm"
  },
  {
    "date": "2017-06-30",
    "symbol": "KDP",
    "reportedCurrency": "USD",
    "cik": "0001418135",
    "fillingDate": "2017-07-27",
    "acceptedDate": "2017-07-27 12:08:43",
    "calendarYear": "2017",
    "period": "Q2",
    "revenue": 1797000000,
    "costOfRevenue": 737000000,
    "grossProfit": 1060000000,
    "grossProfitRatio": 0.5898720089,
    "researchAndDevelopmentExpenses": 0,
    "generalAndAdministrativeExpenses": 0,
    "sellingAndMarketingExpenses": 0,
    "sellingGeneralAndAdministrativeExpenses": 690000000,
    "otherExpenses": 0,
    "operatingExpenses": 690000000,
    "costAndExpenses": 1427000000,
    "interestIncome": 1000000,
    "interestExpense": 45000000,
    "depreciationAndAmortization": 55000000,
    "ebitda": 383000000,
    "ebitdaratio": 0.2131329994,
    "operatingIncome": 370000000,
    "operatingIncomeRatio": 0.2058987201,
    "totalOtherIncomeExpensesNet": -88000000,
    "incomeBeforeTax": 283000000,
    "incomeBeforeTaxRatio": 0.1574846967,
    "incomeTaxExpense": 94000000,
    "netIncome": 188000000,
    "netIncomeRatio": 0.1046188091,
    "eps": 1.02,
    "epsdiluted": 1.02,
    "weightedAverageShsOut": 183200000,
    "weightedAverageShsOutDil": 183700000,
    "link": "https://www.sec.gov/Archives/edgar/data/1418135/000141813517000042/0001418135-17-000042-index.htm",
    "finalLink": "https://www.sec.gov/Archives/edgar/data/1418135/000141813517000042/dps-10qx063017.htm"
  },
  {
    "date": "2017-03-31",
    "symbol": "KDP",
    "reportedCurrency": "USD",
    "cik": "0001418135",
    "fillingDate": "2017-04-26",
    "acceptedDate": "2017-04-26 13:06:45",
    "calendarYear": "2017",
    "period": "Q1",
    "revenue": 1510000000,
    "costOfRevenue": 671000000,
    "grossProfit": 839000000,
    "grossProfitRatio": 0.5556291391,
    "researchAndDevelopmentExpenses": 0,
    "generalAndAdministrativeExpenses": 0,
    "sellingAndMarketingExpenses": 0,
    "sellingGeneralAndAdministrativeExpenses": 633000000,
    "otherExpenses": 0,
    "operatingExpenses": 633000000,
    "costAndExpenses": 1304000000,
    "interestIncome": 1000000,
    "interestExpense": 43000000,
    "depreciationAndAmortization": 60000000,
    "ebitda": 351000000,
    "ebitdaratio": 0.2324503311,
    "operatingIncome": 206000000,
    "operatingIncomeRatio": 0.1364238411,
    "totalOtherIncomeExpensesNet": 42000000,
    "incomeBeforeTax": 248000000,
    "incomeBeforeTaxRatio": 0.1642384106,
    "incomeTaxExpense": 71000000,
    "netIncome": 177000000,
    "netIncomeRatio": 0.117218543,
    "eps": 0.97,
    "epsdiluted": 0.96,
    "weightedAverageShsOut": 183400000,
    "weightedAverageShsOutDil": 184600000,
    "link": "https://www.sec.gov/Archives/edgar/data/1418135/000141813517000020/0001418135-17-000020-index.htm",
    "finalLink": "https://www.sec.gov/Archives/edgar/data/1418135/000141813517000020/dps-10qx033117.htm"
  },
  {
    "date": "2016-12-31",
    "symbol": "KDP",
    "reportedCurrency": "USD",
    "cik": "0001418135",
    "fillingDate": "2017-02-14",
    "acceptedDate": "2017-02-14 15:09:36",
    "calendarYear": "2016",
    "period": "Q4",
    "revenue": 1578000000,
    "costOfRevenue": 652000000,
    "grossProfit": 926000000,
    "grossProfitRatio": 0.5868187579,
    "researchAndDevelopmentExpenses": 17000000,
    "generalAndAdministrativeExpenses": 0,
    "sellingAndMarketingExpenses": 0,
    "sellingGeneralAndAdministrativeExpenses": 590000000,
    "otherExpenses": -17000000,
    "operatingExpenses": 590000000,
    "costAndExpenses": 1242000000,
    "interestIncome": 1000000,
    "interestExpense": 48000000,
    "depreciationAndAmortization": 58000000,
    "ebitda": 363000000,
    "ebitdaratio": 0.2300380228,
    "operatingIncome": 336000000,
    "operatingIncomeRatio": 0.2129277567,
    "totalOtherIncomeExpensesNet": -79000000,
    "incomeBeforeTax": 257000000,
    "incomeBeforeTaxRatio": 0.1628643853,
    "incomeTaxExpense": 91000000,
    "netIncome": 165000000,
    "netIncomeRatio": 0.1045627376,
    "eps": 0.9,
    "epsdiluted": 0.9,
    "weightedAverageShsOut": 183600000,
    "weightedAverageShsOutDil": 184700000,
    "link": "https://www.sec.gov/Archives/edgar/data/1418135/000141813517000010/0001418135-17-000010-index.htm",
    "finalLink": "https://www.sec.gov/Archives/edgar/data/1418135/000141813517000010/dps-10kx123116.htm"
  },
  {
    "date": "2016-09-30",
    "symbol": "KDP",
    "reportedCurrency": "USD",
    "cik": "0001418135",
    "fillingDate": "2016-10-27",
    "acceptedDate": "2016-10-27 11:30:26",
    "calendarYear": "2016",
    "period": "Q3",
    "revenue": 1680000000,
    "costOfRevenue": 709000000,
    "grossProfit": 971000000,
    "grossProfitRatio": 0.5779761905,
    "researchAndDevelopmentExpenses": 0,
    "generalAndAdministrativeExpenses": 0,
    "sellingAndMarketingExpenses": 0,
    "sellingGeneralAndAdministrativeExpenses": 604000000,
    "otherExpenses": 0,
    "operatingExpenses": 604000000,
    "costAndExpenses": 1313000000,
    "interestIncome": 1000000,
    "interestExpense": 32000000,
    "depreciationAndAmortization": 55000000,
    "ebitda": 430000000,
    "ebitdaratio": 0.255952381,
    "operatingIncome": 367000000,
    "operatingIncomeRatio": 0.218452381,
    "totalOtherIncomeExpensesNet": -24000000,
    "incomeBeforeTax": 343000000,
    "incomeBeforeTaxRatio": 0.2041666667,
    "incomeTaxExpense": 102000000,
    "netIncome": 240000000,
    "netIncomeRatio": 0.1428571429,
    "eps": 1.3,
    "epsdiluted": 1.29,
    "weightedAverageShsOut": 184800000,
    "weightedAverageShsOutDil": 185700000,
    "link": "https://www.sec.gov/Archives/edgar/data/1418135/000141813516000085/0001418135-16-000085-index.htm",
    "finalLink": "https://www.sec.gov/Archives/edgar/data/1418135/000141813516000085/dps-10qx093016.htm"
  },
  {
    "date": "2016-06-30",
    "symbol": "KDP",
    "reportedCurrency": "USD",
    "cik": "0001418135",
    "fillingDate": "2016-07-27",
    "acceptedDate": "2016-07-27 11:57:54",
    "calendarYear": "2016",
    "period": "Q2",
    "revenue": 1695000000,
    "costOfRevenue": 670000000,
    "grossProfit": 1025000000,
    "grossProfitRatio": 0.604719764,
    "researchAndDevelopmentExpenses": 0,
    "generalAndAdministrativeExpenses": 590000000,
    "sellingAndMarketingExpenses": 0,
    "sellingGeneralAndAdministrativeExpenses": 590000000,
    "otherExpenses": 23000000,
    "operatingExpenses": 613000000,
    "costAndExpenses": 1283000000,
    "interestIncome": 1000000,
    "interestExpense": 33000000,
    "depreciationAndAmortization": 55000000,
    "ebitda": 459000000,
    "ebitdaratio": 0.2707964602,
    "operatingIncome": 412000000,
    "operatingIncomeRatio": 0.2430678466,
    "totalOtherIncomeExpensesNet": -10000000,
    "incomeBeforeTax": 402000000,
    "incomeBeforeTaxRatio": 0.2371681416,
    "incomeTaxExpense": 142000000,
    "netIncome": 260000000,
    "netIncomeRatio": 0.1533923304,
    "eps": 1.4,
    "epsdiluted": 1.39,
    "weightedAverageShsOut": 185700000,
    "weightedAverageShsOutDil": 186500000,
    "link": "https://www.sec.gov/Archives/edgar/data/1418135/000141813516000065/0001418135-16-000065-index.htm",
    "finalLink": "https://www.sec.gov/Archives/edgar/data/1418135/000141813516000065/dps-10qx063016.htm"
  },
  {
    "date": "2016-03-31",
    "symbol": "KDP",
    "reportedCurrency": "USD",
    "cik": "0001418135",
    "fillingDate": "2016-04-27",
    "acceptedDate": "2016-04-27 11:13:54",
    "calendarYear": "2016",
    "period": "Q1",
    "revenue": 1487000000,
    "costOfRevenue": 602000000,
    "grossProfit": 885000000,
    "grossProfitRatio": 0.5951580363,
    "researchAndDevelopmentExpenses": 0,
    "generalAndAdministrativeExpenses": 546000000,
    "sellingAndMarketingExpenses": 0,
    "sellingGeneralAndAdministrativeExpenses": 546000000,
    "otherExpenses": 26000000,
    "operatingExpenses": 572000000,
    "costAndExpenses": 1174000000,
    "interestIncome": 0,
    "interestExpense": 33000000,
    "depreciationAndAmortization": 56000000,
    "ebitda": 340000000,
    "ebitdaratio": 0.2286482851,
    "operatingIncome": 313000000,
    "operatingIncomeRatio": 0.2104909213,
    "totalOtherIncomeExpensesNet": -32000000,
    "incomeBeforeTax": 281000000,
    "incomeBeforeTaxRatio": 0.1889710827,
    "incomeTaxExpense": 99000000,
    "netIncome": 182000000,
    "netIncomeRatio": 0.122394082,
    "eps": 0.97,
    "epsdiluted": 0.96,
    "weightedAverageShsOut": 187600000,
    "weightedAverageShsOutDil": 189000000,
    "link": "https://www.sec.gov/Archives/edgar/data/1418135/000141813516000058/0001418135-16-000058-index.htm",
    "finalLink": "https://www.sec.gov/Archives/edgar/data/1418135/000141813516000058/dps-10qx033116.htm"
  },
  {
    "date": "2015-12-31",
    "symbol": "KDP",
    "reportedCurrency": "USD",
    "cik": "0001418135",
    "fillingDate": "2016-02-23",
    "acceptedDate": "2016-02-23 12:21:18",
    "calendarYear": "2015",
    "period": "Q4",
    "revenue": 1546000000,
    "costOfRevenue": 610000000,
    "grossProfit": 936000000,
    "grossProfitRatio": 0.6054333765,
    "researchAndDevelopmentExpenses": 0,
    "generalAndAdministrativeExpenses": 583000000,
    "sellingAndMarketingExpenses": 0,
    "sellingGeneralAndAdministrativeExpenses": 583000000,
    "otherExpenses": 31000000,
    "operatingExpenses": 614000000,
    "costAndExpenses": 1224000000,
    "interestIncome": 1000000,
    "interestExpense": 34000000,
    "depreciationAndAmortization": 26000000,
    "ebitda": 262000000,
    "ebitdaratio": 0.169469599,
    "operatingIncome": 322000000,
    "operatingIncomeRatio": 0.2082794308,
    "totalOtherIncomeExpensesNet": -31000000,
    "incomeBeforeTax": 291000000,
    "incomeBeforeTaxRatio": 0.1882276843,
    "incomeTaxExpense": 106000000,
    "netIncome": 185000000,
    "netIncomeRatio": 0.1196636481,
    "eps": 0.98,
    "epsdiluted": 0.97,
    "weightedAverageShsOut": 188700000,
    "weightedAverageShsOutDil": 190200000,
    "link": "https://www.sec.gov/Archives/edgar/data/1418135/000141813516000050/0001418135-16-000050-index.htm",
    "finalLink": "https://www.sec.gov/Archives/edgar/data/1418135/000141813516000050/dps-10kx123115.htm"
  },
  {
    "date": "2015-09-30",
    "symbol": "KDP",
    "reportedCurrency": "USD",
    "cik": "0001418135",
    "fillingDate": "2015-10-22",
    "acceptedDate": "2015-10-22 15:36:15",
    "calendarYear": "2015",
    "period": "Q3",
    "revenue": 1630000000,
    "costOfRevenue": 673000000,
    "grossProfit": 957000000,
    "grossProfitRatio": 0.5871165644,
    "researchAndDevelopmentExpenses": 84700000,
    "generalAndAdministrativeExpenses": 592000000,
    "sellingAndMarketingExpenses": 0,
    "sellingGeneralAndAdministrativeExpenses": 592000000,
    "otherExpenses": -56700000,
    "operatingExpenses": 620000000,
    "costAndExpenses": 1293000000,
    "interestIncome": 0,
    "interestExpense": 28000000,
    "depreciationAndAmortization": 56000000,
    "ebitda": 362000000,
    "ebitdaratio": 0.2220858896,
    "operatingIncome": 337000000,
    "operatingIncomeRatio": 0.2067484663,
    "totalOtherIncomeExpensesNet": -29000000,
    "incomeBeforeTax": 308000000,
    "incomeBeforeTaxRatio": 0.1889570552,
    "incomeTaxExpense": 106000000,
    "netIncome": 202000000,
    "netIncomeRatio": 0.1239263804,
    "eps": 1.06,
    "epsdiluted": 1.05,
    "weightedAverageShsOut": 190400000,
    "weightedAverageShsOutDil": 191500000,
    "link": "https://www.sec.gov/Archives/edgar/data/1418135/000141813515000027/0001418135-15-000027-index.htm",
    "finalLink": "https://www.sec.gov/Archives/edgar/data/1418135/000141813515000027/dps-10qx093015.htm"
  },
  {
    "date": "2015-06-30",
    "symbol": "KDP",
    "reportedCurrency": "USD",
    "cik": "0001418135",
    "fillingDate": "2015-07-23",
    "acceptedDate": "2015-07-23 12:17:58",
    "calendarYear": "2015",
    "period": "Q2",
    "revenue": 1655000000,
    "costOfRevenue": 674000000,
    "grossProfit": 981000000,
    "grossProfitRatio": 0.5927492447,
    "researchAndDevelopmentExpenses": 0,
    "generalAndAdministrativeExpenses": 586000000,
    "sellingAndMarketingExpenses": 0,
    "sellingGeneralAndAdministrativeExpenses": 586000000,
    "otherExpenses": 26000000,
    "operatingExpenses": 612000000,
    "costAndExpenses": 1286000000,
    "interestIncome": 1000000,
    "interestExpense": 28000000,
    "depreciationAndAmortization": 56000000,
    "ebitda": 395000000,
    "ebitdaratio": 0.2386706949,
    "operatingIncome": 369000000,
    "operatingIncomeRatio": 0.2229607251,
    "totalOtherIncomeExpensesNet": -28000000,
    "incomeBeforeTax": 341000000,
    "incomeBeforeTaxRatio": 0.2060422961,
    "incomeTaxExpense": 121000000,
    "netIncome": 220000000,
    "netIncomeRatio": 0.1329305136,
    "eps": 1.15,
    "epsdiluted": 1.14,
    "weightedAverageShsOut": 191400000,
    "weightedAverageShsOutDil": 192400000,
    "link": "https://www.sec.gov/Archives/edgar/data/1418135/000141813515000019/0001418135-15-000019-index.htm",
    "finalLink": "https://www.sec.gov/Archives/edgar/data/1418135/000141813515000019/dps-10qx063015.htm"
  },
  {
    "date": "2015-03-31",
    "symbol": "KDP",
    "reportedCurrency": "USD",
    "cik": "0001418135",
    "fillingDate": "2015-04-23",
    "acceptedDate": "2015-04-23 15:04:47",
    "calendarYear": "2015",
    "period": "Q1",
    "revenue": 1451000000,
    "costOfRevenue": 602000000,
    "grossProfit": 849000000,
    "grossProfitRatio": 0.5851137147,
    "researchAndDevelopmentExpenses": 0,
    "generalAndAdministrativeExpenses": 552000000,
    "sellingAndMarketingExpenses": 0,
    "sellingGeneralAndAdministrativeExpenses": 552000000,
    "otherExpenses": 27000000,
    "operatingExpenses": 579000000,
    "costAndExpenses": 1181000000,
    "interestIncome": 0,
    "interestExpense": 27000000,
    "depreciationAndAmortization": 56000000,
    "ebitda": 298000000,
    "ebitdaratio": 0.205375603,
    "operatingIncome": 270000000,
    "operatingIncomeRatio": 0.1860785665,
    "totalOtherIncomeExpensesNet": -26000000,
    "incomeBeforeTax": 244000000,
    "incomeBeforeTaxRatio": 0.1681598897,
    "incomeTaxExpense": 87000000,
    "netIncome": 157000000,
    "netIncomeRatio": 0.1082012405,
    "eps": 0.82,
    "epsdiluted": 0.81,
    "weightedAverageShsOut": 192342028,
    "weightedAverageShsOutDil": 192342028,
    "link": "https://www.sec.gov/Archives/edgar/data/1418135/000141813515000014/0001418135-15-000014-index.htm",
    "finalLink": "https://www.sec.gov/Archives/edgar/data/1418135/000141813515000014/dps-10qx033115.htm"
  },
  {
    "date": "2014-12-31",
    "symbol": "KDP",
    "reportedCurrency": "USD",
    "cik": "0001418135",
    "fillingDate": "2015-02-19",
    "acceptedDate": "2015-02-19 15:06:35",
    "calendarYear": "2014",
    "period": "Q4",
    "revenue": 1509000000,
    "costOfRevenue": 614000000,
    "grossProfit": 895000000,
    "grossProfitRatio": 0.5931080186,
    "researchAndDevelopmentExpenses": 0,
    "generalAndAdministrativeExpenses": 607000000,
    "sellingAndMarketingExpenses": 0,
    "sellingGeneralAndAdministrativeExpenses": 607000000,
    "otherExpenses": 32000000,
    "operatingExpenses": 639000000,
    "costAndExpenses": 1253000000,
    "interestIncome": 1000000,
    "interestExpense": 29000000,
    "depreciationAndAmortization": 29000000,
    "ebitda": 288000000,
    "ebitdaratio": 0.1908548708,
    "operatingIncome": 256000000,
    "operatingIncomeRatio": 0.169648774,
    "totalOtherIncomeExpensesNet": -26000000,
    "incomeBeforeTax": 230000000,
    "incomeBeforeTaxRatio": 0.1524188204,
    "incomeTaxExpense": 80000000,
    "netIncome": 150000000,
    "netIncomeRatio": 0.0994035785,
    "eps": 0.77,
    "epsdiluted": 0.77,
    "weightedAverageShsOut": 194000000,
    "weightedAverageShsOutDil": 195800000,
    "link": "https://www.sec.gov/Archives/edgar/data/1418135/000141813515000006/0001418135-15-000006-index.htm",
    "finalLink": "https://www.sec.gov/Archives/edgar/data/1418135/000141813515000006/dps-10kx123114.htm"
  },
  {
    "date": "2014-09-30",
    "symbol": "KDP",
    "reportedCurrency": "USD",
    "cik": "0001418135",
    "fillingDate": "2014-10-23",
    "acceptedDate": "2014-10-23 13:50:05",
    "calendarYear": "2014",
    "period": "Q3",
    "revenue": 1583000000,
    "costOfRevenue": 658000000,
    "grossProfit": 925000000,
    "grossProfitRatio": 0.5843335439,
    "researchAndDevelopmentExpenses": 76500000,
    "generalAndAdministrativeExpenses": 581000000,
    "sellingAndMarketingExpenses": 0,
    "sellingGeneralAndAdministrativeExpenses": 533000000,
    "otherExpenses": -500000,
    "operatingExpenses": 609000000,
    "costAndExpenses": 1267000000,
    "interestIncome": 0,
    "interestExpense": 27000000,
    "depreciationAndAmortization": 57000000,
    "ebitda": 340000000,
    "ebitdaratio": 0.2147820594,
    "operatingIncome": 316000000,
    "operatingIncomeRatio": 0.1996209728,
    "totalOtherIncomeExpensesNet": -31000000,
    "incomeBeforeTax": 285000000,
    "incomeBeforeTaxRatio": 0.1800379027,
    "incomeTaxExpense": 97000000,
    "netIncome": 188000000,
    "netIncomeRatio": 0.1187618446,
    "eps": 0.97,
    "epsdiluted": 0.96,
    "weightedAverageShsOut": 194800000,
    "weightedAverageShsOutDil": 196200000,
    "link": "https://www.sec.gov/Archives/edgar/data/1418135/000141813514000033/0001418135-14-000033-index.htm",
    "finalLink": "https://www.sec.gov/Archives/edgar/data/1418135/000141813514000033/dps-10qx093014.htm"
  },
  {
    "date": "2014-06-30",
    "symbol": "KDP",
    "reportedCurrency": "USD",
    "cik": "0001418135",
    "fillingDate": "2014-07-24",
    "acceptedDate": "2014-07-24 13:54:43",
    "calendarYear": "2014",
    "period": "Q2",
    "revenue": 1631000000,
    "costOfRevenue": 665000000,
    "grossProfit": 966000000,
    "grossProfitRatio": 0.5922746781,
    "researchAndDevelopmentExpenses": 0,
    "generalAndAdministrativeExpenses": 592000000,
    "sellingAndMarketingExpenses": 0,
    "sellingGeneralAndAdministrativeExpenses": 592000000,
    "otherExpenses": 26000000,
    "operatingExpenses": 618000000,
    "costAndExpenses": 1283000000,
    "interestIncome": 0,
    "interestExpense": 27000000,
    "depreciationAndAmortization": 57000000,
    "ebitda": 406000000,
    "ebitdaratio": 0.2489270386,
    "operatingIncome": 348000000,
    "operatingIncomeRatio": 0.2133660331,
    "totalOtherIncomeExpensesNet": -26000000,
    "incomeBeforeTax": 322000000,
    "incomeBeforeTaxRatio": 0.1974248927,
    "incomeTaxExpense": 113000000,
    "netIncome": 210000000,
    "netIncomeRatio": 0.1287553648,
    "eps": 1.07,
    "epsdiluted": 1.06,
    "weightedAverageShsOut": 196600000,
    "weightedAverageShsOutDil": 197800000,
    "link": "https://www.sec.gov/Archives/edgar/data/1418135/000141813514000026/0001418135-14-000026-index.htm",
    "finalLink": "https://www.sec.gov/Archives/edgar/data/1418135/000141813514000026/dps-10qx063014.htm"
  },
  {
    "date": "2014-03-31",
    "symbol": "KDP",
    "reportedCurrency": "USD",
    "cik": "0001418135",
    "fillingDate": "2014-04-23",
    "acceptedDate": "2014-04-23 15:47:12",
    "calendarYear": "2014",
    "period": "Q1",
    "revenue": 1398000000,
    "costOfRevenue": 554000000,
    "grossProfit": 844000000,
    "grossProfitRatio": 0.6037195994,
    "researchAndDevelopmentExpenses": 0,
    "generalAndAdministrativeExpenses": 554000000,
    "sellingAndMarketingExpenses": 0,
    "sellingGeneralAndAdministrativeExpenses": 554000000,
    "otherExpenses": 30000000,
    "operatingExpenses": 584000000,
    "costAndExpenses": 1138000000,
    "interestIncome": 1000000,
    "interestExpense": 26000000,
    "depreciationAndAmortization": 60000000,
    "ebitda": 291000000,
    "ebitdaratio": 0.2081545064,
    "operatingIncome": 260000000,
    "operatingIncomeRatio": 0.1859799714,
    "totalOtherIncomeExpensesNet": -24000000,
    "incomeBeforeTax": 236000000,
    "incomeBeforeTaxRatio": 0.1688125894,
    "incomeTaxExpense": 81000000,
    "netIncome": 155000000,
    "netIncomeRatio": 0.1108726753,
    "eps": 0.78,
    "epsdiluted": 0.78,
    "weightedAverageShsOut": 197900000,
    "weightedAverageShsOutDil": 199500000,
    "link": "https://www.sec.gov/Archives/edgar/data/1418135/000141813514000018/0001418135-14-000018-index.htm",
    "finalLink": "https://www.sec.gov/Archives/edgar/data/1418135/000141813514000018/dps-10qx033114.htm"
  },
  {
    "date": "2013-12-31",
    "symbol": "KDP",
    "reportedCurrency": "USD",
    "cik": "0001418135",
    "fillingDate": "2014-02-20",
    "acceptedDate": "2014-02-19 19:31:14",
    "calendarYear": "2013",
    "period": "Q4",
    "revenue": 1463000000,
    "costOfRevenue": 583000000,
    "grossProfit": 880000000,
    "grossProfitRatio": 0.6015037594,
    "researchAndDevelopmentExpenses": 0,
    "generalAndAdministrativeExpenses": 583000000,
    "sellingAndMarketingExpenses": 0,
    "sellingGeneralAndAdministrativeExpenses": 583000000,
    "otherExpenses": 33000000,
    "operatingExpenses": 616000000,
    "costAndExpenses": 1199000000,
    "interestIncome": 1000000,
    "interestExpense": 29000000,
    "depreciationAndAmortization": 60000000,
    "ebitda": 326000000,
    "ebitdaratio": 0.2228298018,
    "operatingIncome": 264000000,
    "operatingIncomeRatio": 0.1804511278,
    "totalOtherIncomeExpensesNet": -27000000,
    "incomeBeforeTax": 237000000,
    "incomeBeforeTaxRatio": 0.1619958988,
    "incomeTaxExpense": 81000000,
    "netIncome": 156000000,
    "netIncomeRatio": 0.1066302119,
    "eps": 0.78,
    "epsdiluted": 0.78,
    "weightedAverageShsOut": 199900000,
    "weightedAverageShsOutDil": 201500000,
    "link": "https://www.sec.gov/Archives/edgar/data/1418135/000141813514000008/0001418135-14-000008-index.htm",
    "finalLink": "https://www.sec.gov/Archives/edgar/data/1418135/000141813514000008/dps-10kx123113.htm"
  },
  {
    "date": "2013-09-30",
    "symbol": "KDP",
    "reportedCurrency": "USD",
    "cik": "0001418135",
    "fillingDate": "2013-10-24",
    "acceptedDate": "2013-10-24 12:23:50",
    "calendarYear": "2013",
    "period": "Q3",
    "revenue": 1543000000,
    "costOfRevenue": 650000000,
    "grossProfit": 893000000,
    "grossProfitRatio": 0.578742709,
    "researchAndDevelopmentExpenses": 57700000,
    "generalAndAdministrativeExpenses": 563000000,
    "sellingAndMarketingExpenses": 0,
    "sellingGeneralAndAdministrativeExpenses": 531000000,
    "otherExpenses": 4300000,
    "operatingExpenses": 593000000,
    "costAndExpenses": 1243000000,
    "interestIncome": 0,
    "interestExpense": 29000000,
    "depreciationAndAmortization": 28000000,
    "ebitda": -100000000,
    "ebitdaratio": -0.064808814,
    "operatingIncome": 300000000,
    "operatingIncomeRatio": 0.194426442,
    "totalOtherIncomeExpensesNet": -457000000,
    "incomeBeforeTax": -157000000,
    "incomeBeforeTaxRatio": -0.101749838,
    "incomeTaxExpense": -364000000,
    "netIncome": 207000000,
    "netIncomeRatio": 0.134154245,
    "eps": 1.02,
    "epsdiluted": 1.01,
    "weightedAverageShsOut": 203300000,
    "weightedAverageShsOutDil": 204700000,
    "link": "https://www.sec.gov/Archives/edgar/data/1418135/000141813513000054/0001418135-13-000054-index.htm",
    "finalLink": "https://www.sec.gov/Archives/edgar/data/1418135/000141813513000054/dps-10qx93013.htm"
  },
  {
    "date": "2013-06-30",
    "symbol": "KDP",
    "reportedCurrency": "USD",
    "cik": "0001418135",
    "fillingDate": "2013-07-24",
    "acceptedDate": "2013-07-24 16:11:19",
    "calendarYear": "2013",
    "period": "Q2",
    "revenue": 1611000000,
    "costOfRevenue": 676000000,
    "grossProfit": 935000000,
    "grossProfitRatio": 0.5803848541,
    "researchAndDevelopmentExpenses": 0,
    "generalAndAdministrativeExpenses": 619000000,
    "sellingAndMarketingExpenses": 0,
    "sellingGeneralAndAdministrativeExpenses": 619000000,
    "otherExpenses": 31000000,
    "operatingExpenses": 650000000,
    "costAndExpenses": 1326000000,
    "interestIncome": 1000000,
    "interestExpense": 31000000,
    "depreciationAndAmortization": 58000000,
    "ebitda": 385000000,
    "ebitdaratio": 0.2389819988,
    "operatingIncome": 285000000,
    "operatingIncomeRatio": 0.1769087523,
    "totalOtherIncomeExpensesNet": 11000000,
    "incomeBeforeTax": 296000000,
    "incomeBeforeTaxRatio": 0.1837368094,
    "incomeTaxExpense": 142000000,
    "netIncome": 155000000,
    "netIncomeRatio": 0.096213532,
    "eps": 0.76,
    "epsdiluted": 0.76,
    "weightedAverageShsOut": 204100000,
    "weightedAverageShsOutDil": 205500000,
    "link": "https://www.sec.gov/Archives/edgar/data/1418135/000141813513000042/0001418135-13-000042-index.htm",
    "finalLink": "https://www.sec.gov/Archives/edgar/data/1418135/000141813513000042/dps-10qx63013.htm"
  },
  {
    "date": "2013-03-31",
    "symbol": "KDP",
    "reportedCurrency": "USD",
    "cik": "0001418135",
    "fillingDate": "2013-04-24",
    "acceptedDate": "2013-04-24 14:31:43",
    "calendarYear": "2013",
    "period": "Q1",
    "revenue": 1380000000,
    "costOfRevenue": 590000000,
    "grossProfit": 790000000,
    "grossProfitRatio": 0.5724637681,
    "researchAndDevelopmentExpenses": 0,
    "generalAndAdministrativeExpenses": 563000000,
    "sellingAndMarketingExpenses": 0,
    "sellingGeneralAndAdministrativeExpenses": 563000000,
    "otherExpenses": 30000000,
    "operatingExpenses": 593000000,
    "costAndExpenses": 1183000000,
    "interestIncome": 0,
    "interestExpense": 34000000,
    "depreciationAndAmortization": 57000000,
    "ebitda": 229000000,
    "ebitdaratio": 0.165942029,
    "operatingIncome": 197000000,
    "operatingIncomeRatio": 0.1427536232,
    "totalOtherIncomeExpensesNet": -31000000,
    "incomeBeforeTax": 166000000,
    "incomeBeforeTaxRatio": 0.1202898551,
    "incomeTaxExpense": 60000000,
    "netIncome": 106000000,
    "netIncomeRatio": 0.0768115942,
    "eps": 0.52,
    "epsdiluted": 0.51,
    "weightedAverageShsOut": 204600000,
    "weightedAverageShsOutDil": 206300000,
    "link": "https://www.sec.gov/Archives/edgar/data/1418135/000141813513000030/0001418135-13-000030-index.htm",
    "finalLink": "https://www.sec.gov/Archives/edgar/data/1418135/000141813513000030/dps-10qx33113.htm"
  },
  {
    "date": "2012-12-31",
    "symbol": "KDP",
    "reportedCurrency": "USD",
    "cik": "0001418135",
    "fillingDate": "2013-02-21",
    "acceptedDate": "2013-02-20 18:32:40",
    "calendarYear": "2012",
    "period": "Q4",
    "revenue": 1484000000,
    "costOfRevenue": 605000000,
    "grossProfit": 879000000,
    "grossProfitRatio": 0.5923180593,
    "researchAndDevelopmentExpenses": 0,
    "generalAndAdministrativeExpenses": 555000000,
    "sellingAndMarketingExpenses": 0,
    "sellingGeneralAndAdministrativeExpenses": 555000000,
    "otherExpenses": 32000000,
    "operatingExpenses": 587000000,
    "costAndExpenses": 1192000000,
    "interestIncome": 1000000,
    "interestExpense": 31000000,
    "depreciationAndAmortization": 29000000,
    "ebitda": 236000000,
    "ebitdaratio": 0.1590296496,
    "operatingIncome": 292000000,
    "operatingIncomeRatio": 0.1967654987,
    "totalOtherIncomeExpensesNet": -29000000,
    "incomeBeforeTax": 263000000,
    "incomeBeforeTaxRatio": 0.1772237197,
    "incomeTaxExpense": 93000000,
    "netIncome": 170000000,
    "netIncomeRatio": 0.1145552561,
    "eps": 0.82,
    "epsdiluted": 0.81,
    "weightedAverageShsOut": 207600000,
    "weightedAverageShsOutDil": 209400000,
    "link": "https://www.sec.gov/Archives/edgar/data/1418135/000141813513000006/0001418135-13-000006-index.htm",
    "finalLink": "https://www.sec.gov/Archives/edgar/data/1418135/000141813513000006/dps-10kx123112.htm"
  },
  {
    "date": "2012-09-30",
    "symbol": "KDP",
    "reportedCurrency": "USD",
    "cik": "0001418135",
    "fillingDate": "2012-10-24",
    "acceptedDate": "2012-10-24 12:29:21",
    "calendarYear": "2012",
    "period": "Q3",
    "revenue": 1528000000,
    "costOfRevenue": 626000000,
    "grossProfit": 902000000,
    "grossProfitRatio": 0.5903141361,
    "researchAndDevelopmentExpenses": 41700000,
    "generalAndAdministrativeExpenses": 561000000,
    "sellingAndMarketingExpenses": 0,
    "sellingGeneralAndAdministrativeExpenses": 544000000,
    "otherExpenses": 8300000,
    "operatingExpenses": 594000000,
    "costAndExpenses": 1220000000,
    "interestIncome": 0,
    "interestExpense": 31000000,
    "depreciationAndAmortization": 57000000,
    "ebitda": 341000000,
    "ebitdaratio": 0.2231675393,
    "operatingIncome": 308000000,
    "operatingIncomeRatio": 0.2015706806,
    "totalOtherIncomeExpensesNet": -27000000,
    "incomeBeforeTax": 281000000,
    "incomeBeforeTaxRatio": 0.1839005236,
    "incomeTaxExpense": 102000000,
    "netIncome": 179000000,
    "netIncomeRatio": 0.1171465969,
    "eps": 0.85,
    "epsdiluted": 0.84,
    "weightedAverageShsOut": 210400000,
    "weightedAverageShsOutDil": 212000000,
    "link": "https://www.sec.gov/Archives/edgar/data/1418135/000141813512000034/0001418135-12-000034-index.htm",
    "finalLink": "https://www.sec.gov/Archives/edgar/data/1418135/000141813512000034/dps-10qx93012.htm"
  },
  {
    "date": "2012-06-30",
    "symbol": "KDP",
    "reportedCurrency": "USD",
    "cik": "0001418135",
    "fillingDate": "2012-07-26",
    "acceptedDate": "2012-07-26 12:17:43",
    "calendarYear": "2012",
    "period": "Q2",
    "revenue": 1621000000,
    "costOfRevenue": 685000000,
    "grossProfit": 936000000,
    "grossProfitRatio": 0.5774213448,
    "researchAndDevelopmentExpenses": 0,
    "generalAndAdministrativeExpenses": 599000000,
    "sellingAndMarketingExpenses": 0,
    "sellingGeneralAndAdministrativeExpenses": 599000000,
    "otherExpenses": 37000000,
    "operatingExpenses": 636000000,
    "costAndExpenses": 1321000000,
    "interestIncome": 1000000,
    "interestExpense": 31000000,
    "depreciationAndAmortization": 65000000,
    "ebitda": 337000000,
    "ebitdaratio": 0.2078963603,
    "operatingIncome": 300000000,
    "operatingIncomeRatio": 0.1850709439,
    "totalOtherIncomeExpensesNet": -29000000,
    "incomeBeforeTax": 271000000,
    "incomeBeforeTaxRatio": 0.1671807526,
    "incomeTaxExpense": 93000000,
    "netIncome": 178000000,
    "netIncomeRatio": 0.10980876,
    "eps": 0.84,
    "epsdiluted": 0.83,
    "weightedAverageShsOut": 211900000,
    "weightedAverageShsOutDil": 213300000,
    "link": "https://www.sec.gov/Archives/edgar/data/1418135/000141813512000028/0001418135-12-000028-index.htm",
    "finalLink": "https://www.sec.gov/Archives/edgar/data/1418135/000141813512000028/dps-10qx63012.htm"
  },
  {
    "date": "2012-03-31",
    "symbol": "KDP",
    "reportedCurrency": "USD",
    "cik": "0001418135",
    "fillingDate": "2012-04-25",
    "acceptedDate": "2012-04-25 15:14:22",
    "calendarYear": "2012",
    "period": "Q1",
    "revenue": 1362000000,
    "costOfRevenue": 584000000,
    "grossProfit": 778000000,
    "grossProfitRatio": 0.5712187959,
    "researchAndDevelopmentExpenses": 0,
    "generalAndAdministrativeExpenses": 553000000,
    "sellingAndMarketingExpenses": 0,
    "sellingGeneralAndAdministrativeExpenses": 553000000,
    "otherExpenses": 33000000,
    "operatingExpenses": 586000000,
    "costAndExpenses": 1170000000,
    "interestIncome": 0,
    "interestExpense": 32000000,
    "depreciationAndAmortization": 60000000,
    "ebitda": 226000000,
    "ebitdaratio": 0.1659324523,
    "operatingIncome": 192000000,
    "operatingIncomeRatio": 0.140969163,
    "totalOtherIncomeExpensesNet": -29000000,
    "incomeBeforeTax": 163000000,
    "incomeBeforeTaxRatio": 0.1196769457,
    "incomeTaxExpense": 61000000,
    "netIncome": 102000000,
    "netIncomeRatio": 0.0748898678,
    "eps": 0.48,
    "epsdiluted": 0.48,
    "weightedAverageShsOut": 212600000,
    "weightedAverageShsOutDil": 213900000,
    "link": "https://www.sec.gov/Archives/edgar/data/1418135/000141813512000013/0001418135-12-000013-index.htm",
    "finalLink": "https://www.sec.gov/Archives/edgar/data/1418135/000141813512000013/dps-10qx33112.htm"
  },
  {
    "date": "2011-12-31",
    "symbol": "KDP",
    "reportedCurrency": "USD",
    "cik": "0001418135",
    "fillingDate": "2012-02-22",
    "acceptedDate": "2012-02-22 15:16:37",
    "calendarYear": "2011",
    "period": "Q4",
    "revenue": 1461000000,
    "costOfRevenue": 604000000,
    "grossProfit": 857000000,
    "grossProfitRatio": 0.5865845311,
    "researchAndDevelopmentExpenses": 0,
    "generalAndAdministrativeExpenses": 553000000,
    "sellingAndMarketingExpenses": 0,
    "sellingGeneralAndAdministrativeExpenses": 553000000,
    "otherExpenses": 33000000,
    "operatingExpenses": 586000000,
    "costAndExpenses": 1190000000,
    "interestIncome": 1000000,
    "interestExpense": 29000000,
    "depreciationAndAmortization": 31000000,
    "ebitda": 234000000,
    "ebitdaratio": 0.160164271,
    "operatingIncome": 271000000,
    "operatingIncomeRatio": 0.1854893908,
    "totalOtherIncomeExpensesNet": -25000000,
    "incomeBeforeTax": 246000000,
    "incomeBeforeTaxRatio": 0.1683778234,
    "incomeTaxExpense": 80000000,
    "netIncome": 166000000,
    "netIncomeRatio": 0.1136208077,
    "eps": 0.78,
    "epsdiluted": 0.77,
    "weightedAverageShsOut": 213600000,
    "weightedAverageShsOutDil": 216000000,
    "link": "https://www.sec.gov/Archives/edgar/data/1418135/000141813512000006/0001418135-12-000006-index.htm",
    "finalLink": "https://www.sec.gov/Archives/edgar/data/1418135/000141813512000006/dps-20111231x10k.htm"
  },
  {
    "date": "2011-09-30",
    "symbol": "KDP",
    "reportedCurrency": "USD",
    "cik": "0001418135",
    "fillingDate": "2011-10-27",
    "acceptedDate": "2011-10-27 11:26:48",
    "calendarYear": "2011",
    "period": "Q3",
    "revenue": 1529000000,
    "costOfRevenue": 672000000,
    "grossProfit": 857000000,
    "grossProfitRatio": 0.5604970569,
    "researchAndDevelopmentExpenses": 0,
    "generalAndAdministrativeExpenses": 559000000,
    "sellingAndMarketingExpenses": 0,
    "sellingGeneralAndAdministrativeExpenses": 559000000,
    "otherExpenses": 37000000,
    "operatingExpenses": 596000000,
    "costAndExpenses": 1268000000,
    "interestIncome": 1000000,
    "interestExpense": 30000000,
    "depreciationAndAmortization": 56000000,
    "ebitda": 297000000,
    "ebitdaratio": 0.1942446043,
    "operatingIncome": 261000000,
    "operatingIncomeRatio": 0.1706998038,
    "totalOtherIncomeExpensesNet": -25000000,
    "incomeBeforeTax": 236000000,
    "incomeBeforeTaxRatio": 0.1543492479,
    "incomeTaxExpense": 82000000,
    "netIncome": 154000000,
    "netIncomeRatio": 0.1007194245,
    "eps": 0.71,
    "epsdiluted": 0.71,
    "weightedAverageShsOut": 216000000,
    "weightedAverageShsOutDil": 218200000,
    "link": "https://www.sec.gov/Archives/edgar/data/1418135/000141813511000028/0001418135-11-000028-index.htm",
    "finalLink": "https://www.sec.gov/Archives/edgar/data/1418135/000141813511000028/dps-10qxax93011.htm"
  },
  {
    "date": "2011-06-30",
    "symbol": "KDP",
    "reportedCurrency": "USD",
    "cik": "0001418135",
    "fillingDate": "2011-07-27",
    "acceptedDate": "2011-07-27 15:37:26",
    "calendarYear": "2011",
    "period": "Q2",
    "revenue": 1582000000,
    "costOfRevenue": 662000000,
    "grossProfit": 920000000,
    "grossProfitRatio": 0.5815423515,
    "researchAndDevelopmentExpenses": 0,
    "generalAndAdministrativeExpenses": 598000000,
    "sellingAndMarketingExpenses": 0,
    "sellingGeneralAndAdministrativeExpenses": 598000000,
    "otherExpenses": 32000000,
    "operatingExpenses": 630000000,
    "costAndExpenses": 1292000000,
    "interestIncome": 0,
    "interestExpense": 28000000,
    "depreciationAndAmortization": 54000000,
    "ebitda": 349000000,
    "ebitdaratio": 0.2206068268,
    "operatingIncome": 290000000,
    "operatingIncomeRatio": 0.183312263,
    "totalOtherIncomeExpensesNet": -25000000,
    "incomeBeforeTax": 265000000,
    "incomeBeforeTaxRatio": 0.1675094817,
    "incomeTaxExpense": 94000000,
    "netIncome": 172000000,
    "netIncomeRatio": 0.1087231353,
    "eps": 0.78,
    "epsdiluted": 0.77,
    "weightedAverageShsOut": 221900000,
    "weightedAverageShsOutDil": 224400000,
    "link": "https://www.sec.gov/Archives/edgar/data/1418135/000141813511000016/0001418135-11-000016-index.htm",
    "finalLink": "https://www.sec.gov/Archives/edgar/data/1418135/000141813511000016/dps-10qx63011.htm"
  },
  {
    "date": "2011-03-31",
    "symbol": "KDP",
    "reportedCurrency": "USD",
    "cik": "0001418135",
    "fillingDate": "2011-04-27",
    "acceptedDate": "2011-04-27 13:17:58",
    "calendarYear": "2011",
    "period": "Q1",
    "revenue": 1331000000,
    "costOfRevenue": 547000000,
    "grossProfit": 784000000,
    "grossProfitRatio": 0.5890308039,
    "researchAndDevelopmentExpenses": 0,
    "generalAndAdministrativeExpenses": 547000000,
    "sellingAndMarketingExpenses": 0,
    "sellingGeneralAndAdministrativeExpenses": 547000000,
    "otherExpenses": 35000000,
    "operatingExpenses": 582000000,
    "costAndExpenses": 1129000000,
    "interestIncome": 1000000,
    "interestExpense": 27000000,
    "depreciationAndAmortization": 57000000,
    "ebitda": 238000000,
    "ebitdaratio": 0.1788129226,
    "operatingIncome": 202000000,
    "operatingIncomeRatio": 0.1517655898,
    "totalOtherIncomeExpensesNet": -24000000,
    "incomeBeforeTax": 178000000,
    "incomeBeforeTaxRatio": 0.1337340346,
    "incomeTaxExpense": 64000000,
    "netIncome": 114000000,
    "netIncomeRatio": 0.0856498873,
    "eps": 0.51,
    "epsdiluted": 0.5,
    "weightedAverageShsOut": 223600000,
    "weightedAverageShsOutDil": 226300000,
    "link": "https://www.sec.gov/Archives/edgar/data/1418135/000141813511000006/0001418135-11-000006-index.htm",
    "finalLink": "https://www.sec.gov/Archives/edgar/data/1418135/000141813511000006/dps10q33111.htm"
  },
  {
    "date": "2010-12-31",
    "symbol": "KDP",
    "reportedCurrency": "USD",
    "cik": "0001418135",
    "fillingDate": "2011-02-22",
    "acceptedDate": "2011-02-22 15:22:29",
    "calendarYear": "2010",
    "period": "Q4",
    "revenue": 1412000000,
    "costOfRevenue": 554000000,
    "grossProfit": 858000000,
    "grossProfitRatio": 0.6076487252,
    "researchAndDevelopmentExpenses": 0,
    "generalAndAdministrativeExpenses": 551000000,
    "sellingAndMarketingExpenses": 0,
    "sellingGeneralAndAdministrativeExpenses": 551000000,
    "otherExpenses": 0,
    "operatingExpenses": 582000000,
    "costAndExpenses": 1136000000,
    "interestIncome": 1000000,
    "interestExpense": 34000000,
    "depreciationAndAmortization": 58000000,
    "ebitda": 145000000,
    "ebitdaratio": 0.1026912181,
    "operatingIncome": 268000000,
    "operatingIncomeRatio": 0.1898016997,
    "totalOtherIncomeExpensesNet": -119000000,
    "incomeBeforeTax": 149000000,
    "incomeBeforeTaxRatio": 0.1055240793,
    "incomeTaxExpense": 37000000,
    "netIncome": 112000000,
    "netIncomeRatio": 0.0793201133,
    "eps": 0.5,
    "epsdiluted": 0.5,
    "weightedAverageShsOut": 223600000,
    "weightedAverageShsOutDil": 223600000,
    "link": "https://www.sec.gov/Archives/edgar/data/1418135/000144530511000302/0001445305-11-000302-index.htm",
    "finalLink": "https://www.sec.gov/Archives/edgar/data/1418135/000144530511000302/dps2010123110k.htm"
  },
  {
    "date": "2010-09-30",
    "symbol": "KDP",
    "reportedCurrency": "USD",
    "cik": "0001418135",
    "fillingDate": "2010-10-27",
    "acceptedDate": "2010-10-27 16:52:34",
    "calendarYear": "2010",
    "period": "Q3",
    "revenue": 1457000000,
    "costOfRevenue": 600000000,
    "grossProfit": 857000000,
    "grossProfitRatio": 0.5881949211,
    "researchAndDevelopmentExpenses": 0,
    "generalAndAdministrativeExpenses": 564000000,
    "sellingAndMarketingExpenses": 0,
    "sellingGeneralAndAdministrativeExpenses": 564000000,
    "otherExpenses": 33000000,
    "operatingExpenses": 597000000,
    "costAndExpenses": 1197000000,
    "interestIncome": 0,
    "interestExpense": 31000000,
    "depreciationAndAmortization": 32000000,
    "ebitda": 294000000,
    "ebitdaratio": 0.2017844887,
    "operatingIncome": 260000000,
    "operatingIncomeRatio": 0.1784488675,
    "totalOtherIncomeExpensesNet": -29000000,
    "incomeBeforeTax": 231000000,
    "incomeBeforeTaxRatio": 0.1585449554,
    "incomeTaxExpense": 87000000,
    "netIncome": 144000000,
    "netIncomeRatio": 0.0988332189,
    "eps": 0.61,
    "epsdiluted": 0.6,
    "weightedAverageShsOut": 238000000,
    "weightedAverageShsOutDil": 240400000,
    "link": "https://www.sec.gov/Archives/edgar/data/1418135/000095012310096688/0000950123-10-096688-index.htm",
    "finalLink": "https://www.sec.gov/Archives/edgar/data/1418135/000095012310096688/d76487e10vq.htm"
  },
  {
    "date": "2010-06-30",
    "symbol": "KDP",
    "reportedCurrency": "USD",
    "cik": "0001418135",
    "fillingDate": "2010-07-29",
    "acceptedDate": "2010-07-29 13:26:02",
    "calendarYear": "2010",
    "period": "Q2",
    "revenue": 1519000000,
    "costOfRevenue": 593000000,
    "grossProfit": 926000000,
    "grossProfitRatio": 0.6096115866,
    "researchAndDevelopmentExpenses": 0,
    "generalAndAdministrativeExpenses": 587000000,
    "sellingAndMarketingExpenses": 0,
    "sellingGeneralAndAdministrativeExpenses": 587000000,
    "otherExpenses": 29000000,
    "operatingExpenses": 616000000,
    "costAndExpenses": 1209000000,
    "interestIncome": 1000000,
    "interestExpense": 29000000,
    "depreciationAndAmortization": 55000000,
    "ebitda": 368000000,
    "ebitdaratio": 0.2422646478,
    "operatingIncome": 310000000,
    "operatingIncomeRatio": 0.2040816327,
    "totalOtherIncomeExpensesNet": -26000000,
    "incomeBeforeTax": 284000000,
    "incomeBeforeTaxRatio": 0.1869651086,
    "incomeTaxExpense": 102000000,
    "netIncome": 183000000,
    "netIncomeRatio": 0.1204739961,
    "eps": 0.75,
    "epsdiluted": 0.74,
    "weightedAverageShsOut": 244500000,
    "weightedAverageShsOutDil": 246700000,
    "link": "https://www.sec.gov/Archives/edgar/data/1418135/000095012310069642/0000950123-10-069642-index.htm",
    "finalLink": "https://www.sec.gov/Archives/edgar/data/1418135/000095012310069642/d73118e10vq.htm"
  },
  {
    "date": "2010-03-31",
    "symbol": "KDP",
    "reportedCurrency": "USD",
    "cik": "0001418135",
    "fillingDate": "2010-05-06",
    "acceptedDate": "2010-05-06 13:00:16",
    "calendarYear": "2010",
    "period": "Q1",
    "revenue": 1248000000,
    "costOfRevenue": 496000000,
    "grossProfit": 752000000,
    "grossProfitRatio": 0.6025641026,
    "researchAndDevelopmentExpenses": 0,
    "generalAndAdministrativeExpenses": 531000000,
    "sellingAndMarketingExpenses": 0,
    "sellingGeneralAndAdministrativeExpenses": 531000000,
    "otherExpenses": 34000000,
    "operatingExpenses": 565000000,
    "costAndExpenses": 1061000000,
    "interestIncome": 1000000,
    "interestExpense": 34000000,
    "depreciationAndAmortization": 54000000,
    "ebitda": 222000000,
    "ebitdaratio": 0.1778846154,
    "operatingIncome": 187000000,
    "operatingIncomeRatio": 0.1498397436,
    "totalOtherIncomeExpensesNet": -30000000,
    "incomeBeforeTax": 157000000,
    "incomeBeforeTaxRatio": 0.1258012821,
    "incomeTaxExpense": 68000000,
    "netIncome": 89000000,
    "netIncomeRatio": 0.0713141026,
    "eps": 0.35,
    "epsdiluted": 0.35,
    "weightedAverageShsOut": 253300000,
    "weightedAverageShsOutDil": 255100000,
    "link": "https://www.sec.gov/Archives/edgar/data/1418135/000095012310045289/0000950123-10-045289-index.htm",
    "finalLink": "https://www.sec.gov/Archives/edgar/data/1418135/000095012310045289/d72288e10vq.htm"
  },
  {
    "date": "2009-12-31",
    "symbol": "KDP",
    "reportedCurrency": "USD",
    "cik": "0001418135",
    "fillingDate": "2010-03-01",
    "acceptedDate": "2010-02-26 21:22:45",
    "calendarYear": "2009",
    "period": "Q4",
    "revenue": 1356000000,
    "costOfRevenue": 528000000,
    "grossProfit": 828000000,
    "grossProfitRatio": 0.610619469,
    "researchAndDevelopmentExpenses": 0,
    "generalAndAdministrativeExpenses": 539000000,
    "sellingAndMarketingExpenses": 0,
    "sellingGeneralAndAdministrativeExpenses": 539000000,
    "otherExpenses": 38000000,
    "operatingExpenses": 577000000,
    "costAndExpenses": 1105000000,
    "interestIncome": 1000000,
    "interestExpense": 85000000,
    "depreciationAndAmortization": 56000000,
    "ebitda": 215000000,
    "ebitdaratio": 0.1585545723,
    "operatingIncome": 251000000,
    "operatingIncomeRatio": 0.1851032448,
    "totalOtherIncomeExpensesNet": -87000000,
    "incomeBeforeTax": 164000000,
    "incomeBeforeTaxRatio": 0.1209439528,
    "incomeTaxExpense": 50000000,
    "netIncome": 114000000,
    "netIncomeRatio": 0.0840707965,
    "eps": 0.45,
    "epsdiluted": 0.45,
    "weightedAverageShsOut": 253300000,
    "weightedAverageShsOutDil": 253300000,
    "link": "https://www.sec.gov/Archives/edgar/data/1418135/000095012310018549/0000950123-10-018549-index.htm",
    "finalLink": "https://www.sec.gov/Archives/edgar/data/1418135/000095012310018549/d70873e10vk.htm"
  },
  {
    "date": "2009-09-30",
    "symbol": "KDP",
    "reportedCurrency": "USD",
    "cik": "0001418135",
    "fillingDate": "2009-11-05",
    "acceptedDate": "2009-11-05 14:30:19",
    "calendarYear": "2009",
    "period": "Q3",
    "revenue": 1434000000,
    "costOfRevenue": 579000000,
    "grossProfit": 855000000,
    "grossProfitRatio": 0.5962343096,
    "researchAndDevelopmentExpenses": 0,
    "generalAndAdministrativeExpenses": 547000000,
    "sellingAndMarketingExpenses": 0,
    "sellingGeneralAndAdministrativeExpenses": 547000000,
    "otherExpenses": 36000000,
    "operatingExpenses": 583000000,
    "costAndExpenses": 1162000000,
    "interestIncome": 1000000,
    "interestExpense": 51000000,
    "depreciationAndAmortization": 52000000,
    "ebitda": 345000000,
    "ebitdaratio": 0.2405857741,
    "operatingIncome": 272000000,
    "operatingIncomeRatio": 0.189679219,
    "totalOtherIncomeExpensesNet": -30000000,
    "incomeBeforeTax": 242000000,
    "incomeBeforeTaxRatio": 0.1687587169,
    "incomeTaxExpense": 92000000,
    "netIncome": 151000000,
    "netIncomeRatio": 0.1052998605,
    "eps": 0.59,
    "epsdiluted": 0.59,
    "weightedAverageShsOut": 254200000,
    "weightedAverageShsOutDil": 255500000,
    "link": "https://www.sec.gov/Archives/edgar/data/1418135/000095012309058290/0000950123-09-058290-index.htm",
    "finalLink": "https://www.sec.gov/Archives/edgar/data/1418135/000095012309058290/d69848e10vq.htm"
  },
  {
    "date": "2009-06-30",
    "symbol": "KDP",
    "reportedCurrency": "USD",
    "cik": "0001418135",
    "fillingDate": "2009-08-13",
    "acceptedDate": "2009-08-13 12:37:08",
    "calendarYear": "2009",
    "period": "Q2",
    "revenue": 1481000000,
    "costOfRevenue": 596000000,
    "grossProfit": 885000000,
    "grossProfitRatio": 0.59756921,
    "researchAndDevelopmentExpenses": 0,
    "generalAndAdministrativeExpenses": 550000000,
    "sellingAndMarketingExpenses": 0,
    "sellingGeneralAndAdministrativeExpenses": 550000000,
    "otherExpenses": 38000000,
    "operatingExpenses": 588000000,
    "costAndExpenses": 1184000000,
    "interestIncome": 1000000,
    "interestExpense": 52000000,
    "depreciationAndAmortization": 50000000,
    "ebitda": 350000000,
    "ebitdaratio": 0.2363268062,
    "operatingIncome": 297000000,
    "operatingIncomeRatio": 0.2005401756,
    "totalOtherIncomeExpensesNet": -49000000,
    "incomeBeforeTax": 248000000,
    "incomeBeforeTaxRatio": 0.1674544227,
    "incomeTaxExpense": 91000000,
    "netIncome": 158000000,
    "netIncomeRatio": 0.1066846725,
    "eps": 0.62,
    "epsdiluted": 0.62,
    "weightedAverageShsOut": 254200000,
    "weightedAverageShsOutDil": 255100000,
    "link": "https://www.sec.gov/Archives/edgar/data/1418135/000095012309034487/0000950123-09-034487-index.htm",
    "finalLink": "https://www.sec.gov/Archives/edgar/data/1418135/000095012309034487/d68778e10vq.htm"
  },
  {
    "date": "2009-03-31",
    "symbol": "KDP",
    "reportedCurrency": "USD",
    "cik": "0001418135",
    "fillingDate": "2009-05-13",
    "acceptedDate": "2009-05-13 14:35:57",
    "calendarYear": "2009",
    "period": "Q1",
    "revenue": 1260000000,
    "costOfRevenue": 531000000,
    "grossProfit": 729000000,
    "grossProfitRatio": 0.5785714286,
    "researchAndDevelopmentExpenses": 0,
    "generalAndAdministrativeExpenses": 499000000,
    "sellingAndMarketingExpenses": 0,
    "sellingGeneralAndAdministrativeExpenses": 499000000,
    "otherExpenses": -35000000,
    "operatingExpenses": 464000000,
    "costAndExpenses": 995000000,
    "interestIncome": 1000000,
    "interestExpense": 55000000,
    "depreciationAndAmortization": 49000000,
    "ebitda": 296000000,
    "ebitdaratio": 0.2349206349,
    "operatingIncome": 265000000,
    "operatingIncomeRatio": 0.2103174603,
    "totalOtherIncomeExpensesNet": -51000000,
    "incomeBeforeTax": 214000000,
    "incomeBeforeTaxRatio": 0.1698412698,
    "incomeTaxExpense": 82000000,
    "netIncome": 132000000,
    "netIncomeRatio": 0.1047619048,
    "eps": 0.52,
    "epsdiluted": 0.52,
    "weightedAverageShsOut": 254200000,
    "weightedAverageShsOutDil": 254300000,
    "link": "https://www.sec.gov/Archives/edgar/data/1418135/000095013409010540/0000950134-09-010540-index.htm",
    "finalLink": "https://www.sec.gov/Archives/edgar/data/1418135/000095013409010540/d67416e10vq.htm"
  },
  {
    "date": "2008-12-31",
    "symbol": "KDP",
    "reportedCurrency": "USD",
    "cik": "0001418135",
    "fillingDate": "2009-03-26",
    "acceptedDate": "2009-03-26 15:08:20",
    "calendarYear": "2008",
    "period": "Q4",
    "revenue": 1341000000,
    "costOfRevenue": 587000000,
    "grossProfit": 754000000,
    "grossProfitRatio": 0.562266965,
    "researchAndDevelopmentExpenses": 0,
    "generalAndAdministrativeExpenses": 489000000,
    "sellingAndMarketingExpenses": 0,
    "sellingGeneralAndAdministrativeExpenses": 489000000,
    "otherExpenses": 0,
    "operatingExpenses": 1564000000,
    "costAndExpenses": 2151000000,
    "interestIncome": 2000000,
    "interestExpense": 58000000,
    "depreciationAndAmortization": 62000000,
    "ebitda": -748000000,
    "ebitdaratio": -0.557792692,
    "operatingIncome": -836000000,
    "operatingIncomeRatio": -0.6234153617,
    "totalOtherIncomeExpensesNet": -46000000,
    "incomeBeforeTax": -882000000,
    "incomeBeforeTaxRatio": -0.6577181208,
    "incomeTaxExpense": -260000000,
    "netIncome": -621000000,
    "netIncomeRatio": -0.4630872483,
    "eps": -2.44,
    "epsdiluted": -2.44,
    "weightedAverageShsOut": 254000000,
    "weightedAverageShsOutDil": 254200000,
    "link": "https://www.sec.gov/Archives/edgar/data/1418135/000095013409006140/0000950134-09-006140-index.htm",
    "finalLink": "https://www.sec.gov/Archives/edgar/data/1418135/000095013409006140/d66682e10vk.htm"
  },
  {
    "date": "2008-09-30",
    "symbol": "KDP",
    "reportedCurrency": "USD",
    "cik": "0001418135",
    "fillingDate": "2008-11-13",
    "acceptedDate": "2008-11-13 15:40:21",
    "calendarYear": "2008",
    "period": "Q3",
    "revenue": 1505000000,
    "costOfRevenue": 720000000,
    "grossProfit": 785000000,
    "grossProfitRatio": 0.5215946844,
    "researchAndDevelopmentExpenses": 0,
    "generalAndAdministrativeExpenses": 542000000,
    "sellingAndMarketingExpenses": 0,
    "sellingGeneralAndAdministrativeExpenses": 542000000,
    "otherExpenses": 0,
    "operatingExpenses": 565000000,
    "costAndExpenses": 1285000000,
    "interestIncome": 3000000,
    "interestExpense": 59000000,
    "depreciationAndAmortization": 47000000,
    "ebitda": 266000000,
    "ebitdaratio": 0.176744186,
    "operatingIncome": 213000000,
    "operatingIncomeRatio": 0.1415282392,
    "totalOtherIncomeExpensesNet": -49000000,
    "incomeBeforeTax": 164000000,
    "incomeBeforeTaxRatio": 0.1089700997,
    "incomeTaxExpense": 59000000,
    "netIncome": 106000000,
    "netIncomeRatio": 0.0704318937,
    "eps": 0.41,
    "epsdiluted": 0.41,
    "weightedAverageShsOut": 254200000,
    "weightedAverageShsOutDil": 254200000,
    "link": "https://www.sec.gov/Archives/edgar/data/1418135/000095013408020452/0000950134-08-020452-index.htm",
    "finalLink": "https://www.sec.gov/Archives/edgar/data/1418135/000095013408020452/d65131e10vq.htm"
  },
  {
    "date": "2008-06-30",
    "symbol": "KDP",
    "reportedCurrency": "USD",
    "cik": "0001418135",
    "fillingDate": "2008-08-13",
    "acceptedDate": "2008-08-13 16:36:59",
    "calendarYear": "2008",
    "period": "Q2",
    "revenue": 1557000000,
    "costOfRevenue": 706000000,
    "grossProfit": 851000000,
    "grossProfitRatio": 0.5465639049,
    "researchAndDevelopmentExpenses": 0,
    "generalAndAdministrativeExpenses": 536000000,
    "sellingAndMarketingExpenses": 0,
    "sellingGeneralAndAdministrativeExpenses": 536000000,
    "otherExpenses": 0,
    "operatingExpenses": 568000000,
    "costAndExpenses": 1274000000,
    "interestIncome": 10000000,
    "interestExpense": 92000000,
    "depreciationAndAmortization": 51000000,
    "ebitda": 308000000,
    "ebitdaratio": 0.1978163134,
    "operatingIncome": 269000000,
    "operatingIncomeRatio": 0.1727681439,
    "totalOtherIncomeExpensesNet": -81000000,
    "incomeBeforeTax": 188000000,
    "incomeBeforeTaxRatio": 0.1207450225,
    "incomeTaxExpense": 80000000,
    "netIncome": 108000000,
    "netIncomeRatio": 0.0693641618,
    "eps": 0.42,
    "epsdiluted": 0.42,
    "weightedAverageShsOut": 254000000,
    "weightedAverageShsOutDil": 254000000,
    "link": "https://www.sec.gov/Archives/edgar/data/1418135/000095013408015122/0000950134-08-015122-index.htm",
    "finalLink": "https://www.sec.gov/Archives/edgar/data/1418135/000095013408015122/d59032e10vq.htm"
  },
  {
    "date": "2008-03-31",
    "symbol": "KDP",
    "reportedCurrency": "USD",
    "cik": "0001418135",
    "fillingDate": "2008-06-05",
    "acceptedDate": "2008-06-05 12:14:17",
    "calendarYear": "2008",
    "period": "Q1",
    "revenue": 1307000000,
    "costOfRevenue": 577000000,
    "grossProfit": 730000000,
    "grossProfitRatio": 0.558530987,
    "researchAndDevelopmentExpenses": 0,
    "generalAndAdministrativeExpenses": 508000000,
    "sellingAndMarketingExpenses": 0,
    "sellingGeneralAndAdministrativeExpenses": 508000000,
    "otherExpenses": 0,
    "operatingExpenses": 534000000,
    "costAndExpenses": 1111000000,
    "interestIncome": 17000000,
    "interestExpense": 48000000,
    "depreciationAndAmortization": 48000000,
    "ebitda": 231000000,
    "ebitdaratio": 0.1767406274,
    "operatingIncome": 186000000,
    "operatingIncomeRatio": 0.142310635,
    "totalOtherIncomeExpensesNet": -31000000,
    "incomeBeforeTax": 155000000,
    "incomeBeforeTaxRatio": 0.1185921959,
    "incomeTaxExpense": 60000000,
    "netIncome": 95000000,
    "netIncomeRatio": 0.0726855394,
    "eps": 0.38,
    "epsdiluted": 0.38,
    "weightedAverageShsOut": 253700000,
    "weightedAverageShsOutDil": 253700000,
    "link": "https://www.sec.gov/Archives/edgar/data/1418135/000095013408010797/0000950134-08-010797-index.htm",
    "finalLink": "https://www.sec.gov/Archives/edgar/data/1418135/000095013408010797/d57097e10vq.htm"
  },
  {
    "date": "2007-12-31",
    "symbol": "KDP",
    "reportedCurrency": "USD",
    "cik": "0001418135",
    "fillingDate": "2007-12-31",
    "acceptedDate": "2007-12-30 19:00:00",
    "calendarYear": "2007",
    "period": "Q4",
    "revenue": 1401000000,
    "costOfRevenue": 0,
    "grossProfit": 1401000000,
    "grossProfitRatio": 1,
    "researchAndDevelopmentExpenses": 0,
    "generalAndAdministrativeExpenses": 0,
    "sellingAndMarketingExpenses": 0,
    "sellingGeneralAndAdministrativeExpenses": 0,
    "otherExpenses": 1401000000,
    "operatingExpenses": 1075000000,
    "costAndExpenses": 1075000000,
    "interestIncome": 0,
    "interestExpense": 0,
    "depreciationAndAmortization": 42000000,
    "ebitda": -3343000000,
    "ebitdaratio": -2.386152748,
    "operatingIncome": -3343000000,
    "operatingIncomeRatio": -2.386152748,
    "totalOtherIncomeExpensesNet": 3343000000,
    "incomeBeforeTax": 0,
    "incomeBeforeTaxRatio": 0,
    "incomeTaxExpense": -3523000000,
    "netIncome": 138000000,
    "netIncomeRatio": 0.0985010707,
    "eps": 0.55,
    "epsdiluted": 0.55,
    "weightedAverageShsOut": 250000000,
    "weightedAverageShsOutDil": 250000000,
    "link": "",
    "finalLink": ""
  },
  {
    "date": "2007-09-30",
    "symbol": "KDP",
    "reportedCurrency": "USD",
    "cik": "0001418135",
    "fillingDate": "2007-09-30",
    "acceptedDate": "2007-09-29 20:00:00",
    "calendarYear": "2007",
    "period": "Q3",
    "revenue": 1535000000,
    "costOfRevenue": 0,
    "grossProfit": 1535000000,
    "grossProfitRatio": 1,
    "researchAndDevelopmentExpenses": 0,
    "generalAndAdministrativeExpenses": 0,
    "sellingAndMarketingExpenses": 0,
    "sellingGeneralAndAdministrativeExpenses": 0,
    "otherExpenses": 0,
    "operatingExpenses": 0,
    "costAndExpenses": 0,
    "interestIncome": 0,
    "interestExpense": 0,
    "depreciationAndAmortization": 0,
    "ebitda": 1535000000,
    "ebitdaratio": 1,
    "operatingIncome": 1535000000,
    "operatingIncomeRatio": 1,
    "totalOtherIncomeExpensesNet": -1535000000,
    "incomeBeforeTax": 0,
    "incomeBeforeTaxRatio": 0,
    "incomeTaxExpense": -153000000,
    "netIncome": 153000000,
    "netIncomeRatio": 0.0996742671,
    "eps": 0.6,
    "epsdiluted": 0.6,
    "weightedAverageShsOut": 253086420,
    "weightedAverageShsOutDil": 253086420,
    "link": "",
    "finalLink": ""
  },
  {
    "date": "2007-06-30",
    "symbol": "KDP",
    "reportedCurrency": "USD",
    "cik": "0001418135",
    "fillingDate": "2007-06-30",
    "acceptedDate": "2007-06-29 20:00:00",
    "calendarYear": "2007",
    "period": "Q2",
    "revenue": 1406000000,
    "costOfRevenue": 0,
    "grossProfit": 1406000000,
    "grossProfitRatio": 1,
    "researchAndDevelopmentExpenses": 0,
    "generalAndAdministrativeExpenses": 0,
    "sellingAndMarketingExpenses": 0,
    "sellingGeneralAndAdministrativeExpenses": 0,
    "otherExpenses": 0,
    "operatingExpenses": 0,
    "costAndExpenses": 0,
    "interestIncome": 0,
    "interestExpense": 0,
    "depreciationAndAmortization": 0,
    "ebitda": 1406000000,
    "ebitdaratio": 1,
    "operatingIncome": 1406000000,
    "operatingIncomeRatio": 1,
    "totalOtherIncomeExpensesNet": -1406000000,
    "incomeBeforeTax": 0,
    "incomeBeforeTaxRatio": 0,
    "incomeTaxExpense": -103000000,
    "netIncome": 103000000,
    "netIncomeRatio": 0.073257468,
    "eps": 0.41,
    "epsdiluted": 0.41,
    "weightedAverageShsOut": 251219512,
    "weightedAverageShsOutDil": 251219512,
    "link": "",
    "finalLink": ""
  },
  {
    "date": "2007-03-31",
    "symbol": "KDP",
    "reportedCurrency": "USD",
    "cik": "0001418135",
    "fillingDate": "2007-03-31",
    "acceptedDate": "2007-03-30 20:00:00",
    "calendarYear": "2007",
    "period": "Q1",
    "revenue": 1406000000,
    "costOfRevenue": 0,
    "grossProfit": 1406000000,
    "grossProfitRatio": 1,
    "researchAndDevelopmentExpenses": 0,
    "generalAndAdministrativeExpenses": 0,
    "sellingAndMarketingExpenses": 0,
    "sellingGeneralAndAdministrativeExpenses": 0,
    "otherExpenses": 0,
    "operatingExpenses": 0,
    "costAndExpenses": 0,
    "interestIncome": 0,
    "interestExpense": 0,
    "depreciationAndAmortization": 0,
    "ebitda": 1406000000,
    "ebitdaratio": 1,
    "operatingIncome": 1406000000,
    "operatingIncomeRatio": 1,
    "totalOtherIncomeExpensesNet": -1406000000,
    "incomeBeforeTax": 0,
    "incomeBeforeTaxRatio": 0,
    "incomeTaxExpense": -103000000,
    "netIncome": 103000000,
    "netIncomeRatio": 0.073257468,
    "eps": 0.41,
    "epsdiluted": 0.41,
    "weightedAverageShsOut": 251219512,
    "weightedAverageShsOutDil": 251219512,
    "link": "",
    "finalLink": ""
  },
  {
    "date": "2006-12-31",
    "symbol": "KDP",
    "reportedCurrency": "USD",
    "cik": "0001418135",
    "fillingDate": "2006-12-31",
    "acceptedDate": "2006-12-30 19:00:00",
    "calendarYear": "2006",
    "period": "Q4",
    "revenue": 424000000,
    "costOfRevenue": 0,
    "grossProfit": 424000000,
    "grossProfitRatio": 1,
    "researchAndDevelopmentExpenses": 0,
    "generalAndAdministrativeExpenses": 0,
    "sellingAndMarketingExpenses": 0,
    "sellingGeneralAndAdministrativeExpenses": 0,
    "otherExpenses": 424000000,
    "operatingExpenses": -3690000000,
    "costAndExpenses": -3690000000,
    "interestIncome": 0,
    "interestExpense": 0,
    "depreciationAndAmortization": 0,
    "ebitda": -3266000000,
    "ebitdaratio": -7.7028301887,
    "operatingIncome": -3266000000,
    "operatingIncomeRatio": -7.7028301887,
    "totalOtherIncomeExpensesNet": 3266000000,
    "incomeBeforeTax": 0,
    "incomeBeforeTaxRatio": 0,
    "incomeTaxExpense": -138000000,
    "netIncome": 138000000,
    "netIncomeRatio": 0.3254716981,
    "eps": 0.53,
    "epsdiluted": 0.53,
    "weightedAverageShsOut": 254816327,
    "weightedAverageShsOutDil": 258333333,
    "link": "",
    "finalLink": ""
  },
  {
    "date": "2006-09-30",
    "symbol": "KDP",
    "reportedCurrency": "USD",
    "cik": "0001418135",
    "fillingDate": "2006-09-30",
    "acceptedDate": "2006-09-29 20:00:00",
    "calendarYear": "2006",
    "period": "Q3",
    "revenue": 1437000000,
    "costOfRevenue": 0,
    "grossProfit": 1437000000,
    "grossProfitRatio": 1,
    "researchAndDevelopmentExpenses": 0,
    "generalAndAdministrativeExpenses": 0,
    "sellingAndMarketingExpenses": 0,
    "sellingGeneralAndAdministrativeExpenses": 0,
    "otherExpenses": 0,
    "operatingExpenses": 0,
    "costAndExpenses": 0,
    "interestIncome": 0,
    "interestExpense": 0,
    "depreciationAndAmortization": 0,
    "ebitda": 1437000000,
    "ebitdaratio": 1,
    "operatingIncome": 1437000000,
    "operatingIncomeRatio": 1,
    "totalOtherIncomeExpensesNet": -1437000000,
    "incomeBeforeTax": 0,
    "incomeBeforeTaxRatio": 0,
    "incomeTaxExpense": -124000000,
    "netIncome": 124000000,
    "netIncomeRatio": 0.0862908838,
    "eps": 0.48,
    "epsdiluted": 0.48,
    "weightedAverageShsOut": 258333333,
    "weightedAverageShsOutDil": 258333333,
    "link": "",
    "finalLink": ""
  },
  {
    "date": "2006-06-30",
    "symbol": "KDP",
    "reportedCurrency": "USD",
    "cik": "0001418135",
    "fillingDate": "2006-06-30",
    "acceptedDate": "2006-06-29 20:00:00",
    "calendarYear": "2006",
    "period": "Q2",
    "revenue": 1437000000,
    "costOfRevenue": 0,
    "grossProfit": 1437000000,
    "grossProfitRatio": 1,
    "researchAndDevelopmentExpenses": 0,
    "generalAndAdministrativeExpenses": 0,
    "sellingAndMarketingExpenses": 0,
    "sellingGeneralAndAdministrativeExpenses": 0,
    "otherExpenses": 0,
    "operatingExpenses": 0,
    "costAndExpenses": 0,
    "interestIncome": 0,
    "interestExpense": 0,
    "depreciationAndAmortization": 0,
    "ebitda": 1437000000,
    "ebitdaratio": 1,
    "operatingIncome": 1437000000,
    "operatingIncomeRatio": 1,
    "totalOtherIncomeExpensesNet": -1437000000,
    "incomeBeforeTax": 0,
    "incomeBeforeTaxRatio": 0,
    "incomeTaxExpense": -124000000,
    "netIncome": 124000000,
    "netIncomeRatio": 0.0862908838,
    "eps": 0.48,
    "epsdiluted": 0.48,
    "weightedAverageShsOut": 258333333,
    "weightedAverageShsOutDil": 258333333,
    "link": "",
    "finalLink": ""
  },
  {
    "date": "2006-03-31",
    "symbol": "KDP",
    "reportedCurrency": "USD",
    "cik": "0001418135",
    "fillingDate": "2006-03-31",
    "acceptedDate": "2006-03-30 19:00:00",
    "calendarYear": "2006",
    "period": "Q1",
    "revenue": 1437000000,
    "costOfRevenue": 0,
    "grossProfit": 1437000000,
    "grossProfitRatio": 1,
    "researchAndDevelopmentExpenses": 0,
    "generalAndAdministrativeExpenses": 0,
    "sellingAndMarketingExpenses": 0,
    "sellingGeneralAndAdministrativeExpenses": 0,
    "otherExpenses": 0,
    "operatingExpenses": 0,
    "costAndExpenses": 0,
    "interestIncome": 0,
    "interestExpense": 0,
    "depreciationAndAmortization": 0,
    "ebitda": 1437000000,
    "ebitdaratio": 1,
    "operatingIncome": 1437000000,
    "operatingIncomeRatio": 1,
    "totalOtherIncomeExpensesNet": -1437000000,
    "incomeBeforeTax": 0,
    "incomeBeforeTaxRatio": 0,
    "incomeTaxExpense": -124000000,
    "netIncome": 124000000,
    "netIncomeRatio": 0.0862908838,
    "eps": 0.48,
    "epsdiluted": 0.48,
    "weightedAverageShsOut": 258333333,
    "weightedAverageShsOutDil": 258333333,
    "link": "",
    "finalLink": ""
  }
]