[
  {
    "date": "2024-12-31",
    "symbol": "KEY",
    "reportedCurrency": "USD",
    "cik": "0000091576",
    "fillingDate": "2025-02-21",
    "acceptedDate": "2025-02-21 15:54:59",
    "calendarYear": "2024",
    "period": "FY",
    "revenue": 9055000000,
    "costOfRevenue": 4997000000,
    "grossProfit": 4058000000,
    "grossProfitRatio": 0.4481501933,
    "researchAndDevelopmentExpenses": 0,
    "generalAndAdministrativeExpenses": 2775000000,
    "sellingAndMarketingExpenses": 94000000,
    "sellingGeneralAndAdministrativeExpenses": 2869000000,
    "otherExpenses": 1495000000,
    "operatingExpenses": 4364000000,
    "costAndExpenses": 9361000000,
    "interestIncome": 8427000000,
    "interestExpense": 4662000000,
    "depreciationAndAmortization": 73000000,
    "ebitda": -233000000,
    "ebitdaratio": -0.02573164,
    "operatingIncome": -306000000,
    "operatingIncomeRatio": -0.0337934843,
    "totalOtherIncomeExpensesNet": 0,
    "incomeBeforeTax": -306000000,
    "incomeBeforeTaxRatio": -0.0337934843,
    "incomeTaxExpense": -143000000,
    "netIncome": -161000000,
    "netIncomeRatio": -0.0177802319,
    "eps": -0.32,
    "epsdiluted": -0.32,
    "weightedAverageShsOut": 949561000,
    "weightedAverageShsOutDil": 949561000,
    "link": "https://www.sec.gov/Archives/edgar/data/91576/000009157625000038/0000091576-25-000038-index.htm",
    "finalLink": "https://www.sec.gov/Archives/edgar/data/91576/000009157625000038/key-20241231.htm"
  },
  {
    "date": "2023-12-31",
    "symbol": "KEY",
    "reportedCurrency": "USD",
    "cik": "0000091576",
    "fillingDate": "2024-02-22",
    "acceptedDate": "2024-02-22 15:18:06",
    "calendarYear": "2023",
    "period": "FY",
    "revenue": 10229000000,
    "costOfRevenue": 4503000000,
    "grossProfit": 5726000000,
    "grossProfitRatio": 0.5597810148,
    "researchAndDevelopmentExpenses": 0,
    "generalAndAdministrativeExpenses": 2656000000,
    "sellingAndMarketingExpenses": 109000000,
    "sellingGeneralAndAdministrativeExpenses": 2765000000,
    "otherExpenses": 1801000000,
    "operatingExpenses": 4566000000,
    "costAndExpenses": 9069000000,
    "interestIncome": 7927000000,
    "interestExpense": 4014000000,
    "depreciationAndAmortization": 154000000,
    "ebitda": 1314000000,
    "ebitdaratio": 0.1284583048,
    "operatingIncome": 1160000000,
    "operatingIncomeRatio": 0.1134030697,
    "totalOtherIncomeExpensesNet": 0,
    "incomeBeforeTax": 1160000000,
    "incomeBeforeTaxRatio": 0.1134030697,
    "incomeTaxExpense": 196000000,
    "netIncome": 967000000,
    "netIncomeRatio": 0.0945351452,
    "eps": 0.88,
    "epsdiluted": 0.88,
    "weightedAverageShsOut": 927217000,
    "weightedAverageShsOutDil": 932759000,
    "link": "https://www.sec.gov/Archives/edgar/data/91576/000009157624000040/0000091576-24-000040-index.htm",
    "finalLink": "https://www.sec.gov/Archives/edgar/data/91576/000009157624000040/key-20231231.htm"
  },
  {
    "date": "2022-12-31",
    "symbol": "KEY",
    "reportedCurrency": "USD",
    "cik": "0000091576",
    "fillingDate": "2023-02-22",
    "acceptedDate": "2023-02-22 15:19:02",
    "calendarYear": "2022",
    "period": "FY",
    "revenue": 7911000000,
    "costOfRevenue": 1387000000,
    "grossProfit": 6524000000,
    "grossProfitRatio": 0.8246745039,
    "researchAndDevelopmentExpenses": 0,
    "generalAndAdministrativeExpenses": 2657000000,
    "sellingAndMarketingExpenses": 123000000,
    "sellingGeneralAndAdministrativeExpenses": 2780000000,
    "otherExpenses": 1411000000,
    "operatingExpenses": 4191000000,
    "costAndExpenses": 5578000000,
    "interestIncome": 5412000000,
    "interestExpense": 885000000,
    "depreciationAndAmortization": 164000000,
    "ebitda": 2497000000,
    "ebitdaratio": 0.3156364556,
    "operatingIncome": 2333000000,
    "operatingIncomeRatio": 0.2949058273,
    "totalOtherIncomeExpensesNet": 0,
    "incomeBeforeTax": 2333000000,
    "incomeBeforeTaxRatio": 0.2949058273,
    "incomeTaxExpense": 422000000,
    "netIncome": 1917000000,
    "netIncomeRatio": 0.2423208191,
    "eps": 1.95,
    "epsdiluted": 1.93,
    "weightedAverageShsOut": 924363000,
    "weightedAverageShsOutDil": 933059000,
    "link": "https://www.sec.gov/Archives/edgar/data/91576/000009157623000026/0000091576-23-000026-index.htm",
    "finalLink": "https://www.sec.gov/Archives/edgar/data/91576/000009157623000026/key-20221231.htm"
  },
  {
    "date": "2021-12-31",
    "symbol": "KEY",
    "reportedCurrency": "USD",
    "cik": "0000091576",
    "fillingDate": "2022-02-22",
    "acceptedDate": "2022-02-22 15:34:21",
    "calendarYear": "2021",
    "period": "FY",
    "revenue": 7334000000,
    "costOfRevenue": -122000000,
    "grossProfit": 7456000000,
    "grossProfitRatio": 1.0166348514,
    "researchAndDevelopmentExpenses": 0,
    "generalAndAdministrativeExpenses": 2687000000,
    "sellingAndMarketingExpenses": 126000000,
    "sellingGeneralAndAdministrativeExpenses": 2813000000,
    "otherExpenses": 1389000000,
    "operatingExpenses": 4202000000,
    "costAndExpenses": 4080000000,
    "interestIncome": 4367000000,
    "interestExpense": 296000000,
    "depreciationAndAmortization": 32000000,
    "ebitda": 3286000000,
    "ebitdaratio": 0.4480501773,
    "operatingIncome": 3254000000,
    "operatingIncomeRatio": 0.4436869376,
    "totalOtherIncomeExpensesNet": 0,
    "incomeBeforeTax": 3254000000,
    "incomeBeforeTaxRatio": 0.4436869376,
    "incomeTaxExpense": 642000000,
    "netIncome": 2625000000,
    "netIncomeRatio": 0.3579220071,
    "eps": 2.66,
    "epsdiluted": 2.63,
    "weightedAverageShsOut": 947065000,
    "weightedAverageShsOutDil": 957414000,
    "link": "https://www.sec.gov/Archives/edgar/data/91576/000009157622000029/0000091576-22-000029-index.htm",
    "finalLink": "https://www.sec.gov/Archives/edgar/data/91576/000009157622000029/key-20211231.htm"
  },
  {
    "date": "2020-12-31",
    "symbol": "KEY",
    "reportedCurrency": "USD",
    "cik": "0000091576",
    "fillingDate": "2021-02-22",
    "acceptedDate": "2021-02-22 14:55:27",
    "calendarYear": "2020",
    "period": "FY",
    "revenue": 7141000000,
    "costOfRevenue": 1672000000,
    "grossProfit": 5469000000,
    "grossProfitRatio": 0.7658591234,
    "researchAndDevelopmentExpenses": 0,
    "generalAndAdministrativeExpenses": 2474000000,
    "sellingAndMarketingExpenses": 97000000,
    "sellingGeneralAndAdministrativeExpenses": 2571000000,
    "otherExpenses": 1342000000,
    "operatingExpenses": 3913000000,
    "costAndExpenses": 5585000000,
    "interestIncome": 4685000000,
    "interestExpense": 651000000,
    "depreciationAndAmortization": 111000000,
    "ebitda": 1667000000,
    "ebitdaratio": 0.2334406946,
    "operatingIncome": 1556000000,
    "operatingIncomeRatio": 0.2178966531,
    "totalOtherIncomeExpensesNet": 0,
    "incomeBeforeTax": 1556000000,
    "incomeBeforeTaxRatio": 0.2178966531,
    "incomeTaxExpense": 227000000,
    "netIncome": 1343000000,
    "netIncomeRatio": 0.1880688979,
    "eps": 1.28,
    "epsdiluted": 1.27,
    "weightedAverageShsOut": 967783000,
    "weightedAverageShsOutDil": 974807000,
    "link": "https://www.sec.gov/Archives/edgar/data/91576/000009157621000044/0000091576-21-000044-index.htm",
    "finalLink": "https://www.sec.gov/Archives/edgar/data/91576/000009157621000044/key-20201231.htm"
  },
  {
    "date": "2019-12-31",
    "symbol": "KEY",
    "reportedCurrency": "USD",
    "cik": "0000091576",
    "fillingDate": "2020-02-26",
    "acceptedDate": "2020-02-26 16:03:07",
    "calendarYear": "2019",
    "period": "FY",
    "revenue": 7506000000,
    "costOfRevenue": 1771000000,
    "grossProfit": 5735000000,
    "grossProfitRatio": 0.7640554223,
    "researchAndDevelopmentExpenses": 0,
    "generalAndAdministrativeExpenses": 2373000000,
    "sellingAndMarketingExpenses": 96000000,
    "sellingGeneralAndAdministrativeExpenses": 2469000000,
    "otherExpenses": 1244000000,
    "operatingExpenses": 3713000000,
    "costAndExpenses": 5484000000,
    "interestIncome": 5235000000,
    "interestExpense": 1326000000,
    "depreciationAndAmortization": 241000000,
    "ebitda": 2263000000,
    "ebitdaratio": 0.3014921396,
    "operatingIncome": 2022000000,
    "operatingIncomeRatio": 0.2693844924,
    "totalOtherIncomeExpensesNet": 0,
    "incomeBeforeTax": 2022000000,
    "incomeBeforeTaxRatio": 0.2693844924,
    "incomeTaxExpense": 314000000,
    "netIncome": 1717000000,
    "netIncomeRatio": 0.2287503331,
    "eps": 1.63,
    "epsdiluted": 1.62,
    "weightedAverageShsOut": 992091000,
    "weightedAverageShsOutDil": 1002254000,
    "link": "https://www.sec.gov/Archives/edgar/data/91576/000009157620000007/0000091576-20-000007-index.htm",
    "finalLink": "https://www.sec.gov/Archives/edgar/data/91576/000009157620000007/key-123119x10k.htm"
  },
  {
    "date": "2018-12-31",
    "symbol": "KEY",
    "reportedCurrency": "USD",
    "cik": "0000091576",
    "fillingDate": "2019-02-25",
    "acceptedDate": "2019-02-25 16:47:00",
    "calendarYear": "2018",
    "period": "FY",
    "revenue": 7126000000,
    "costOfRevenue": 1215000000,
    "grossProfit": 5911000000,
    "grossProfitRatio": 0.8294976144,
    "researchAndDevelopmentExpenses": 0,
    "generalAndAdministrativeExpenses": 2501000000,
    "sellingAndMarketingExpenses": 102000000,
    "sellingGeneralAndAdministrativeExpenses": 2603000000,
    "otherExpenses": 1105000000,
    "operatingExpenses": 3708000000,
    "costAndExpenses": 4923000000,
    "interestIncome": 4878000000,
    "interestExpense": 969000000,
    "depreciationAndAmortization": 382000000,
    "ebitda": 2585000000,
    "ebitdaratio": 0.3627561044,
    "operatingIncome": 2203000000,
    "operatingIncomeRatio": 0.309149593,
    "totalOtherIncomeExpensesNet": 0,
    "incomeBeforeTax": 2203000000,
    "incomeBeforeTaxRatio": 0.309149593,
    "incomeTaxExpense": 344000000,
    "netIncome": 1866000000,
    "netIncomeRatio": 0.2618579848,
    "eps": 1.73,
    "epsdiluted": 1.71,
    "weightedAverageShsOut": 1040890000,
    "weightedAverageShsOutDil": 1054682000,
    "link": "https://www.sec.gov/Archives/edgar/data/91576/000009157619000009/0000091576-19-000009-index.htm",
    "finalLink": "https://www.sec.gov/Archives/edgar/data/91576/000009157619000009/key-123118x10k.htm"
  },
  {
    "date": "2017-12-31",
    "symbol": "KEY",
    "reportedCurrency": "USD",
    "cik": "0000091576",
    "fillingDate": "2018-02-26",
    "acceptedDate": "2018-02-26 09:19:48",
    "calendarYear": "2017",
    "period": "FY",
    "revenue": 6676000000,
    "costOfRevenue": 842000000,
    "grossProfit": 5834000000,
    "grossProfitRatio": 0.8738765728,
    "researchAndDevelopmentExpenses": 0,
    "generalAndAdministrativeExpenses": 2452000000,
    "sellingAndMarketingExpenses": 120000000,
    "sellingGeneralAndAdministrativeExpenses": 2572000000,
    "otherExpenses": 1334000000,
    "operatingExpenses": 3906000000,
    "costAndExpenses": 4748000000,
    "interestIncome": 4390000000,
    "interestExpense": 613000000,
    "depreciationAndAmortization": 407000000,
    "ebitda": 2335000000,
    "ebitdaratio": 0.3497603355,
    "operatingIncome": 1928000000,
    "operatingIncomeRatio": 0.288795686,
    "totalOtherIncomeExpensesNet": 0,
    "incomeBeforeTax": 1928000000,
    "incomeBeforeTaxRatio": 0.288795686,
    "incomeTaxExpense": 637000000,
    "netIncome": 1296000000,
    "netIncomeRatio": 0.1941282205,
    "eps": 1.14,
    "epsdiluted": 1.13,
    "weightedAverageShsOut": 1072078000,
    "weightedAverageShsOutDil": 1088593000,
    "link": "https://www.sec.gov/Archives/edgar/data/91576/000009157618000011/0000091576-18-000011-index.htm",
    "finalLink": "https://www.sec.gov/Archives/edgar/data/91576/000009157618000011/key-123117x10k.htm"
  },
  {
    "date": "2016-12-31",
    "symbol": "KEY",
    "reportedCurrency": "USD",
    "cik": "0000091576",
    "fillingDate": "2017-02-28",
    "acceptedDate": "2017-02-28 17:11:43",
    "calendarYear": "2016",
    "period": "FY",
    "revenue": 5155000000,
    "costOfRevenue": 666000000,
    "grossProfit": 4489000000,
    "grossProfitRatio": 0.8708050436,
    "researchAndDevelopmentExpenses": 0,
    "generalAndAdministrativeExpenses": 2120000000,
    "sellingAndMarketingExpenses": 101000000,
    "sellingGeneralAndAdministrativeExpenses": 2221000000,
    "otherExpenses": 1300000000,
    "operatingExpenses": 3521000000,
    "costAndExpenses": 4187000000,
    "interestIncome": 3319000000,
    "interestExpense": 400000000,
    "depreciationAndAmortization": 314000000,
    "ebitda": 1282000000,
    "ebitdaratio": 0.2486905917,
    "operatingIncome": 968000000,
    "operatingIncomeRatio": 0.1877788555,
    "totalOtherIncomeExpensesNet": 0,
    "incomeBeforeTax": 968000000,
    "incomeBeforeTaxRatio": 0.1877788555,
    "incomeTaxExpense": 179000000,
    "netIncome": 791000000,
    "netIncomeRatio": 0.153443259,
    "eps": 0.81,
    "epsdiluted": 0.8,
    "weightedAverageShsOut": 927816000,
    "weightedAverageShsOutDil": 938536000,
    "link": "https://www.sec.gov/Archives/edgar/data/91576/000009157617000013/0000091576-17-000013-index.htm",
    "finalLink": "https://www.sec.gov/Archives/edgar/data/91576/000009157617000013/key-123116x10k.htm"
  },
  {
    "date": "2015-12-31",
    "symbol": "KEY",
    "reportedCurrency": "USD",
    "cik": "0000091576",
    "fillingDate": "2016-02-24",
    "acceptedDate": "2016-02-24 16:56:49",
    "calendarYear": "2015",
    "period": "FY",
    "revenue": 4343000000,
    "costOfRevenue": 440000000,
    "grossProfit": 3903000000,
    "grossProfitRatio": 0.8986875432,
    "researchAndDevelopmentExpenses": 0,
    "generalAndAdministrativeExpenses": 1713000000,
    "sellingAndMarketingExpenses": 57000000,
    "sellingGeneralAndAdministrativeExpenses": 1770000000,
    "otherExpenses": 911000000,
    "operatingExpenses": 2681000000,
    "costAndExpenses": 3121000000,
    "interestIncome": 2622000000,
    "interestExpense": 274000000,
    "depreciationAndAmortization": 247000000,
    "ebitda": 1469000000,
    "ebitdaratio": 0.3382454525,
    "operatingIncome": 1222000000,
    "operatingIncomeRatio": 0.2813723233,
    "totalOtherIncomeExpensesNet": 0,
    "incomeBeforeTax": 1222000000,
    "incomeBeforeTaxRatio": 0.2813723233,
    "incomeTaxExpense": 303000000,
    "netIncome": 916000000,
    "netIncomeRatio": 0.2109141147,
    "eps": 1.06,
    "epsdiluted": 1.05,
    "weightedAverageShsOut": 836846000,
    "weightedAverageShsOutDil": 844489000,
    "link": "https://www.sec.gov/Archives/edgar/data/91576/000119312516475914/0001193125-16-475914-index.htm",
    "finalLink": "https://www.sec.gov/Archives/edgar/data/91576/000119312516475914/d97852d10k.htm"
  },
  {
    "date": "2014-12-31",
    "symbol": "KEY",
    "reportedCurrency": "USD",
    "cik": "0000091576",
    "fillingDate": "2015-03-02",
    "acceptedDate": "2015-03-02 14:40:11",
    "calendarYear": "2014",
    "period": "FY",
    "revenue": 4195000000,
    "costOfRevenue": 318000000,
    "grossProfit": 3877000000,
    "grossProfitRatio": 0.9241954708,
    "researchAndDevelopmentExpenses": 0,
    "generalAndAdministrativeExpenses": 1639000000,
    "sellingAndMarketingExpenses": 49000000,
    "sellingGeneralAndAdministrativeExpenses": 1688000000,
    "otherExpenses": 917000000,
    "operatingExpenses": 2605000000,
    "costAndExpenses": 2923000000,
    "interestIncome": 2554000000,
    "interestExpense": 261000000,
    "depreciationAndAmortization": 246000000,
    "ebitda": 1518000000,
    "ebitdaratio": 0.3618593564,
    "operatingIncome": 1272000000,
    "operatingIncomeRatio": 0.3032181168,
    "totalOtherIncomeExpensesNet": 0,
    "incomeBeforeTax": 1272000000,
    "incomeBeforeTaxRatio": 0.3032181168,
    "incomeTaxExpense": 326000000,
    "netIncome": 900000000,
    "netIncomeRatio": 0.2145411204,
    "eps": 1.01,
    "epsdiluted": 0.99,
    "weightedAverageShsOut": 871464000,
    "weightedAverageShsOutDil": 878199000,
    "link": "https://www.sec.gov/Archives/edgar/data/91576/000119312515072950/0001193125-15-072950-index.htm",
    "finalLink": "https://www.sec.gov/Archives/edgar/data/91576/000119312515072950/d831862d10k.htm"
  },
  {
    "date": "2013-12-31",
    "symbol": "KEY",
    "reportedCurrency": "USD",
    "cik": "0000091576",
    "fillingDate": "2014-02-26",
    "acceptedDate": "2014-02-26 11:48:31",
    "calendarYear": "2013",
    "period": "FY",
    "revenue": 4223000000,
    "costOfRevenue": 433000000,
    "grossProfit": 3790000000,
    "grossProfitRatio": 0.8974662562,
    "researchAndDevelopmentExpenses": 0,
    "generalAndAdministrativeExpenses": 1648000000,
    "sellingAndMarketingExpenses": 51000000,
    "sellingGeneralAndAdministrativeExpenses": 1699000000,
    "otherExpenses": 950000000,
    "operatingExpenses": 2649000000,
    "costAndExpenses": 3082000000,
    "interestIncome": 2620000000,
    "interestExpense": 295000000,
    "depreciationAndAmortization": 221000000,
    "ebitda": 1362000000,
    "ebitdaratio": 0.3225195359,
    "operatingIncome": 1141000000,
    "operatingIncomeRatio": 0.2701870708,
    "totalOtherIncomeExpensesNet": 0,
    "incomeBeforeTax": 1141000000,
    "incomeBeforeTaxRatio": 0.2701870708,
    "incomeTaxExpense": 271000000,
    "netIncome": 910000000,
    "netIncomeRatio": 0.2154866209,
    "eps": 0.98,
    "epsdiluted": 0.97,
    "weightedAverageShsOut": 906524000,
    "weightedAverageShsOutDil": 912571000,
    "link": "https://www.sec.gov/Archives/edgar/data/91576/000119312514069018/0001193125-14-069018-index.htm",
    "finalLink": "https://www.sec.gov/Archives/edgar/data/91576/000119312514069018/d643431d10k.htm"
  },
  {
    "date": "2012-12-31",
    "symbol": "KEY",
    "reportedCurrency": "USD",
    "cik": "0000091576",
    "fillingDate": "2013-02-26",
    "acceptedDate": "2013-02-26 16:36:58",
    "calendarYear": "2012",
    "period": "FY",
    "revenue": 4371000000,
    "costOfRevenue": 654000000,
    "grossProfit": 3717000000,
    "grossProfitRatio": 0.850377488,
    "researchAndDevelopmentExpenses": 0,
    "generalAndAdministrativeExpenses": 1635000000,
    "sellingAndMarketingExpenses": 68000000,
    "sellingGeneralAndAdministrativeExpenses": 1703000000,
    "otherExpenses": 941000000,
    "operatingExpenses": 2644000000,
    "costAndExpenses": 3298000000,
    "interestIncome": 2705000000,
    "interestExpense": 441000000,
    "depreciationAndAmortization": 235000000,
    "ebitda": 1308000000,
    "ebitdaratio": 0.299245024,
    "operatingIncome": 1073000000,
    "operatingIncomeRatio": 0.2454815832,
    "totalOtherIncomeExpensesNet": 0,
    "incomeBeforeTax": 1073000000,
    "incomeBeforeTaxRatio": 0.2454815832,
    "incomeTaxExpense": 231000000,
    "netIncome": 858000000,
    "netIncomeRatio": 0.1962937543,
    "eps": 0.89,
    "epsdiluted": 0.89,
    "weightedAverageShsOut": 938941000,
    "weightedAverageShsOutDil": 943259000,
    "link": "https://www.sec.gov/Archives/edgar/data/91576/000119312513076993/0001193125-13-076993-index.htm",
    "finalLink": "https://www.sec.gov/Archives/edgar/data/91576/000119312513076993/d447548d10k.htm"
  },
  {
    "date": "2011-12-31",
    "symbol": "KEY",
    "reportedCurrency": "USD",
    "cik": "0000091576",
    "fillingDate": "2012-02-27",
    "acceptedDate": "2012-02-27 16:23:29",
    "calendarYear": "2011",
    "period": "FY",
    "revenue": 4394000000,
    "costOfRevenue": 534000000,
    "grossProfit": 3860000000,
    "grossProfitRatio": 0.8784706418,
    "researchAndDevelopmentExpenses": 0,
    "generalAndAdministrativeExpenses": 1585000000,
    "sellingAndMarketingExpenses": 60000000,
    "sellingGeneralAndAdministrativeExpenses": 1645000000,
    "otherExpenses": 884000000,
    "operatingExpenses": 2529000000,
    "costAndExpenses": 3063000000,
    "interestIncome": 2889000000,
    "interestExpense": 622000000,
    "depreciationAndAmortization": 201000000,
    "ebitda": 1532000000,
    "ebitdaratio": 0.3486572599,
    "operatingIncome": 1331000000,
    "operatingIncomeRatio": 0.3029130633,
    "totalOtherIncomeExpensesNet": 0,
    "incomeBeforeTax": 1331000000,
    "incomeBeforeTaxRatio": 0.3029130633,
    "incomeTaxExpense": 364000000,
    "netIncome": 920000000,
    "netIncomeRatio": 0.2093764224,
    "eps": 0.87,
    "epsdiluted": 0.87,
    "weightedAverageShsOut": 931934000,
    "weightedAverageShsOutDil": 935801000,
    "link": "https://www.sec.gov/Archives/edgar/data/91576/000119312512081648/0001193125-12-081648-index.htm",
    "finalLink": "https://www.sec.gov/Archives/edgar/data/91576/000119312512081648/d265721d10k.htm"
  },
  {
    "date": "2010-12-31",
    "symbol": "KEY",
    "reportedCurrency": "USD",
    "cik": "0000091576",
    "fillingDate": "2011-02-24",
    "acceptedDate": "2011-02-24 12:06:18",
    "calendarYear": "2010",
    "period": "FY",
    "revenue": 5186000000,
    "costOfRevenue": 1487000000,
    "grossProfit": 3699000000,
    "grossProfitRatio": 0.7132664867,
    "researchAndDevelopmentExpenses": 0,
    "generalAndAdministrativeExpenses": 1721000000,
    "sellingAndMarketingExpenses": 72000000,
    "sellingGeneralAndAdministrativeExpenses": 1793000000,
    "otherExpenses": 1113000000,
    "operatingExpenses": 2906000000,
    "costAndExpenses": 4393000000,
    "interestIncome": 3408000000,
    "interestExpense": 897000000,
    "depreciationAndAmortization": 330000000,
    "ebitda": 1123000000,
    "ebitdaratio": 0.216544543,
    "operatingIncome": 793000000,
    "operatingIncomeRatio": 0.1529116853,
    "totalOtherIncomeExpensesNet": 0,
    "incomeBeforeTax": 793000000,
    "incomeBeforeTaxRatio": 0.1529116853,
    "incomeTaxExpense": 186000000,
    "netIncome": 554000000,
    "netIncomeRatio": 0.1068260702,
    "eps": 0.45,
    "epsdiluted": 0.44,
    "weightedAverageShsOut": 874748000,
    "weightedAverageShsOutDil": 878153000,
    "link": "https://www.sec.gov/Archives/edgar/data/91576/000095012311017655/0000950123-11-017655-index.htm",
    "finalLink": "https://www.sec.gov/Archives/edgar/data/91576/000095012311017655/l40752e10vk.htm"
  },
  {
    "date": "2009-12-31",
    "symbol": "KEY",
    "reportedCurrency": "USD",
    "cik": "0000091576",
    "fillingDate": "2010-03-01",
    "acceptedDate": "2010-03-01 08:44:38",
    "calendarYear": "2009",
    "period": "FY",
    "revenue": 5646000000,
    "costOfRevenue": 4641000000,
    "grossProfit": 1005000000,
    "grossProfitRatio": 0.1780021254,
    "researchAndDevelopmentExpenses": 0,
    "generalAndAdministrativeExpenses": 1853000000,
    "sellingAndMarketingExpenses": 72000000,
    "sellingGeneralAndAdministrativeExpenses": 1925000000,
    "otherExpenses": 1378000000,
    "operatingExpenses": 3303000000,
    "costAndExpenses": 7944000000,
    "interestIncome": 3795000000,
    "interestExpense": 1415000000,
    "depreciationAndAmortization": 389000000,
    "ebitda": -1909000000,
    "ebitdaratio": -0.33811548,
    "operatingIncome": -2298000000,
    "operatingIncomeRatio": -0.4070138151,
    "totalOtherIncomeExpensesNet": 0,
    "incomeBeforeTax": -2298000000,
    "incomeBeforeTaxRatio": -0.4070138151,
    "incomeTaxExpense": -1035000000,
    "netIncome": -1335000000,
    "netIncomeRatio": -0.2364505845,
    "eps": -2.34,
    "epsdiluted": -2.34,
    "weightedAverageShsOut": 697155000,
    "weightedAverageShsOutDil": 697155000,
    "link": "https://www.sec.gov/Archives/edgar/data/91576/000095012310018789/0000950123-10-018789-index.htm",
    "finalLink": "https://www.sec.gov/Archives/edgar/data/91576/000095012310018789/l38352e10vk.htm"
  },
  {
    "date": "2008-12-31",
    "symbol": "KEY",
    "reportedCurrency": "USD",
    "cik": "0000091576",
    "fillingDate": "2009-02-27",
    "acceptedDate": "2009-02-27 17:06:51",
    "calendarYear": "2008",
    "period": "FY",
    "revenue": 6062000000,
    "costOfRevenue": 3565000000,
    "grossProfit": 2497000000,
    "grossProfitRatio": 0.4119102606,
    "researchAndDevelopmentExpenses": 0,
    "generalAndAdministrativeExpenses": 1767000000,
    "sellingAndMarketingExpenses": 87000000,
    "sellingGeneralAndAdministrativeExpenses": 1854000000,
    "otherExpenses": 1493000000,
    "operatingExpenses": 3347000000,
    "costAndExpenses": 6912000000,
    "interestIncome": 4353000000,
    "interestExpense": 2037000000,
    "depreciationAndAmortization": 424000000,
    "ebitda": -426000000,
    "ebitdaratio": -0.070273837,
    "operatingIncome": -850000000,
    "operatingIncomeRatio": -0.1402177499,
    "totalOtherIncomeExpensesNet": 0,
    "incomeBeforeTax": -850000000,
    "incomeBeforeTaxRatio": -0.1402177499,
    "incomeTaxExpense": 437000000,
    "netIncome": -1468000000,
    "netIncomeRatio": -0.2421643022,
    "eps": -3.36,
    "epsdiluted": -3.36,
    "weightedAverageShsOut": 450039000,
    "weightedAverageShsOutDil": 450039000,
    "link": "https://www.sec.gov/Archives/edgar/data/91576/000095015209001970/0000950152-09-001970-index.htm",
    "finalLink": "https://www.sec.gov/Archives/edgar/data/91576/000095015209001970/l35228ae10vk.htm"
  },
  {
    "date": "2007-12-31",
    "symbol": "KEY",
    "reportedCurrency": "USD",
    "cik": "0000091576",
    "fillingDate": "2008-02-28",
    "acceptedDate": "2008-02-28 17:23:08",
    "calendarYear": "2007",
    "period": "FY",
    "revenue": 7463000000,
    "costOfRevenue": 3215000000,
    "grossProfit": 4248000000,
    "grossProfitRatio": 0.5692080933,
    "researchAndDevelopmentExpenses": 0,
    "generalAndAdministrativeExpenses": 1801000000,
    "sellingAndMarketingExpenses": 76000000,
    "sellingGeneralAndAdministrativeExpenses": 1877000000,
    "otherExpenses": 1127000000,
    "operatingExpenses": 3004000000,
    "costAndExpenses": 6219000000,
    "interestIncome": 5336000000,
    "interestExpense": 2650000000,
    "depreciationAndAmortization": 420000000,
    "ebitda": 1664000000,
    "ebitdaratio": 0.2229666354,
    "operatingIncome": 1244000000,
    "operatingIncomeRatio": 0.1666889991,
    "totalOtherIncomeExpensesNet": 0,
    "incomeBeforeTax": 1244000000,
    "incomeBeforeTaxRatio": 0.1666889991,
    "incomeTaxExpense": 277000000,
    "netIncome": 919000000,
    "netIncomeRatio": 0.1231408281,
    "eps": 2.35,
    "epsdiluted": 2.32,
    "weightedAverageShsOut": 392013000,
    "weightedAverageShsOutDil": 395823000,
    "link": "https://www.sec.gov/Archives/edgar/data/91576/000095015208001528/0000950152-08-001528-index.htm",
    "finalLink": "https://www.sec.gov/Archives/edgar/data/91576/000095015208001528/l29239ae10vk.htm"
  },
  {
    "date": "2006-12-31",
    "symbol": "KEY",
    "reportedCurrency": "USD",
    "cik": "0000091576",
    "fillingDate": "2007-02-28",
    "acceptedDate": "2007-02-28 16:33:44",
    "calendarYear": "2006",
    "period": "FY",
    "revenue": 7373000000,
    "costOfRevenue": 2709000000,
    "grossProfit": 4664000000,
    "grossProfitRatio": 0.6325783263,
    "researchAndDevelopmentExpenses": 0,
    "generalAndAdministrativeExpenses": 1863000000,
    "sellingAndMarketingExpenses": 97000000,
    "sellingGeneralAndAdministrativeExpenses": 1960000000,
    "otherExpenses": 1061000000,
    "operatingExpenses": 3021000000,
    "costAndExpenses": 5730000000,
    "interestIncome": 5380000000,
    "interestExpense": 2565000000,
    "depreciationAndAmortization": 397000000,
    "ebitda": 2040000000,
    "ebitdaratio": 0.2766852028,
    "operatingIncome": 1643000000,
    "operatingIncomeRatio": 0.2228400922,
    "totalOtherIncomeExpensesNet": 0,
    "incomeBeforeTax": 1643000000,
    "incomeBeforeTaxRatio": 0.2228400922,
    "incomeTaxExpense": 450000000,
    "netIncome": 1055000000,
    "netIncomeRatio": 0.1430896514,
    "eps": 2.61,
    "epsdiluted": 2.57,
    "weightedAverageShsOut": 404490000,
    "weightedAverageShsOutDil": 410222000,
    "link": "https://www.sec.gov/Archives/edgar/data/91576/000095015207001622/0000950152-07-001622-index.htm",
    "finalLink": "https://www.sec.gov/Archives/edgar/data/91576/000095015207001622/l23771ae10vk.htm"
  },
  {
    "date": "2005-12-31",
    "symbol": "KEY",
    "reportedCurrency": "USD",
    "cik": "0000091576",
    "fillingDate": "2006-02-28",
    "acceptedDate": "2006-02-28 16:40:02",
    "calendarYear": "2005",
    "period": "FY",
    "revenue": 6324000000,
    "costOfRevenue": 1863000000,
    "grossProfit": 4461000000,
    "grossProfitRatio": 0.7054079696,
    "researchAndDevelopmentExpenses": 0,
    "generalAndAdministrativeExpenses": 1731000000,
    "sellingAndMarketingExpenses": 88000000,
    "sellingGeneralAndAdministrativeExpenses": 1819000000,
    "otherExpenses": 1116000000,
    "operatingExpenses": 2935000000,
    "costAndExpenses": 4798000000,
    "interestIncome": 4383000000,
    "interestExpense": 1727000000,
    "depreciationAndAmortization": 358000000,
    "ebitda": 1884000000,
    "ebitdaratio": 0.2979127135,
    "operatingIncome": 1526000000,
    "operatingIncomeRatio": 0.2413029728,
    "totalOtherIncomeExpensesNet": 0,
    "incomeBeforeTax": 1526000000,
    "incomeBeforeTaxRatio": 0.2413029728,
    "incomeTaxExpense": 436000000,
    "netIncome": 1129000000,
    "netIncomeRatio": 0.1785262492,
    "eps": 2.76,
    "epsdiluted": 2.73,
    "weightedAverageShsOut": 408981000,
    "weightedAverageShsOutDil": 414014000,
    "link": "https://www.sec.gov/Archives/edgar/data/91576/000095015206001519/0000950152-06-001519-index.htm",
    "finalLink": "https://www.sec.gov/Archives/edgar/data/91576/000095015206001519/l17865ae10vk.htm"
  },
  {
    "date": "2004-12-31",
    "symbol": "KEY",
    "reportedCurrency": "USD",
    "cik": "0000091576",
    "fillingDate": "2005-02-28",
    "acceptedDate": "2005-02-28 17:25:28",
    "calendarYear": "2004",
    "period": "FY",
    "revenue": 5360000000,
    "costOfRevenue": 1287000000,
    "grossProfit": 4073000000,
    "grossProfitRatio": 0.7598880597,
    "researchAndDevelopmentExpenses": 0,
    "generalAndAdministrativeExpenses": 1674000000,
    "sellingAndMarketingExpenses": 81000000,
    "sellingGeneralAndAdministrativeExpenses": 1755000000,
    "otherExpenses": 1006000000,
    "operatingExpenses": 2761000000,
    "costAndExpenses": 4048000000,
    "interestIncome": 3562000000,
    "interestExpense": 1106000000,
    "depreciationAndAmortization": 345000000,
    "ebitda": 1657000000,
    "ebitdaratio": 0.309141791,
    "operatingIncome": 1312000000,
    "operatingIncomeRatio": 0.2447761194,
    "totalOtherIncomeExpensesNet": 0,
    "incomeBeforeTax": 1312000000,
    "incomeBeforeTaxRatio": 0.2447761194,
    "incomeTaxExpense": 405000000,
    "netIncome": 954000000,
    "netIncomeRatio": 0.1779850746,
    "eps": 2.32,
    "epsdiluted": 2.3,
    "weightedAverageShsOut": 410585000,
    "weightedAverageShsOutDil": 415430000,
    "link": "https://www.sec.gov/Archives/edgar/data/91576/000095015205001608/0000950152-05-001608-index.htm",
    "finalLink": "https://www.sec.gov/Archives/edgar/data/91576/000095015205001608/l11135ae10vk.htm"
  },
  {
    "date": "2003-12-31",
    "symbol": "KEY",
    "reportedCurrency": "USD",
    "cik": "0000091576",
    "fillingDate": "2004-03-12",
    "acceptedDate": "2004-03-12 15:21:59",
    "calendarYear": "2003",
    "period": "FY",
    "revenue": 5730000000,
    "costOfRevenue": 1746000000,
    "grossProfit": 3984000000,
    "grossProfitRatio": 0.6952879581,
    "researchAndDevelopmentExpenses": 0,
    "generalAndAdministrativeExpenses": 1493000000,
    "sellingAndMarketingExpenses": 120000000,
    "sellingGeneralAndAdministrativeExpenses": 1613000000,
    "otherExpenses": 1129000000,
    "operatingExpenses": 2742000000,
    "costAndExpenses": 4488000000,
    "interestIncome": 3970000000,
    "interestExpense": 1245000000,
    "depreciationAndAmortization": 210000000,
    "ebitda": 1452000000,
    "ebitdaratio": 0.2534031414,
    "operatingIncome": 1242000000,
    "operatingIncomeRatio": 0.2167539267,
    "totalOtherIncomeExpensesNet": 0,
    "incomeBeforeTax": 1242000000,
    "incomeBeforeTaxRatio": 0.2167539267,
    "incomeTaxExpense": 339000000,
    "netIncome": 903000000,
    "netIncomeRatio": 0.157591623,
    "eps": 2.14,
    "epsdiluted": 2.12,
    "weightedAverageShsOut": 422776000,
    "weightedAverageShsOutDil": 426157000,
    "link": "https://www.sec.gov/Archives/edgar/data/91576/000095015204001877/0000950152-04-001877-index.htm",
    "finalLink": "https://www.sec.gov/Archives/edgar/data/91576/000095015204001877/l05643ae10vk.htm"
  },
  {
    "date": "2002-12-31",
    "symbol": "KEY",
    "reportedCurrency": "USD",
    "cik": "0000091576",
    "fillingDate": "2003-03-21",
    "acceptedDate": "2003-03-21 11:03:09",
    "calendarYear": "2002",
    "period": "FY",
    "revenue": 6135000000,
    "costOfRevenue": 2170000000,
    "grossProfit": 3965000000,
    "grossProfitRatio": 0.6462917685,
    "researchAndDevelopmentExpenses": 0,
    "generalAndAdministrativeExpenses": 1436000000,
    "sellingAndMarketingExpenses": 122000000,
    "sellingGeneralAndAdministrativeExpenses": 1558000000,
    "otherExpenses": 1095000000,
    "operatingExpenses": 2653000000,
    "costAndExpenses": 4823000000,
    "interestIncome": 4366000000,
    "interestExpense": 1617000000,
    "depreciationAndAmortization": 226000000,
    "ebitda": 1538000000,
    "ebitdaratio": 0.2506927465,
    "operatingIncome": 1312000000,
    "operatingIncomeRatio": 0.2138549307,
    "totalOtherIncomeExpensesNet": 0,
    "incomeBeforeTax": 1312000000,
    "incomeBeforeTaxRatio": 0.2138549307,
    "incomeTaxExpense": 336000000,
    "netIncome": 976000000,
    "netIncomeRatio": 0.1590872046,
    "eps": 2.29,
    "epsdiluted": 2.27,
    "weightedAverageShsOut": 425451000,
    "weightedAverageShsOutDil": 430703000,
    "link": "https://www.sec.gov/Archives/edgar/data/91576/000095015203003197/0000950152-03-003197-index.htm",
    "finalLink": "https://www.sec.gov/Archives/edgar/data/91576/000095015203003197/l97974ae10vk.txt"
  },
  {
    "date": "2001-12-31",
    "symbol": "KEY",
    "reportedCurrency": "USD",
    "cik": "0000091576",
    "fillingDate": "2002-03-28",
    "acceptedDate": "2002-03-28 00:00:00",
    "calendarYear": "2001",
    "period": "FY",
    "revenue": 7352000000,
    "costOfRevenue": 4152000000,
    "grossProfit": 3200000000,
    "grossProfitRatio": 0.4352557127,
    "researchAndDevelopmentExpenses": 0,
    "generalAndAdministrativeExpenses": 1378000000,
    "sellingAndMarketingExpenses": 112000000,
    "sellingGeneralAndAdministrativeExpenses": 1490000000,
    "otherExpenses": 1451000000,
    "operatingExpenses": 2941000000,
    "costAndExpenses": 7093000000,
    "interestIncome": 5627000000,
    "interestExpense": 2802000000,
    "depreciationAndAmortization": 530000000,
    "ebitda": 789000000,
    "ebitdaratio": 0.1073177367,
    "operatingIncome": 259000000,
    "operatingIncomeRatio": 0.0352285092,
    "totalOtherIncomeExpensesNet": 0,
    "incomeBeforeTax": 259000000,
    "incomeBeforeTaxRatio": 0.0352285092,
    "incomeTaxExpense": 102000000,
    "netIncome": 132000000,
    "netIncomeRatio": 0.0179542982,
    "eps": 0.31,
    "epsdiluted": 0.31,
    "weightedAverageShsOut": 424275000,
    "weightedAverageShsOutDil": 429573000,
    "link": "https://www.sec.gov/Archives/edgar/data/91576/000095015202002483/0000950152-02-002483-index.htm",
    "finalLink": "https://www.sec.gov/Archives/edgar/data/91576/000095015202002483/l92910ae10-k.txt"
  },
  {
    "date": "2000-12-31",
    "symbol": "KEY",
    "reportedCurrency": "USD",
    "cik": "0000091576",
    "fillingDate": "2001-03-22",
    "acceptedDate": "2001-03-22 00:00:00",
    "calendarYear": "2000",
    "period": "FY",
    "revenue": 8471000000,
    "costOfRevenue": 4037000000,
    "grossProfit": 4434000000,
    "grossProfitRatio": 0.5234328887,
    "researchAndDevelopmentExpenses": 0,
    "generalAndAdministrativeExpenses": 1445000000,
    "sellingAndMarketingExpenses": 110000000,
    "sellingGeneralAndAdministrativeExpenses": 1555000000,
    "otherExpenses": 1362000000,
    "operatingExpenses": 2917000000,
    "costAndExpenses": 6954000000,
    "interestIncome": 6277000000,
    "interestExpense": 3547000000,
    "depreciationAndAmortization": 382000000,
    "ebitda": 1899000000,
    "ebitdaratio": 0.2241766025,
    "operatingIncome": 1517000000,
    "operatingIncomeRatio": 0.1790815724,
    "totalOtherIncomeExpensesNet": 0,
    "incomeBeforeTax": 1517000000,
    "incomeBeforeTaxRatio": 0.1790815724,
    "incomeTaxExpense": 515000000,
    "netIncome": 1002000000,
    "netIncomeRatio": 0.1182859167,
    "eps": 2.32,
    "epsdiluted": 2.3,
    "weightedAverageShsOut": 432617000,
    "weightedAverageShsOutDil": 435573000,
    "link": "https://www.sec.gov/Archives/edgar/data/91576/000095015201500566/0000950152-01-500566-index.htm",
    "finalLink": "https://www.sec.gov/Archives/edgar/data/91576/000095015201500566/l86594ae10-k.txt"
  },
  {
    "date": "1999-12-31",
    "symbol": "KEY",
    "reportedCurrency": "USD",
    "cik": "0000091576",
    "fillingDate": "2000-03-22",
    "acceptedDate": "2000-03-22 00:00:00",
    "calendarYear": "1999",
    "period": "FY",
    "revenue": 8010000000,
    "costOfRevenue": 3256000000,
    "grossProfit": 4754000000,
    "grossProfitRatio": 0.5935081149,
    "researchAndDevelopmentExpenses": 0,
    "generalAndAdministrativeExpenses": 1482000000,
    "sellingAndMarketingExpenses": 106000000,
    "sellingGeneralAndAdministrativeExpenses": 1588000000,
    "otherExpenses": 1482000000,
    "operatingExpenses": 3070000000,
    "costAndExpenses": 6326000000,
    "interestIncome": 5695000000,
    "interestExpense": 2908000000,
    "depreciationAndAmortization": 396000000,
    "ebitda": 2080000000,
    "ebitdaratio": 0.2596754057,
    "operatingIncome": 1684000000,
    "operatingIncomeRatio": 0.2102372035,
    "totalOtherIncomeExpensesNet": 0,
    "incomeBeforeTax": 1684000000,
    "incomeBeforeTaxRatio": 0.2102372035,
    "incomeTaxExpense": 577000000,
    "netIncome": 1107000000,
    "netIncomeRatio": 0.1382022472,
    "eps": 2.47,
    "epsdiluted": 2.45,
    "weightedAverageShsOut": 448168000,
    "weightedAverageShsOutDil": 452363000,
    "link": "https://www.sec.gov/Archives/edgar/data/91576/000095015200001928/0000950152-00-001928-index.html",
    "finalLink": "https://www.sec.gov/Archives/edgar/data/91576/000095015200001928/"
  },
  {
    "date": "1998-12-31",
    "symbol": "KEY",
    "reportedCurrency": "USD",
    "cik": "0000091576",
    "fillingDate": "1999-03-29",
    "acceptedDate": "1999-03-29 00:00:00",
    "calendarYear": "1998",
    "period": "FY",
    "revenue": 7100000000,
    "costOfRevenue": 3073000000,
    "grossProfit": 4027000000,
    "grossProfitRatio": 0.5671830986,
    "researchAndDevelopmentExpenses": 0,
    "generalAndAdministrativeExpenses": 1256000000,
    "sellingAndMarketingExpenses": 100000000,
    "sellingGeneralAndAdministrativeExpenses": 1356000000,
    "otherExpenses": 1192000000,
    "operatingExpenses": 2548000000,
    "costAndExpenses": 5621000000,
    "interestIncome": 5525000000,
    "interestExpense": 2776000000,
    "depreciationAndAmortization": 328000000,
    "ebitda": 1807000000,
    "ebitdaratio": 0.2545070423,
    "operatingIncome": 1479000000,
    "operatingIncomeRatio": 0.2083098592,
    "totalOtherIncomeExpensesNet": 0,
    "incomeBeforeTax": 1479000000,
    "incomeBeforeTaxRatio": 0.2083098592,
    "incomeTaxExpense": 483000000,
    "netIncome": 996000000,
    "netIncomeRatio": 0.1402816901,
    "eps": 2.25,
    "epsdiluted": 2.23,
    "weightedAverageShsOut": 441895000,
    "weightedAverageShsOutDil": 447437000,
    "link": "https://www.sec.gov/Archives/edgar/data/91576/000095015299002574/0000950152-99-002574-index.html",
    "finalLink": "https://www.sec.gov/Archives/edgar/data/91576/"
  },
  {
    "date": "1997-12-31",
    "symbol": "KEY",
    "reportedCurrency": "USD",
    "cik": "0000091576",
    "fillingDate": "1998-03-27",
    "acceptedDate": "1998-03-27 00:00:00",
    "calendarYear": "1997",
    "period": "FY",
    "revenue": 6568000000,
    "costOfRevenue": 2788000000,
    "grossProfit": 3780000000,
    "grossProfitRatio": 0.5755176614,
    "researchAndDevelopmentExpenses": 0,
    "generalAndAdministrativeExpenses": 1181000000,
    "sellingAndMarketingExpenses": 86000000,
    "sellingGeneralAndAdministrativeExpenses": 1267000000,
    "otherExpenses": 1168000000,
    "operatingExpenses": 2435000000,
    "costAndExpenses": 5223000000,
    "interestIncome": 5262000000,
    "interestExpense": 2468000000,
    "depreciationAndAmortization": 242000000,
    "ebitda": 1587000000,
    "ebitdaratio": 0.2416260658,
    "operatingIncome": 1345000000,
    "operatingIncomeRatio": 0.2047807552,
    "totalOtherIncomeExpensesNet": 0,
    "incomeBeforeTax": 1345000000,
    "incomeBeforeTaxRatio": 0.2047807552,
    "incomeTaxExpense": 426000000,
    "netIncome": 919000000,
    "netIncomeRatio": 0.1399208283,
    "eps": 2.09,
    "epsdiluted": 2.07,
    "weightedAverageShsOut": 439713000,
    "weightedAverageShsOutDil": 443961000,
    "link": "https://www.sec.gov/Archives/edgar/data/91576/000095015298002521/0000950152-98-002521-index.html",
    "finalLink": "https://www.sec.gov/Archives/edgar/data/91576/"
  },
  {
    "date": "1996-12-31",
    "symbol": "KEY",
    "reportedCurrency": "USD",
    "cik": "0000091576",
    "fillingDate": "1997-03-28",
    "acceptedDate": "1997-03-28 00:00:00",
    "calendarYear": "1996",
    "period": "FY",
    "revenue": 6038000000,
    "costOfRevenue": 2431000000,
    "grossProfit": 3607000000,
    "grossProfitRatio": 0.5973832395,
    "researchAndDevelopmentExpenses": 0,
    "generalAndAdministrativeExpenses": 1190000000,
    "sellingAndMarketingExpenses": 0,
    "sellingGeneralAndAdministrativeExpenses": 1190000000,
    "otherExpenses": 1274000000,
    "operatingExpenses": 2464000000,
    "costAndExpenses": 4895000000,
    "interestIncome": 4951000000,
    "interestExpense": 2234000000,
    "depreciationAndAmortization": 230000000,
    "ebitda": 1373000000,
    "ebitdaratio": 0.2273931765,
    "operatingIncome": 1143000000,
    "operatingIncomeRatio": 0.1893010931,
    "totalOtherIncomeExpensesNet": 0,
    "incomeBeforeTax": 1143000000,
    "incomeBeforeTaxRatio": 0.1893010931,
    "incomeTaxExpense": 360000000,
    "netIncome": 783000000,
    "netIncomeRatio": 0.1296787016,
    "eps": 1.69,
    "epsdiluted": 1.68,
    "weightedAverageShsOut": 459810000,
    "weightedAverageShsOutDil": 465672000,
    "link": "https://www.sec.gov/Archives/edgar/data/91576/000095015297002371/0000950152-97-002371-index.html",
    "finalLink": "https://www.sec.gov/Archives/edgar/data/91576/"
  },
  {
    "date": "1995-12-31",
    "symbol": "KEY",
    "reportedCurrency": "USD",
    "cik": "0000091576",
    "fillingDate": "1996-03-28",
    "acceptedDate": "1996-03-28 00:00:00",
    "calendarYear": "1995",
    "period": "FY",
    "revenue": 6054000000,
    "costOfRevenue": 2585000000,
    "grossProfit": 3469000000,
    "grossProfitRatio": 0.5730095804,
    "researchAndDevelopmentExpenses": 0,
    "generalAndAdministrativeExpenses": 1115000000,
    "sellingAndMarketingExpenses": 71000000,
    "sellingGeneralAndAdministrativeExpenses": 1186000000,
    "otherExpenses": 1126000000,
    "operatingExpenses": 2312000000,
    "costAndExpenses": 4897000000,
    "interestIncome": 5121000000,
    "interestExpense": 2485000000,
    "depreciationAndAmortization": 215000000,
    "ebitda": 1372000000,
    "ebitdaratio": 0.2266270235,
    "operatingIncome": 1157000000,
    "operatingIncomeRatio": 0.1911133135,
    "totalOtherIncomeExpensesNet": 0,
    "incomeBeforeTax": 1157000000,
    "incomeBeforeTaxRatio": 0.1911133135,
    "incomeTaxExpense": 368000000,
    "netIncome": 825000000,
    "netIncomeRatio": 0.1362735382,
    "eps": 1.73,
    "epsdiluted": 1.71,
    "weightedAverageShsOut": 467630000,
    "weightedAverageShsOutDil": 473099000,
    "link": "https://www.sec.gov/Archives/edgar/data/91576/000095015296001225/0000950152-96-001225-index.html",
    "finalLink": "https://www.sec.gov/Archives/edgar/data/91576/0000950152-96-001225.txt"
  },
  {
    "date": "1994-12-31",
    "symbol": "KEY",
    "reportedCurrency": "USD",
    "cik": "0000091576",
    "fillingDate": "1995-03-28",
    "acceptedDate": "1995-03-28 00:00:00",
    "calendarYear": "1994",
    "period": "FY",
    "revenue": 5372700000,
    "costOfRevenue": 1922100000,
    "grossProfit": 3450600000,
    "grossProfitRatio": 0.642246915,
    "researchAndDevelopmentExpenses": 0,
    "generalAndAdministrativeExpenses": 1059900000,
    "sellingAndMarketingExpenses": 0,
    "sellingGeneralAndAdministrativeExpenses": 1059900000,
    "otherExpenses": 1107200000,
    "operatingExpenses": 2167100000,
    "costAndExpenses": 4089200000,
    "interestIncome": 4490100000,
    "interestExpense": 1796900000,
    "depreciationAndAmortization": 217700000,
    "ebitda": 1501200000,
    "ebitdaratio": 0.2794125859,
    "operatingIncome": 1283500000,
    "operatingIncomeRatio": 0.2388929216,
    "totalOtherIncomeExpensesNet": 0,
    "incomeBeforeTax": 1283500000,
    "incomeBeforeTaxRatio": 0.2388929216,
    "incomeTaxExpense": 430000000,
    "netIncome": 853500000,
    "netIncomeRatio": 0.1588586744,
    "eps": 1.73,
    "epsdiluted": 1.72,
    "weightedAverageShsOut": 486135000,
    "weightedAverageShsOutDil": 496015000,
    "link": "https://www.sec.gov/Archives/edgar/data/91576/000095015295000445/0000950152-95-000445-index.html",
    "finalLink": "https://www.sec.gov/Archives/edgar/data/91576/"
  },
  {
    "date": "1993-12-31",
    "symbol": "KEY",
    "reportedCurrency": "USD",
    "cik": "0000091576",
    "fillingDate": "1994-03-31",
    "acceptedDate": "1994-03-31 00:00:00",
    "calendarYear": "1993",
    "period": "FY",
    "revenue": 2381100000,
    "costOfRevenue": 744500000,
    "grossProfit": 1636600000,
    "grossProfitRatio": 0.6873293856,
    "researchAndDevelopmentExpenses": 0,
    "generalAndAdministrativeExpenses": 506700000,
    "sellingAndMarketingExpenses": 0,
    "sellingGeneralAndAdministrativeExpenses": 506700000,
    "otherExpenses": 595200000,
    "operatingExpenses": 1101900000,
    "costAndExpenses": 1846400000,
    "interestIncome": 1871300000,
    "interestExpense": 672300000,
    "depreciationAndAmortization": 115400000,
    "ebitda": 650100000,
    "ebitdaratio": 0.2730250724,
    "operatingIncome": 534700000,
    "operatingIncomeRatio": 0.2245600773,
    "totalOtherIncomeExpensesNet": 0,
    "incomeBeforeTax": 534700000,
    "incomeBeforeTaxRatio": 0.2245600773,
    "incomeTaxExpense": 187500000,
    "netIncome": 347200000,
    "netIncomeRatio": 0.1458149595,
    "eps": 1.44,
    "epsdiluted": 1.43,
    "weightedAverageShsOut": 198194000,
    "weightedAverageShsOutDil": 199580000,
    "link": "https://www.sec.gov/Archives/edgar/data/91576/000095015294000385/0000950152-94-000385-index.html",
    "finalLink": "https://www.sec.gov/Archives/edgar/data/91576/"
  },
  {
    "date": "1992-12-31",
    "symbol": "KEY",
    "reportedCurrency": "USD",
    "cik": "0000091576",
    "fillingDate": "1992-12-31",
    "acceptedDate": "1992-12-31 00:00:00",
    "calendarYear": "1992",
    "period": "FY",
    "revenue": 2404900000,
    "costOfRevenue": 920400000,
    "grossProfit": 1484500000,
    "grossProfitRatio": 0.6172813838,
    "researchAndDevelopmentExpenses": 0,
    "generalAndAdministrativeExpenses": 476000000,
    "sellingAndMarketingExpenses": 0,
    "sellingGeneralAndAdministrativeExpenses": 476000000,
    "otherExpenses": 569900000,
    "operatingExpenses": 1045900000,
    "costAndExpenses": 1966300000,
    "interestIncome": 1903400000,
    "interestExpense": 773000000,
    "depreciationAndAmortization": 94000000,
    "ebitda": 532600000,
    "ebitdaratio": 0.22146451,
    "operatingIncome": 438600000,
    "operatingIncomeRatio": 0.1823776456,
    "totalOtherIncomeExpensesNet": 0,
    "incomeBeforeTax": 438600000,
    "incomeBeforeTaxRatio": 0.1823776456,
    "incomeTaxExpense": 137400000,
    "netIncome": 301200000,
    "netIncomeRatio": 0.1252442929,
    "eps": 1.21,
    "epsdiluted": 1.2,
    "weightedAverageShsOut": 248926000,
    "weightedAverageShsOutDil": 251000000,
    "link": null,
    "finalLink": null
  },
  {
    "date": "1991-12-31",
    "symbol": "KEY",
    "reportedCurrency": "USD",
    "cik": "0000091576",
    "fillingDate": "1991-12-31",
    "acceptedDate": "1991-12-31 00:00:00",
    "calendarYear": "1991",
    "period": "FY",
    "revenue": 1609200000,
    "costOfRevenue": 777100000,
    "grossProfit": 832100000,
    "grossProfitRatio": 0.5170892369,
    "researchAndDevelopmentExpenses": 0,
    "generalAndAdministrativeExpenses": 278100000,
    "sellingAndMarketingExpenses": 0,
    "sellingGeneralAndAdministrativeExpenses": 278100000,
    "otherExpenses": 320000000,
    "operatingExpenses": 598100000,
    "costAndExpenses": 1375200000,
    "interestIncome": 1384100000,
    "interestExpense": 697300000,
    "depreciationAndAmortization": 49000000,
    "ebitda": 283000000,
    "ebitdaratio": 0.1758637832,
    "operatingIncome": 234000000,
    "operatingIncomeRatio": 0.1454138702,
    "totalOtherIncomeExpensesNet": 0,
    "incomeBeforeTax": 234000000,
    "incomeBeforeTaxRatio": 0.1454138702,
    "incomeTaxExpense": 71000000,
    "netIncome": 163000000,
    "netIncomeRatio": 0.1012925677,
    "eps": 1.23,
    "epsdiluted": 1.23,
    "weightedAverageShsOut": 130976000,
    "weightedAverageShsOutDil": 130976000,
    "link": null,
    "finalLink": null
  },
  {
    "date": "1990-12-31",
    "symbol": "KEY",
    "reportedCurrency": "USD",
    "cik": "0000091576",
    "fillingDate": "1990-12-31",
    "acceptedDate": "1990-12-31 00:00:00",
    "calendarYear": "1990",
    "period": "FY",
    "revenue": 1725400000,
    "costOfRevenue": 957300000,
    "grossProfit": 768100000,
    "grossProfitRatio": 0.445172134,
    "researchAndDevelopmentExpenses": 0,
    "generalAndAdministrativeExpenses": 282200000,
    "sellingAndMarketingExpenses": 0,
    "sellingGeneralAndAdministrativeExpenses": 282200000,
    "otherExpenses": 323600000,
    "operatingExpenses": 605800000,
    "costAndExpenses": 1563100000,
    "interestIncome": 1486900000,
    "interestExpense": 862600000,
    "depreciationAndAmortization": 43200000,
    "ebitda": 205500000,
    "ebitdaratio": 0.1191028167,
    "operatingIncome": 162300000,
    "operatingIncomeRatio": 0.0940651443,
    "totalOtherIncomeExpensesNet": 0,
    "incomeBeforeTax": 162300000,
    "incomeBeforeTaxRatio": 0.0940651443,
    "incomeTaxExpense": 7100000,
    "netIncome": 157900000,
    "netIncomeRatio": 0.091515011,
    "eps": 1.18,
    "epsdiluted": 1.18,
    "weightedAverageShsOut": 133390000,
    "weightedAverageShsOutDil": 133390000,
    "link": null,
    "finalLink": null
  },
  {
    "date": "1989-12-31",
    "symbol": "KEY",
    "reportedCurrency": "USD",
    "cik": "0000091576",
    "fillingDate": "1989-12-31",
    "acceptedDate": "1989-12-31 00:00:00",
    "calendarYear": "1989",
    "period": "FY",
    "revenue": 1148600000,
    "costOfRevenue": 612900000,
    "grossProfit": 535700000,
    "grossProfitRatio": 0.4663938708,
    "researchAndDevelopmentExpenses": 0,
    "generalAndAdministrativeExpenses": 180300000,
    "sellingAndMarketingExpenses": 0,
    "sellingGeneralAndAdministrativeExpenses": 180300000,
    "otherExpenses": 209900000,
    "operatingExpenses": 390200000,
    "costAndExpenses": 1003100000,
    "interestIncome": 987100000,
    "interestExpense": 561300000,
    "depreciationAndAmortization": 24700000,
    "ebitda": 170200000,
    "ebitdaratio": 0.1481803935,
    "operatingIncome": 145500000,
    "operatingIncomeRatio": 0.1266759533,
    "totalOtherIncomeExpensesNet": 0,
    "incomeBeforeTax": 145500000,
    "incomeBeforeTaxRatio": 0.1266759533,
    "incomeTaxExpense": 35500000,
    "netIncome": 110000000,
    "netIncomeRatio": 0.095768762,
    "eps": 1.16,
    "epsdiluted": 1.16,
    "weightedAverageShsOut": 93103000,
    "weightedAverageShsOutDil": 93103000,
    "link": null,
    "finalLink": null
  },
  {
    "date": "1988-12-31",
    "symbol": "KEY",
    "reportedCurrency": "USD",
    "cik": "0000091576",
    "fillingDate": "1988-12-31",
    "acceptedDate": "1988-12-30 19:00:00",
    "calendarYear": "1988",
    "period": "FY",
    "revenue": 0,
    "costOfRevenue": 0,
    "grossProfit": 0,
    "grossProfitRatio": 0,
    "researchAndDevelopmentExpenses": 0,
    "generalAndAdministrativeExpenses": 0,
    "sellingAndMarketingExpenses": 0,
    "sellingGeneralAndAdministrativeExpenses": 0,
    "otherExpenses": 100100000,
    "operatingExpenses": 100100000,
    "costAndExpenses": 100100000,
    "interestIncome": 0,
    "interestExpense": 0,
    "depreciationAndAmortization": 0,
    "ebitda": 100100000,
    "ebitdaratio": 0,
    "operatingIncome": 100100000,
    "operatingIncomeRatio": 0,
    "totalOtherIncomeExpensesNet": 0,
    "incomeBeforeTax": 0,
    "incomeBeforeTaxRatio": 0,
    "incomeTaxExpense": -100100000,
    "netIncome": 100100000,
    "netIncomeRatio": 0,
    "eps": 1.05,
    "epsdiluted": 1.05,
    "weightedAverageShsOut": 95333000,
    "weightedAverageShsOutDil": 95333000,
    "link": "",
    "finalLink": ""
  },
  {
    "date": "1987-12-31",
    "symbol": "KEY",
    "reportedCurrency": "USD",
    "cik": "0000091576",
    "fillingDate": "1987-12-31",
    "acceptedDate": "1987-12-30 19:00:00",
    "calendarYear": "1987",
    "period": "FY",
    "revenue": 0,
    "costOfRevenue": 0,
    "grossProfit": 0,
    "grossProfitRatio": 0,
    "researchAndDevelopmentExpenses": 0,
    "generalAndAdministrativeExpenses": 0,
    "sellingAndMarketingExpenses": 0,
    "sellingGeneralAndAdministrativeExpenses": 0,
    "otherExpenses": 90900000,
    "operatingExpenses": 90900000,
    "costAndExpenses": 90900000,
    "interestIncome": 0,
    "interestExpense": 0,
    "depreciationAndAmortization": 0,
    "ebitda": 90900000,
    "ebitdaratio": 0,
    "operatingIncome": 90900000,
    "operatingIncomeRatio": 0,
    "totalOtherIncomeExpensesNet": 0,
    "incomeBeforeTax": 0,
    "incomeBeforeTaxRatio": 0,
    "incomeTaxExpense": -90900000,
    "netIncome": 90900000,
    "netIncomeRatio": 0,
    "eps": 0.94,
    "epsdiluted": 0.94,
    "weightedAverageShsOut": 96702000,
    "weightedAverageShsOutDil": 96702000,
    "link": "",
    "finalLink": ""
  },
  {
    "date": "1986-12-31",
    "symbol": "KEY",
    "reportedCurrency": "USD",
    "cik": "0000091576",
    "fillingDate": "1986-12-31",
    "acceptedDate": "1986-12-30 19:00:00",
    "calendarYear": "1986",
    "period": "FY",
    "revenue": 0,
    "costOfRevenue": 0,
    "grossProfit": 0,
    "grossProfitRatio": 0,
    "researchAndDevelopmentExpenses": 0,
    "generalAndAdministrativeExpenses": 0,
    "sellingAndMarketingExpenses": 0,
    "sellingGeneralAndAdministrativeExpenses": 0,
    "otherExpenses": 84100000,
    "operatingExpenses": 84100000,
    "costAndExpenses": 84100000,
    "interestIncome": 0,
    "interestExpense": 0,
    "depreciationAndAmortization": 0,
    "ebitda": 84100000,
    "ebitdaratio": 0,
    "operatingIncome": 84100000,
    "operatingIncomeRatio": 0,
    "totalOtherIncomeExpensesNet": 0,
    "incomeBeforeTax": 0,
    "incomeBeforeTaxRatio": 0,
    "incomeTaxExpense": -84100000,
    "netIncome": 84100000,
    "netIncomeRatio": 0,
    "eps": 0.9,
    "epsdiluted": 0.9,
    "weightedAverageShsOut": 93721000,
    "weightedAverageShsOutDil": 93721000,
    "link": "",
    "finalLink": ""
  },
  {
    "date": "1985-12-31",
    "symbol": "KEY",
    "reportedCurrency": "USD",
    "cik": "0000091576",
    "fillingDate": "1985-12-31",
    "acceptedDate": "1985-12-30 19:00:00",
    "calendarYear": "1985",
    "period": "FY",
    "revenue": 0,
    "costOfRevenue": 0,
    "grossProfit": 0,
    "grossProfitRatio": 0,
    "researchAndDevelopmentExpenses": 0,
    "generalAndAdministrativeExpenses": 0,
    "sellingAndMarketingExpenses": 0,
    "sellingGeneralAndAdministrativeExpenses": 0,
    "otherExpenses": 60300000,
    "operatingExpenses": 60300000,
    "costAndExpenses": 60300000,
    "interestIncome": 0,
    "interestExpense": 0,
    "depreciationAndAmortization": 0,
    "ebitda": 60300000,
    "ebitdaratio": 0,
    "operatingIncome": 60300000,
    "operatingIncomeRatio": 0,
    "totalOtherIncomeExpensesNet": 0,
    "incomeBeforeTax": 0,
    "incomeBeforeTaxRatio": 0,
    "incomeTaxExpense": -60300000,
    "netIncome": 60300000,
    "netIncomeRatio": 0,
    "eps": 0.78,
    "epsdiluted": 0.78,
    "weightedAverageShsOut": 77632000,
    "weightedAverageShsOutDil": 77632000,
    "link": "",
    "finalLink": ""
  }
]