[
  {
    "date": "2025-07-31",
    "symbol": "KEYS",
    "reportedCurrency": "USD",
    "cik": "0001601046",
    "fillingDate": "2025-08-29",
    "acceptedDate": "2025-08-29 16:07:19",
    "calendarYear": "2025",
    "period": "Q3",
    "revenue": 1352000000,
    "costOfRevenue": 518000000,
    "grossProfit": 834000000,
    "grossProfitRatio": 0.6168639053,
    "researchAndDevelopmentExpenses": 250000000,
    "generalAndAdministrativeExpenses": 0,
    "sellingAndMarketingExpenses": 0,
    "sellingGeneralAndAdministrativeExpenses": 354000000,
    "otherExpenses": 0,
    "operatingExpenses": 604000000,
    "costAndExpenses": 1122000000,
    "interestIncome": 31000000,
    "interestExpense": 28000000,
    "depreciationAndAmortization": 0,
    "ebitda": 269000000,
    "ebitdaratio": 0.198964497,
    "operatingIncome": 230000000,
    "operatingIncomeRatio": 0.1701183432,
    "totalOtherIncomeExpensesNet": 11000000,
    "incomeBeforeTax": 241000000,
    "incomeBeforeTaxRatio": 0.1782544379,
    "incomeTaxExpense": 50000000,
    "netIncome": 191000000,
    "netIncomeRatio": 0.1412721893,
    "eps": 1.1,
    "epsdiluted": 1.1,
    "weightedAverageShsOut": 173000000,
    "weightedAverageShsOutDil": 173000000,
    "link": "https://www.sec.gov/Archives/edgar/data/1601046/000160104625000091/0001601046-25-000091-index.htm",
    "finalLink": "https://www.sec.gov/Archives/edgar/data/1601046/000160104625000091/keys-20250731.htm"
  },
  {
    "date": "2025-04-30",
    "symbol": "KEYS",
    "reportedCurrency": "USD",
    "cik": "0001601046",
    "fillingDate": "2025-06-03",
    "acceptedDate": "2025-06-03 16:07:41",
    "calendarYear": "2025",
    "period": "Q2",
    "revenue": 1306000000,
    "costOfRevenue": 492000000,
    "grossProfit": 814000000,
    "grossProfitRatio": 0.6232771822,
    "researchAndDevelopmentExpenses": 250000000,
    "generalAndAdministrativeExpenses": 0,
    "sellingAndMarketingExpenses": 0,
    "sellingGeneralAndAdministrativeExpenses": 360000000,
    "otherExpenses": -3000000,
    "operatingExpenses": 607000000,
    "costAndExpenses": 1099000000,
    "interestIncome": 21000000,
    "interestExpense": 20000000,
    "depreciationAndAmortization": 68000000,
    "ebitda": 408000000,
    "ebitdaratio": 0.3124042879,
    "operatingIncome": 207000000,
    "operatingIncomeRatio": 0.1584992343,
    "totalOtherIncomeExpensesNet": 113000000,
    "incomeBeforeTax": 320000000,
    "incomeBeforeTaxRatio": 0.2450229709,
    "incomeTaxExpense": 63000000,
    "netIncome": 257000000,
    "netIncomeRatio": 0.1967840735,
    "eps": 1.49,
    "epsdiluted": 1.49,
    "weightedAverageShsOut": 172000000,
    "weightedAverageShsOutDil": 173000000,
    "link": "https://www.sec.gov/Archives/edgar/data/1601046/000160104625000073/0001601046-25-000073-index.htm",
    "finalLink": "https://www.sec.gov/Archives/edgar/data/1601046/000160104625000073/keys-20250430.htm"
  },
  {
    "date": "2025-01-31",
    "symbol": "KEYS",
    "reportedCurrency": "USD",
    "cik": "0001601046",
    "fillingDate": "2025-03-06",
    "acceptedDate": "2025-03-06 16:05:47",
    "calendarYear": "2025",
    "period": "Q1",
    "revenue": 1298000000,
    "costOfRevenue": 478000000,
    "grossProfit": 820000000,
    "grossProfitRatio": 0.6317411402,
    "researchAndDevelopmentExpenses": 249000000,
    "generalAndAdministrativeExpenses": 0,
    "sellingAndMarketingExpenses": 0,
    "sellingGeneralAndAdministrativeExpenses": 361000000,
    "otherExpenses": -8000000,
    "operatingExpenses": 602000000,
    "costAndExpenses": 1080000000,
    "interestIncome": 19000000,
    "interestExpense": 20000000,
    "depreciationAndAmortization": 66000000,
    "ebitda": 285000000,
    "ebitdaratio": 0.219568567,
    "operatingIncome": 218000000,
    "operatingIncomeRatio": 0.1679506934,
    "totalOtherIncomeExpensesNet": -19000000,
    "incomeBeforeTax": 199000000,
    "incomeBeforeTaxRatio": 0.1533127889,
    "incomeTaxExpense": 30000000,
    "netIncome": 169000000,
    "netIncomeRatio": 0.1302003082,
    "eps": 0.98,
    "epsdiluted": 0.97,
    "weightedAverageShsOut": 173000000,
    "weightedAverageShsOutDil": 174000000,
    "link": "https://www.sec.gov/Archives/edgar/data/1601046/000160104625000009/0001601046-25-000009-index.htm",
    "finalLink": "https://www.sec.gov/Archives/edgar/data/1601046/000160104625000009/keys-20250131.htm"
  },
  {
    "date": "2024-10-31",
    "symbol": "KEYS",
    "reportedCurrency": "USD",
    "cik": "0001601046",
    "fillingDate": "2024-12-17",
    "acceptedDate": "2024-12-17 16:05:47",
    "calendarYear": "2024",
    "period": "Q4",
    "revenue": 1287000000,
    "costOfRevenue": 485000000,
    "grossProfit": 802000000,
    "grossProfitRatio": 0.6231546232,
    "researchAndDevelopmentExpenses": 233000000,
    "generalAndAdministrativeExpenses": 0,
    "sellingAndMarketingExpenses": 0,
    "sellingGeneralAndAdministrativeExpenses": 343000000,
    "otherExpenses": -4000000,
    "operatingExpenses": 572000000,
    "costAndExpenses": 1057000000,
    "interestIncome": 21000000,
    "interestExpense": 23000000,
    "depreciationAndAmortization": 68000000,
    "ebitda": 339000000,
    "ebitdaratio": 0.2634032634,
    "operatingIncome": 230000000,
    "operatingIncomeRatio": 0.1787101787,
    "totalOtherIncomeExpensesNet": 18000000,
    "incomeBeforeTax": 248000000,
    "incomeBeforeTaxRatio": 0.1926961927,
    "incomeTaxExpense": 321000000,
    "netIncome": -73000000,
    "netIncomeRatio": -0.0567210567,
    "eps": -0.42,
    "epsdiluted": -0.42,
    "weightedAverageShsOut": 173000000,
    "weightedAverageShsOutDil": 173000000,
    "link": "https://www.sec.gov/Archives/edgar/data/1601046/000160104624000159/0001601046-24-000159-index.htm",
    "finalLink": "https://www.sec.gov/Archives/edgar/data/1601046/000160104624000159/keys-20241031.htm"
  },
  {
    "date": "2024-07-31",
    "symbol": "KEYS",
    "reportedCurrency": "USD",
    "cik": "0001601046",
    "fillingDate": "2024-08-29",
    "acceptedDate": "2024-08-29 16:22:19",
    "calendarYear": "2024",
    "period": "Q3",
    "revenue": 1217000000,
    "costOfRevenue": 462000000,
    "grossProfit": 755000000,
    "grossProfitRatio": 0.6203779786,
    "researchAndDevelopmentExpenses": 226000000,
    "generalAndAdministrativeExpenses": 0,
    "sellingAndMarketingExpenses": 0,
    "sellingGeneralAndAdministrativeExpenses": 329000000,
    "otherExpenses": -5000000,
    "operatingExpenses": 550000000,
    "costAndExpenses": 1012000000,
    "interestIncome": 19000000,
    "interestExpense": 21000000,
    "depreciationAndAmortization": 64000000,
    "ebitda": 298000000,
    "ebitdaratio": 0.2448644207,
    "operatingIncome": 205000000,
    "operatingIncomeRatio": 0.1684470008,
    "totalOtherIncomeExpensesNet": 8000000,
    "incomeBeforeTax": 213000000,
    "incomeBeforeTaxRatio": 0.1750205423,
    "incomeTaxExpense": -176000000,
    "netIncome": 389000000,
    "netIncomeRatio": 0.3196384552,
    "eps": 2.24,
    "epsdiluted": 2.22,
    "weightedAverageShsOut": 174000000,
    "weightedAverageShsOutDil": 175000000,
    "link": "https://www.sec.gov/Archives/edgar/data/1601046/000160104624000061/0001601046-24-000061-index.htm",
    "finalLink": "https://www.sec.gov/Archives/edgar/data/1601046/000160104624000061/keys-20240731.htm"
  },
  {
    "date": "2024-04-30",
    "symbol": "KEYS",
    "reportedCurrency": "USD",
    "cik": "0001601046",
    "fillingDate": "2024-05-31",
    "acceptedDate": "2024-05-31 16:05:48",
    "calendarYear": "2024",
    "period": "Q2",
    "revenue": 1216000000,
    "costOfRevenue": 453000000,
    "grossProfit": 763000000,
    "grossProfitRatio": 0.6274671053,
    "researchAndDevelopmentExpenses": 228000000,
    "generalAndAdministrativeExpenses": 0,
    "sellingAndMarketingExpenses": 0,
    "sellingGeneralAndAdministrativeExpenses": 361000000,
    "otherExpenses": -3000000,
    "operatingExpenses": 586000000,
    "costAndExpenses": 1039000000,
    "interestIncome": 18000000,
    "interestExpense": 20000000,
    "depreciationAndAmortization": 70000000,
    "ebitda": 265000000,
    "ebitdaratio": 0.2179276316,
    "operatingIncome": 177000000,
    "operatingIncomeRatio": 0.1455592105,
    "totalOtherIncomeExpensesNet": -2000000,
    "incomeBeforeTax": 175000000,
    "incomeBeforeTaxRatio": 0.1439144737,
    "incomeTaxExpense": 49000000,
    "netIncome": 126000000,
    "netIncomeRatio": 0.1036184211,
    "eps": 0.72,
    "epsdiluted": 0.72,
    "weightedAverageShsOut": 174000000,
    "weightedAverageShsOutDil": 175000000,
    "link": "https://www.sec.gov/Archives/edgar/data/1601046/000160104624000043/0001601046-24-000043-index.htm",
    "finalLink": "https://www.sec.gov/Archives/edgar/data/1601046/000160104624000043/keys-20240430.htm"
  },
  {
    "date": "2024-01-31",
    "symbol": "KEYS",
    "reportedCurrency": "USD",
    "cik": "0001601046",
    "fillingDate": "2024-03-05",
    "acceptedDate": "2024-03-05 16:06:27",
    "calendarYear": "2024",
    "period": "Q1",
    "revenue": 1259000000,
    "costOfRevenue": 446000000,
    "grossProfit": 813000000,
    "grossProfitRatio": 0.6457505957,
    "researchAndDevelopmentExpenses": 232000000,
    "generalAndAdministrativeExpenses": 0,
    "sellingAndMarketingExpenses": 0,
    "sellingGeneralAndAdministrativeExpenses": 362000000,
    "otherExpenses": -2000000,
    "operatingExpenses": 592000000,
    "costAndExpenses": 1038000000,
    "interestIncome": 23000000,
    "interestExpense": 20000000,
    "depreciationAndAmortization": 68000000,
    "ebitda": 317000000,
    "ebitdaratio": 0.2517871326,
    "operatingIncome": 221000000,
    "operatingIncomeRatio": 0.1755361398,
    "totalOtherIncomeExpensesNet": 8000000,
    "incomeBeforeTax": 229000000,
    "incomeBeforeTaxRatio": 0.1818903892,
    "incomeTaxExpense": 57000000,
    "netIncome": 172000000,
    "netIncomeRatio": 0.1366163622,
    "eps": 0.98,
    "epsdiluted": 0.98,
    "weightedAverageShsOut": 175000000,
    "weightedAverageShsOutDil": 176000000,
    "link": "https://www.sec.gov/Archives/edgar/data/1601046/000160104624000005/0001601046-24-000005-index.htm",
    "finalLink": "https://www.sec.gov/Archives/edgar/data/1601046/000160104624000005/keys-20240131.htm"
  },
  {
    "date": "2023-10-31",
    "symbol": "KEYS",
    "reportedCurrency": "USD",
    "cik": "0001601046",
    "fillingDate": "2023-12-15",
    "acceptedDate": "2023-12-15 16:06:39",
    "calendarYear": "2023",
    "period": "Q4",
    "revenue": 1311000000,
    "costOfRevenue": 467000000,
    "grossProfit": 844000000,
    "grossProfitRatio": 0.6437833715,
    "researchAndDevelopmentExpenses": 218000000,
    "generalAndAdministrativeExpenses": 0,
    "sellingAndMarketingExpenses": 0,
    "sellingGeneralAndAdministrativeExpenses": 313000000,
    "otherExpenses": -4000000,
    "operatingExpenses": 527000000,
    "costAndExpenses": 994000000,
    "interestIncome": 32000000,
    "interestExpense": 20000000,
    "depreciationAndAmortization": 50000000,
    "ebitda": 346000000,
    "ebitdaratio": 0.2639206712,
    "operatingIncome": 317000000,
    "operatingIncomeRatio": 0.2418001526,
    "totalOtherIncomeExpensesNet": -41000000,
    "incomeBeforeTax": 276000000,
    "incomeBeforeTaxRatio": 0.2105263158,
    "incomeTaxExpense": 50000000,
    "netIncome": 226000000,
    "netIncomeRatio": 0.1723874905,
    "eps": 1.28,
    "epsdiluted": 1.28,
    "weightedAverageShsOut": 176000000,
    "weightedAverageShsOutDil": 177000000,
    "link": "https://www.sec.gov/Archives/edgar/data/1601046/000160104623000134/0001601046-23-000134-index.htm",
    "finalLink": "https://www.sec.gov/Archives/edgar/data/1601046/000160104623000134/keys-20231031.htm"
  },
  {
    "date": "2023-07-31",
    "symbol": "KEYS",
    "reportedCurrency": "USD",
    "cik": "0001601046",
    "fillingDate": "2023-08-30",
    "acceptedDate": "2023-08-30 16:06:06",
    "calendarYear": "2023",
    "period": "Q3",
    "revenue": 1382000000,
    "costOfRevenue": 486000000,
    "grossProfit": 896000000,
    "grossProfitRatio": 0.6483357453,
    "researchAndDevelopmentExpenses": 215000000,
    "generalAndAdministrativeExpenses": 15000000,
    "sellingAndMarketingExpenses": 304000000,
    "sellingGeneralAndAdministrativeExpenses": 319000000,
    "otherExpenses": -3000000,
    "operatingExpenses": 531000000,
    "costAndExpenses": 1017000000,
    "interestIncome": 29000000,
    "interestExpense": 19000000,
    "depreciationAndAmortization": 54000000,
    "ebitda": 462000000,
    "ebitdaratio": 0.3342981187,
    "operatingIncome": 365000000,
    "operatingIncomeRatio": 0.2641099855,
    "totalOtherIncomeExpensesNet": 24000000,
    "incomeBeforeTax": 389000000,
    "incomeBeforeTaxRatio": 0.2814761216,
    "incomeTaxExpense": 101000000,
    "netIncome": 288000000,
    "netIncomeRatio": 0.2083936324,
    "eps": 1.62,
    "epsdiluted": 1.61,
    "weightedAverageShsOut": 178000000,
    "weightedAverageShsOutDil": 179000000,
    "link": "https://www.sec.gov/Archives/edgar/data/1601046/000160104623000073/0001601046-23-000073-index.htm",
    "finalLink": "https://www.sec.gov/Archives/edgar/data/1601046/000160104623000073/keys-20230731.htm"
  },
  {
    "date": "2023-04-30",
    "symbol": "KEYS",
    "reportedCurrency": "USD",
    "cik": "0001601046",
    "fillingDate": "2023-05-31",
    "acceptedDate": "2023-05-31 16:10:00",
    "calendarYear": "2023",
    "period": "Q2",
    "revenue": 1390000000,
    "costOfRevenue": 481000000,
    "grossProfit": 909000000,
    "grossProfitRatio": 0.6539568345,
    "researchAndDevelopmentExpenses": 222000000,
    "generalAndAdministrativeExpenses": 0,
    "sellingAndMarketingExpenses": 0,
    "sellingGeneralAndAdministrativeExpenses": 337000000,
    "otherExpenses": -4000000,
    "operatingExpenses": 555000000,
    "costAndExpenses": 1036000000,
    "interestIncome": 22000000,
    "interestExpense": 20000000,
    "depreciationAndAmortization": 55000000,
    "ebitda": 436000000,
    "ebitdaratio": 0.3136690647,
    "operatingIncome": 354000000,
    "operatingIncomeRatio": 0.254676259,
    "totalOtherIncomeExpensesNet": 7000000,
    "incomeBeforeTax": 361000000,
    "incomeBeforeTaxRatio": 0.2597122302,
    "incomeTaxExpense": 78000000,
    "netIncome": 283000000,
    "netIncomeRatio": 0.2035971223,
    "eps": 1.59,
    "epsdiluted": 1.58,
    "weightedAverageShsOut": 178000000,
    "weightedAverageShsOutDil": 179000000,
    "link": "https://www.sec.gov/Archives/edgar/data/1601046/000160104623000054/0001601046-23-000054-index.htm",
    "finalLink": "https://www.sec.gov/Archives/edgar/data/1601046/000160104623000054/keys-20230430.htm"
  },
  {
    "date": "2023-01-31",
    "symbol": "KEYS",
    "reportedCurrency": "USD",
    "cik": "0001601046",
    "fillingDate": "2023-03-03",
    "acceptedDate": "2023-03-03 16:08:27",
    "calendarYear": "2023",
    "period": "Q1",
    "revenue": 1381000000,
    "costOfRevenue": 498000000,
    "grossProfit": 883000000,
    "grossProfitRatio": 0.6393917451,
    "researchAndDevelopmentExpenses": 227000000,
    "generalAndAdministrativeExpenses": 0,
    "sellingAndMarketingExpenses": 0,
    "sellingGeneralAndAdministrativeExpenses": 338000000,
    "otherExpenses": -4000000,
    "operatingExpenses": 561000000,
    "costAndExpenses": 1059000000,
    "interestIncome": 19000000,
    "interestExpense": 19000000,
    "depreciationAndAmortization": 53000000,
    "ebitda": 403000000,
    "ebitdaratio": 0.2918175235,
    "operatingIncome": 322000000,
    "operatingIncomeRatio": 0.2331643736,
    "totalOtherIncomeExpensesNet": 9000000,
    "incomeBeforeTax": 331000000,
    "incomeBeforeTaxRatio": 0.2396813903,
    "incomeTaxExpense": 71000000,
    "netIncome": 260000000,
    "netIncomeRatio": 0.18826937,
    "eps": 1.46,
    "epsdiluted": 1.44,
    "weightedAverageShsOut": 178000000,
    "weightedAverageShsOutDil": 180000000,
    "link": "https://www.sec.gov/Archives/edgar/data/1601046/000160104623000015/0001601046-23-000015-index.htm",
    "finalLink": "https://www.sec.gov/Archives/edgar/data/1601046/000160104623000015/keys-20230131.htm"
  },
  {
    "date": "2022-10-31",
    "symbol": "KEYS",
    "reportedCurrency": "USD",
    "cik": "0001601046",
    "fillingDate": "2022-12-15",
    "acceptedDate": "2022-12-15 16:06:50",
    "calendarYear": "2022",
    "period": "Q4",
    "revenue": 1443000000,
    "costOfRevenue": 533000000,
    "grossProfit": 910000000,
    "grossProfitRatio": 0.6306306306,
    "researchAndDevelopmentExpenses": 215000000,
    "generalAndAdministrativeExpenses": 0,
    "sellingAndMarketingExpenses": 0,
    "sellingGeneralAndAdministrativeExpenses": 321000000,
    "otherExpenses": -5000000,
    "operatingExpenses": 531000000,
    "costAndExpenses": 1064000000,
    "interestIncome": 10000000,
    "interestExpense": 20000000,
    "depreciationAndAmortization": 55000000,
    "ebitda": 443000000,
    "ebitdaratio": 0.306999307,
    "operatingIncome": 379000000,
    "operatingIncomeRatio": 0.2626472626,
    "totalOtherIncomeExpensesNet": -11000000,
    "incomeBeforeTax": 368000000,
    "incomeBeforeTaxRatio": 0.255024255,
    "incomeTaxExpense": 69000000,
    "netIncome": 299000000,
    "netIncomeRatio": 0.2072072072,
    "eps": 1.67,
    "epsdiluted": 1.66,
    "weightedAverageShsOut": 179000000,
    "weightedAverageShsOutDil": 180000000,
    "link": "https://www.sec.gov/Archives/edgar/data/1601046/000160104622000161/0001601046-22-000161-index.htm",
    "finalLink": "https://www.sec.gov/Archives/edgar/data/1601046/000160104622000161/keys-20221031.htm"
  },
  {
    "date": "2022-07-31",
    "symbol": "KEYS",
    "reportedCurrency": "USD",
    "cik": "0001601046",
    "fillingDate": "2022-08-30",
    "acceptedDate": "2022-08-30 16:06:13",
    "calendarYear": "2022",
    "period": "Q3",
    "revenue": 1376000000,
    "costOfRevenue": 499000000,
    "grossProfit": 877000000,
    "grossProfitRatio": 0.6373546512,
    "researchAndDevelopmentExpenses": 206000000,
    "generalAndAdministrativeExpenses": 15000000,
    "sellingAndMarketingExpenses": 302000000,
    "sellingGeneralAndAdministrativeExpenses": 317000000,
    "otherExpenses": -3000000,
    "operatingExpenses": 520000000,
    "costAndExpenses": 1019000000,
    "interestIncome": 4000000,
    "interestExpense": 20000000,
    "depreciationAndAmortization": 56000000,
    "ebitda": 422000000,
    "ebitdaratio": 0.3066860465,
    "operatingIncome": 357000000,
    "operatingIncomeRatio": 0.2594476744,
    "totalOtherIncomeExpensesNet": -11000000,
    "incomeBeforeTax": 346000000,
    "incomeBeforeTaxRatio": 0.2514534884,
    "incomeTaxExpense": 8000000,
    "netIncome": 338000000,
    "netIncomeRatio": 0.2456395349,
    "eps": 1.89,
    "epsdiluted": 1.87,
    "weightedAverageShsOut": 179000000,
    "weightedAverageShsOutDil": 181000000,
    "link": "https://www.sec.gov/Archives/edgar/data/1601046/000160104622000066/0001601046-22-000066-index.htm",
    "finalLink": "https://www.sec.gov/Archives/edgar/data/1601046/000160104622000066/keys-20220731.htm"
  },
  {
    "date": "2022-04-30",
    "symbol": "KEYS",
    "reportedCurrency": "USD",
    "cik": "0001601046",
    "fillingDate": "2022-06-01",
    "acceptedDate": "2022-06-01 16:07:36",
    "calendarYear": "2022",
    "period": "Q2",
    "revenue": 1351000000,
    "costOfRevenue": 492000000,
    "grossProfit": 859000000,
    "grossProfitRatio": 0.6358253146,
    "researchAndDevelopmentExpenses": 210000000,
    "generalAndAdministrativeExpenses": 0,
    "sellingAndMarketingExpenses": 0,
    "sellingGeneralAndAdministrativeExpenses": 319000000,
    "otherExpenses": 3000000,
    "operatingExpenses": 532000000,
    "costAndExpenses": 1024000000,
    "interestIncome": 1000000,
    "interestExpense": 19000000,
    "depreciationAndAmortization": 55000000,
    "ebitda": 381000000,
    "ebitdaratio": 0.2820133235,
    "operatingIncome": 327000000,
    "operatingIncomeRatio": 0.2420429312,
    "totalOtherIncomeExpensesNet": -20000000,
    "incomeBeforeTax": 307000000,
    "incomeBeforeTaxRatio": 0.2272390822,
    "incomeTaxExpense": 49000000,
    "netIncome": 258000000,
    "netIncomeRatio": 0.1909696521,
    "eps": 1.43,
    "epsdiluted": 1.41,
    "weightedAverageShsOut": 181000000,
    "weightedAverageShsOutDil": 183000000,
    "link": "https://www.sec.gov/Archives/edgar/data/1601046/000160104622000052/0001601046-22-000052-index.htm",
    "finalLink": "https://www.sec.gov/Archives/edgar/data/1601046/000160104622000052/keys-20220430.htm"
  },
  {
    "date": "2022-01-31",
    "symbol": "KEYS",
    "reportedCurrency": "USD",
    "cik": "0001601046",
    "fillingDate": "2022-03-01",
    "acceptedDate": "2022-03-01 16:18:58",
    "calendarYear": "2022",
    "period": "Q1",
    "revenue": 1250000000,
    "costOfRevenue": 446000000,
    "grossProfit": 804000000,
    "grossProfitRatio": 0.6432,
    "researchAndDevelopmentExpenses": 210000000,
    "generalAndAdministrativeExpenses": 0,
    "sellingAndMarketingExpenses": 0,
    "sellingGeneralAndAdministrativeExpenses": 326000000,
    "otherExpenses": -3000000,
    "operatingExpenses": 533000000,
    "costAndExpenses": 979000000,
    "interestIncome": 1000000,
    "interestExpense": 20000000,
    "depreciationAndAmortization": 57000000,
    "ebitda": 341000000,
    "ebitdaratio": 0.2728,
    "operatingIncome": 271000000,
    "operatingIncomeRatio": 0.2168,
    "totalOtherIncomeExpensesNet": -7000000,
    "incomeBeforeTax": 264000000,
    "incomeBeforeTaxRatio": 0.2112,
    "incomeTaxExpense": 35000000,
    "netIncome": 229000000,
    "netIncomeRatio": 0.1832,
    "eps": 1.25,
    "epsdiluted": 1.24,
    "weightedAverageShsOut": 183000000,
    "weightedAverageShsOutDil": 184000000,
    "link": "https://www.sec.gov/Archives/edgar/data/1601046/000160104622000011/0001601046-22-000011-index.htm",
    "finalLink": "https://www.sec.gov/Archives/edgar/data/1601046/000160104622000011/keys-20220131.htm"
  },
  {
    "date": "2021-10-31",
    "symbol": "KEYS",
    "reportedCurrency": "USD",
    "cik": "0001601046",
    "fillingDate": "2021-12-17",
    "acceptedDate": "2021-12-17 16:50:12",
    "calendarYear": "2021",
    "period": "Q4",
    "revenue": 1294000000,
    "costOfRevenue": 457000000,
    "grossProfit": 837000000,
    "grossProfitRatio": 0.6468315301,
    "researchAndDevelopmentExpenses": 196000000,
    "generalAndAdministrativeExpenses": 0,
    "sellingAndMarketingExpenses": 0,
    "sellingGeneralAndAdministrativeExpenses": 295000000,
    "otherExpenses": -3000000,
    "operatingExpenses": 488000000,
    "costAndExpenses": 945000000,
    "interestIncome": 1000000,
    "interestExpense": 20000000,
    "depreciationAndAmortization": 57000000,
    "ebitda": 414000000,
    "ebitdaratio": 0.3199381762,
    "operatingIncome": 349000000,
    "operatingIncomeRatio": 0.2697063369,
    "totalOtherIncomeExpensesNet": -12000000,
    "incomeBeforeTax": 337000000,
    "incomeBeforeTaxRatio": 0.2604327666,
    "incomeTaxExpense": 55000000,
    "netIncome": 282000000,
    "netIncomeRatio": 0.2179289026,
    "eps": 1.54,
    "epsdiluted": 1.52,
    "weightedAverageShsOut": 183000000,
    "weightedAverageShsOutDil": 186000000,
    "link": "https://www.sec.gov/Archives/edgar/data/1601046/000160104621000197/0001601046-21-000197-index.htm",
    "finalLink": "https://www.sec.gov/Archives/edgar/data/1601046/000160104621000197/keys-20211031.htm"
  },
  {
    "date": "2021-07-31",
    "symbol": "KEYS",
    "reportedCurrency": "USD",
    "cik": "0001601046",
    "fillingDate": "2021-08-31",
    "acceptedDate": "2021-08-31 16:06:12",
    "calendarYear": "2021",
    "period": "Q3",
    "revenue": 1246000000,
    "costOfRevenue": 458000000,
    "grossProfit": 788000000,
    "grossProfitRatio": 0.632423756,
    "researchAndDevelopmentExpenses": 207000000,
    "generalAndAdministrativeExpenses": 0,
    "sellingAndMarketingExpenses": 0,
    "sellingGeneralAndAdministrativeExpenses": 302000000,
    "otherExpenses": -5000000,
    "operatingExpenses": 504000000,
    "costAndExpenses": 962000000,
    "interestIncome": 1000000,
    "interestExpense": 20000000,
    "depreciationAndAmortization": 64000000,
    "ebitda": 354000000,
    "ebitdaratio": 0.2841091493,
    "operatingIncome": 284000000,
    "operatingIncomeRatio": 0.227929374,
    "totalOtherIncomeExpensesNet": -14000000,
    "incomeBeforeTax": 270000000,
    "incomeBeforeTaxRatio": 0.2166934189,
    "incomeTaxExpense": 16000000,
    "netIncome": 254000000,
    "netIncomeRatio": 0.2038523274,
    "eps": 1.38,
    "epsdiluted": 1.36,
    "weightedAverageShsOut": 184000000,
    "weightedAverageShsOutDil": 186000000,
    "link": "https://www.sec.gov/Archives/edgar/data/1601046/000160104621000064/0001601046-21-000064-index.htm",
    "finalLink": "https://www.sec.gov/Archives/edgar/data/1601046/000160104621000064/keys-20210731.htm"
  },
  {
    "date": "2021-04-30",
    "symbol": "KEYS",
    "reportedCurrency": "USD",
    "cik": "0001601046",
    "fillingDate": "2021-05-28",
    "acceptedDate": "2021-05-28 16:18:23",
    "calendarYear": "2021",
    "period": "Q2",
    "revenue": 1221000000,
    "costOfRevenue": 484000000,
    "grossProfit": 737000000,
    "grossProfitRatio": 0.6036036036,
    "researchAndDevelopmentExpenses": 209000000,
    "generalAndAdministrativeExpenses": 0,
    "sellingAndMarketingExpenses": 0,
    "sellingGeneralAndAdministrativeExpenses": 297000000,
    "otherExpenses": -4000000,
    "operatingExpenses": 502000000,
    "costAndExpenses": 986000000,
    "interestIncome": 0,
    "interestExpense": 19000000,
    "depreciationAndAmortization": 85000000,
    "ebitda": 312000000,
    "ebitdaratio": 0.2555282555,
    "operatingIncome": 235000000,
    "operatingIncomeRatio": 0.1924651925,
    "totalOtherIncomeExpensesNet": -27000000,
    "incomeBeforeTax": 208000000,
    "incomeBeforeTaxRatio": 0.1703521704,
    "incomeTaxExpense": 22000000,
    "netIncome": 186000000,
    "netIncomeRatio": 0.1523341523,
    "eps": 1.01,
    "epsdiluted": 0.99,
    "weightedAverageShsOut": 185000000,
    "weightedAverageShsOutDil": 187000000,
    "link": "https://www.sec.gov/Archives/edgar/data/1601046/000160104621000044/0001601046-21-000044-index.htm",
    "finalLink": "https://www.sec.gov/Archives/edgar/data/1601046/000160104621000044/keys-20210430.htm"
  },
  {
    "date": "2021-01-31",
    "symbol": "KEYS",
    "reportedCurrency": "USD",
    "cik": "0001601046",
    "fillingDate": "2021-03-03",
    "acceptedDate": "2021-03-03 16:08:10",
    "calendarYear": "2021",
    "period": "Q1",
    "revenue": 1180000000,
    "costOfRevenue": 473000000,
    "grossProfit": 707000000,
    "grossProfitRatio": 0.5991525424,
    "researchAndDevelopmentExpenses": 199000000,
    "generalAndAdministrativeExpenses": 0,
    "sellingAndMarketingExpenses": 0,
    "sellingGeneralAndAdministrativeExpenses": 301000000,
    "otherExpenses": -5000000,
    "operatingExpenses": 495000000,
    "costAndExpenses": 968000000,
    "interestIncome": 1000000,
    "interestExpense": 20000000,
    "depreciationAndAmortization": 87000000,
    "ebitda": 302000000,
    "ebitdaratio": 0.2559322034,
    "operatingIncome": 212000000,
    "operatingIncomeRatio": 0.1796610169,
    "totalOtherIncomeExpensesNet": -17000000,
    "incomeBeforeTax": 195000000,
    "incomeBeforeTaxRatio": 0.1652542373,
    "incomeTaxExpense": 23000000,
    "netIncome": 172000000,
    "netIncomeRatio": 0.1457627119,
    "eps": 0.93,
    "epsdiluted": 0.92,
    "weightedAverageShsOut": 186000000,
    "weightedAverageShsOutDil": 188000000,
    "link": "https://www.sec.gov/Archives/edgar/data/1601046/000160104621000006/0001601046-21-000006-index.htm",
    "finalLink": "https://www.sec.gov/Archives/edgar/data/1601046/000160104621000006/keys-20210131.htm"
  },
  {
    "date": "2020-10-31",
    "symbol": "KEYS",
    "reportedCurrency": "USD",
    "cik": "0001601046",
    "fillingDate": "2020-12-17",
    "acceptedDate": "2020-12-17 16:10:05",
    "calendarYear": "2020",
    "period": "Q4",
    "revenue": 1220000000,
    "costOfRevenue": 464000000,
    "grossProfit": 756000000,
    "grossProfitRatio": 0.6196721311,
    "researchAndDevelopmentExpenses": 193000000,
    "generalAndAdministrativeExpenses": 0,
    "sellingAndMarketingExpenses": 0,
    "sellingGeneralAndAdministrativeExpenses": 287000000,
    "otherExpenses": -2000000,
    "operatingExpenses": 478000000,
    "costAndExpenses": 942000000,
    "interestIncome": 0,
    "interestExpense": 19000000,
    "depreciationAndAmortization": 87000000,
    "ebitda": 372000000,
    "ebitdaratio": 0.3049180328,
    "operatingIncome": 278000000,
    "operatingIncomeRatio": 0.2278688525,
    "totalOtherIncomeExpensesNet": -12000000,
    "incomeBeforeTax": 266000000,
    "incomeBeforeTaxRatio": 0.2180327869,
    "incomeTaxExpense": 49000000,
    "netIncome": 217000000,
    "netIncomeRatio": 0.1778688525,
    "eps": 1.16,
    "epsdiluted": 1.15,
    "weightedAverageShsOut": 187000000,
    "weightedAverageShsOutDil": 189000000,
    "link": "https://www.sec.gov/Archives/edgar/data/1601046/000160104620000154/0001601046-20-000154-index.htm",
    "finalLink": "https://www.sec.gov/Archives/edgar/data/1601046/000160104620000154/keys-10312020x10k.htm"
  },
  {
    "date": "2020-07-31",
    "symbol": "KEYS",
    "reportedCurrency": "USD",
    "cik": "0001601046",
    "fillingDate": "2020-09-01",
    "acceptedDate": "2020-09-01 16:10:00",
    "calendarYear": "2020",
    "period": "Q3",
    "revenue": 1011000000,
    "costOfRevenue": 405000000,
    "grossProfit": 606000000,
    "grossProfitRatio": 0.5994065282,
    "researchAndDevelopmentExpenses": 169000000,
    "generalAndAdministrativeExpenses": 0,
    "sellingAndMarketingExpenses": 0,
    "sellingGeneralAndAdministrativeExpenses": 259000000,
    "otherExpenses": -4000000,
    "operatingExpenses": 424000000,
    "costAndExpenses": 829000000,
    "interestIncome": 1000000,
    "interestExpense": 20000000,
    "depreciationAndAmortization": 80000000,
    "ebitda": 285000000,
    "ebitdaratio": 0.2818991098,
    "operatingIncome": 182000000,
    "operatingIncomeRatio": 0.1800197824,
    "totalOtherIncomeExpensesNet": 3000000,
    "incomeBeforeTax": 185000000,
    "incomeBeforeTaxRatio": 0.1829871414,
    "incomeTaxExpense": 9000000,
    "netIncome": 176000000,
    "netIncomeRatio": 0.1740850643,
    "eps": 0.94,
    "epsdiluted": 0.93,
    "weightedAverageShsOut": 187000000,
    "weightedAverageShsOutDil": 190000000,
    "link": "https://www.sec.gov/Archives/edgar/data/1601046/000160104620000056/0001601046-20-000056-index.htm",
    "finalLink": "https://www.sec.gov/Archives/edgar/data/1601046/000160104620000056/keys-07312020x10q.htm"
  },
  {
    "date": "2020-04-30",
    "symbol": "KEYS",
    "reportedCurrency": "USD",
    "cik": "0001601046",
    "fillingDate": "2020-06-02",
    "acceptedDate": "2020-06-02 16:22:29",
    "calendarYear": "2020",
    "period": "Q2",
    "revenue": 895000000,
    "costOfRevenue": 379000000,
    "grossProfit": 516000000,
    "grossProfitRatio": 0.5765363128,
    "researchAndDevelopmentExpenses": 166000000,
    "generalAndAdministrativeExpenses": 0,
    "sellingAndMarketingExpenses": 0,
    "sellingGeneralAndAdministrativeExpenses": 251000000,
    "otherExpenses": -3000000,
    "operatingExpenses": 414000000,
    "costAndExpenses": 793000000,
    "interestIncome": 4000000,
    "interestExpense": 20000000,
    "depreciationAndAmortization": 79000000,
    "ebitda": 207000000,
    "ebitdaratio": 0.2312849162,
    "operatingIncome": 102000000,
    "operatingIncomeRatio": 0.1139664804,
    "totalOtherIncomeExpensesNet": 6000000,
    "incomeBeforeTax": 108000000,
    "incomeBeforeTaxRatio": 0.1206703911,
    "incomeTaxExpense": 37000000,
    "netIncome": 71000000,
    "netIncomeRatio": 0.0793296089,
    "eps": 0.38,
    "epsdiluted": 0.37,
    "weightedAverageShsOut": 187000000,
    "weightedAverageShsOutDil": 189000000,
    "link": "https://www.sec.gov/Archives/edgar/data/1601046/000160104620000045/0001601046-20-000045-index.htm",
    "finalLink": "https://www.sec.gov/Archives/edgar/data/1601046/000160104620000045/keys-04302020x10q.htm"
  },
  {
    "date": "2020-01-31",
    "symbol": "KEYS",
    "reportedCurrency": "USD",
    "cik": "0001601046",
    "fillingDate": "2020-03-05",
    "acceptedDate": "2020-03-05 16:11:45",
    "calendarYear": "2020",
    "period": "Q1",
    "revenue": 1095000000,
    "costOfRevenue": 440000000,
    "grossProfit": 655000000,
    "grossProfitRatio": 0.598173516,
    "researchAndDevelopmentExpenses": 187000000,
    "generalAndAdministrativeExpenses": 0,
    "sellingAndMarketingExpenses": 0,
    "sellingGeneralAndAdministrativeExpenses": 300000000,
    "otherExpenses": -35000000,
    "operatingExpenses": 452000000,
    "costAndExpenses": 892000000,
    "interestIncome": 6000000,
    "interestExpense": 19000000,
    "depreciationAndAmortization": 80000000,
    "ebitda": 301000000,
    "ebitdaratio": 0.2748858447,
    "operatingIncome": 203000000,
    "operatingIncomeRatio": 0.1853881279,
    "totalOtherIncomeExpensesNet": -1000000,
    "incomeBeforeTax": 202000000,
    "incomeBeforeTaxRatio": 0.1844748858,
    "incomeTaxExpense": 39000000,
    "netIncome": 163000000,
    "netIncomeRatio": 0.1488584475,
    "eps": 0.87,
    "epsdiluted": 0.86,
    "weightedAverageShsOut": 188000000,
    "weightedAverageShsOutDil": 191000000,
    "link": "https://www.sec.gov/Archives/edgar/data/1601046/000160104620000005/0001601046-20-000005-index.htm",
    "finalLink": "https://www.sec.gov/Archives/edgar/data/1601046/000160104620000005/keys-01312020x10q.htm"
  },
  {
    "date": "2019-10-31",
    "symbol": "KEYS",
    "reportedCurrency": "USD",
    "cik": "0001601046",
    "fillingDate": "2019-12-18",
    "acceptedDate": "2019-12-18 16:10:53",
    "calendarYear": "2019",
    "period": "Q4",
    "revenue": 1120000000,
    "costOfRevenue": 455000000,
    "grossProfit": 665000000,
    "grossProfitRatio": 0.59375,
    "researchAndDevelopmentExpenses": 176000000,
    "generalAndAdministrativeExpenses": 0,
    "sellingAndMarketingExpenses": 0,
    "sellingGeneralAndAdministrativeExpenses": 286000000,
    "otherExpenses": -5000000,
    "operatingExpenses": 457000000,
    "costAndExpenses": 912000000,
    "interestIncome": 6000000,
    "interestExpense": 20000000,
    "depreciationAndAmortization": 79000000,
    "ebitda": 302000000,
    "ebitdaratio": 0.2696428571,
    "operatingIncome": 208000000,
    "operatingIncomeRatio": 0.1857142857,
    "totalOtherIncomeExpensesNet": -5000000,
    "incomeBeforeTax": 203000000,
    "incomeBeforeTaxRatio": 0.18125,
    "incomeTaxExpense": 8000000,
    "netIncome": 195000000,
    "netIncomeRatio": 0.1741071429,
    "eps": 1.04,
    "epsdiluted": 1.02,
    "weightedAverageShsOut": 187000000,
    "weightedAverageShsOutDil": 191000000,
    "link": "https://www.sec.gov/Archives/edgar/data/1601046/000160104619000110/0001601046-19-000110-index.htm",
    "finalLink": "https://www.sec.gov/Archives/edgar/data/1601046/000160104619000110/keys-10312019x10k.htm"
  },
  {
    "date": "2019-07-31",
    "symbol": "KEYS",
    "reportedCurrency": "USD",
    "cik": "0001601046",
    "fillingDate": "2019-08-30",
    "acceptedDate": "2019-08-30 16:13:11",
    "calendarYear": "2019",
    "period": "Q3",
    "revenue": 1087000000,
    "costOfRevenue": 444000000,
    "grossProfit": 643000000,
    "grossProfitRatio": 0.5915363385,
    "researchAndDevelopmentExpenses": 168000000,
    "generalAndAdministrativeExpenses": 0,
    "sellingAndMarketingExpenses": 0,
    "sellingGeneralAndAdministrativeExpenses": 281000000,
    "otherExpenses": -3000000,
    "operatingExpenses": 446000000,
    "costAndExpenses": 890000000,
    "interestIncome": 7000000,
    "interestExpense": 20000000,
    "depreciationAndAmortization": 78000000,
    "ebitda": 297000000,
    "ebitdaratio": 0.2732290708,
    "operatingIncome": 197000000,
    "operatingIncomeRatio": 0.1812327507,
    "totalOtherIncomeExpensesNet": 2000000,
    "incomeBeforeTax": 199000000,
    "incomeBeforeTaxRatio": 0.1830726771,
    "incomeTaxExpense": 40000000,
    "netIncome": 159000000,
    "netIncomeRatio": 0.146274149,
    "eps": 0.85,
    "epsdiluted": 0.83,
    "weightedAverageShsOut": 188000000,
    "weightedAverageShsOutDil": 191000000,
    "link": "https://www.sec.gov/Archives/edgar/data/1601046/000160104619000038/0001601046-19-000038-index.htm",
    "finalLink": "https://www.sec.gov/Archives/edgar/data/1601046/000160104619000038/keys-07312019x10q.htm"
  },
  {
    "date": "2019-04-30",
    "symbol": "KEYS",
    "reportedCurrency": "USD",
    "cik": "0001601046",
    "fillingDate": "2019-05-30",
    "acceptedDate": "2019-05-30 16:33:51",
    "calendarYear": "2019",
    "period": "Q2",
    "revenue": 1090000000,
    "costOfRevenue": 442000000,
    "grossProfit": 648000000,
    "grossProfitRatio": 0.5944954128,
    "researchAndDevelopmentExpenses": 171000000,
    "generalAndAdministrativeExpenses": 0,
    "sellingAndMarketingExpenses": 0,
    "sellingGeneralAndAdministrativeExpenses": 300000000,
    "otherExpenses": -8000000,
    "operatingExpenses": 463000000,
    "costAndExpenses": 905000000,
    "interestIncome": 6000000,
    "interestExpense": 20000000,
    "depreciationAndAmortization": 75000000,
    "ebitda": 288000000,
    "ebitdaratio": 0.2642201835,
    "operatingIncome": 185000000,
    "operatingIncomeRatio": 0.1697247706,
    "totalOtherIncomeExpensesNet": 8000000,
    "incomeBeforeTax": 193000000,
    "incomeBeforeTaxRatio": 0.1770642202,
    "incomeTaxExpense": 40000000,
    "netIncome": 153000000,
    "netIncomeRatio": 0.1403669725,
    "eps": 0.81,
    "epsdiluted": 0.8,
    "weightedAverageShsOut": 188000000,
    "weightedAverageShsOutDil": 191000000,
    "link": "https://www.sec.gov/Archives/edgar/data/1601046/000160104619000025/0001601046-19-000025-index.htm",
    "finalLink": "https://www.sec.gov/Archives/edgar/data/1601046/000160104619000025/keys-04302019x10q.htm"
  },
  {
    "date": "2019-01-31",
    "symbol": "KEYS",
    "reportedCurrency": "USD",
    "cik": "0001601046",
    "fillingDate": "2019-03-05",
    "acceptedDate": "2019-03-05 16:49:57",
    "calendarYear": "2019",
    "period": "Q1",
    "revenue": 1006000000,
    "costOfRevenue": 428000000,
    "grossProfit": 578000000,
    "grossProfitRatio": 0.5745526839,
    "researchAndDevelopmentExpenses": 173000000,
    "generalAndAdministrativeExpenses": 0,
    "sellingAndMarketingExpenses": 0,
    "sellingGeneralAndAdministrativeExpenses": 288000000,
    "otherExpenses": -4000000,
    "operatingExpenses": 457000000,
    "costAndExpenses": 885000000,
    "interestIncome": 4000000,
    "interestExpense": 20000000,
    "depreciationAndAmortization": 76000000,
    "ebitda": 216000000,
    "ebitdaratio": 0.2147117296,
    "operatingIncome": 121000000,
    "operatingIncomeRatio": 0.12027833,
    "totalOtherIncomeExpensesNet": -1000000,
    "incomeBeforeTax": 120000000,
    "incomeBeforeTaxRatio": 0.1192842942,
    "incomeTaxExpense": 6000000,
    "netIncome": 114000000,
    "netIncomeRatio": 0.1133200795,
    "eps": 0.61,
    "epsdiluted": 0.6,
    "weightedAverageShsOut": 187000000,
    "weightedAverageShsOutDil": 190000000,
    "link": "https://www.sec.gov/Archives/edgar/data/1601046/000160104619000010/0001601046-19-000010-index.htm",
    "finalLink": "https://www.sec.gov/Archives/edgar/data/1601046/000160104619000010/keys-01312019x10q.htm"
  },
  {
    "date": "2018-10-31",
    "symbol": "KEYS",
    "reportedCurrency": "USD",
    "cik": "0001601046",
    "fillingDate": "2018-12-18",
    "acceptedDate": "2018-12-18 16:22:23",
    "calendarYear": "2018",
    "period": "Q4",
    "revenue": 1047000000,
    "costOfRevenue": 460000000,
    "grossProfit": 587000000,
    "grossProfitRatio": 0.5606494747,
    "researchAndDevelopmentExpenses": 154000000,
    "generalAndAdministrativeExpenses": 0,
    "sellingAndMarketingExpenses": 0,
    "sellingGeneralAndAdministrativeExpenses": 308000000,
    "otherExpenses": -15000000,
    "operatingExpenses": 447000000,
    "costAndExpenses": 907000000,
    "interestIncome": 4000000,
    "interestExpense": 20000000,
    "depreciationAndAmortization": 77000000,
    "ebitda": -487000000,
    "ebitdaratio": -0.4651384909,
    "operatingIncome": -569000000,
    "operatingIncomeRatio": -0.5434574976,
    "totalOtherIncomeExpensesNet": -15000000,
    "incomeBeforeTax": -584000000,
    "incomeBeforeTaxRatio": -0.5577841452,
    "incomeTaxExpense": -470000000,
    "netIncome": -114000000,
    "netIncomeRatio": -0.1088825215,
    "eps": -0.61,
    "epsdiluted": -0.6,
    "weightedAverageShsOut": 187000000,
    "weightedAverageShsOutDil": 191000000,
    "link": "https://www.sec.gov/Archives/edgar/data/1601046/000160104618000030/0001601046-18-000030-index.htm",
    "finalLink": "https://www.sec.gov/Archives/edgar/data/1601046/000160104618000030/keys-10312018x10k.htm"
  },
  {
    "date": "2018-07-31",
    "symbol": "KEYS",
    "reportedCurrency": "USD",
    "cik": "0001601046",
    "fillingDate": "2018-08-31",
    "acceptedDate": "2018-08-31 16:12:09",
    "calendarYear": "2018",
    "period": "Q3",
    "revenue": 1004000000,
    "costOfRevenue": 442000000,
    "grossProfit": 562000000,
    "grossProfitRatio": 0.5597609562,
    "researchAndDevelopmentExpenses": 151000000,
    "generalAndAdministrativeExpenses": 0,
    "sellingAndMarketingExpenses": 0,
    "sellingGeneralAndAdministrativeExpenses": 294000000,
    "otherExpenses": -3000000,
    "operatingExpenses": 445000000,
    "costAndExpenses": 887000000,
    "interestIncome": 3000000,
    "interestExpense": 20000000,
    "depreciationAndAmortization": 76000000,
    "ebitda": 209000000,
    "ebitdaratio": 0.2081673307,
    "operatingIncome": 117000000,
    "operatingIncomeRatio": 0.1165338645,
    "totalOtherIncomeExpensesNet": -4000000,
    "incomeBeforeTax": 113000000,
    "incomeBeforeTaxRatio": 0.1125498008,
    "incomeTaxExpense": -8000000,
    "netIncome": 121000000,
    "netIncomeRatio": 0.1205179283,
    "eps": 0.64,
    "epsdiluted": 0.63,
    "weightedAverageShsOut": 188000000,
    "weightedAverageShsOutDil": 191000000,
    "link": "https://www.sec.gov/Archives/edgar/data/1601046/000160104618000024/0001601046-18-000024-index.htm",
    "finalLink": "https://www.sec.gov/Archives/edgar/data/1601046/000160104618000024/keys-07312018x10q.htm"
  },
  {
    "date": "2018-04-30",
    "symbol": "KEYS",
    "reportedCurrency": "USD",
    "cik": "0001601046",
    "fillingDate": "2018-06-05",
    "acceptedDate": "2018-06-05 16:12:07",
    "calendarYear": "2018",
    "period": "Q2",
    "revenue": 990000000,
    "costOfRevenue": 451000000,
    "grossProfit": 539000000,
    "grossProfitRatio": 0.5444444444,
    "researchAndDevelopmentExpenses": 156000000,
    "generalAndAdministrativeExpenses": 0,
    "sellingAndMarketingExpenses": 0,
    "sellingGeneralAndAdministrativeExpenses": 305000000,
    "otherExpenses": -12000000,
    "operatingExpenses": 453000000,
    "costAndExpenses": 904000000,
    "interestIncome": 2000000,
    "interestExpense": 21000000,
    "depreciationAndAmortization": 79000000,
    "ebitda": 183000000,
    "ebitdaratio": 0.1848484848,
    "operatingIncome": 86000000,
    "operatingIncomeRatio": 0.0868686869,
    "totalOtherIncomeExpensesNet": -3000000,
    "incomeBeforeTax": 83000000,
    "incomeBeforeTaxRatio": 0.0838383838,
    "incomeTaxExpense": 19000000,
    "netIncome": 64000000,
    "netIncomeRatio": 0.0646464646,
    "eps": 0.34,
    "epsdiluted": 0.34,
    "weightedAverageShsOut": 188000000,
    "weightedAverageShsOutDil": 190000000,
    "link": "https://www.sec.gov/Archives/edgar/data/1601046/000160104618000017/0001601046-18-000017-index.htm",
    "finalLink": "https://www.sec.gov/Archives/edgar/data/1601046/000160104618000017/keys-04302018x10q.htm"
  },
  {
    "date": "2018-01-31",
    "symbol": "KEYS",
    "reportedCurrency": "USD",
    "cik": "0001601046",
    "fillingDate": "2018-03-08",
    "acceptedDate": "2018-03-08 16:11:46",
    "calendarYear": "2018",
    "period": "Q1",
    "revenue": 837000000,
    "costOfRevenue": 412000000,
    "grossProfit": 425000000,
    "grossProfitRatio": 0.5077658303,
    "researchAndDevelopmentExpenses": 146000000,
    "generalAndAdministrativeExpenses": 0,
    "sellingAndMarketingExpenses": 0,
    "sellingGeneralAndAdministrativeExpenses": 295000000,
    "otherExpenses": -3000000,
    "operatingExpenses": 442000000,
    "costAndExpenses": 854000000,
    "interestIncome": 3000000,
    "interestExpense": 22000000,
    "depreciationAndAmortization": 78000000,
    "ebitda": 77000000,
    "ebitdaratio": 0.091995221,
    "operatingIncome": -17000000,
    "operatingIncomeRatio": -0.0203106332,
    "totalOtherIncomeExpensesNet": -6000000,
    "incomeBeforeTax": -23000000,
    "incomeBeforeTaxRatio": -0.027479092,
    "incomeTaxExpense": -117000000,
    "netIncome": 94000000,
    "netIncomeRatio": 0.1123058542,
    "eps": 0.5,
    "epsdiluted": 0.5,
    "weightedAverageShsOut": 187000000,
    "weightedAverageShsOutDil": 189000000,
    "link": "https://www.sec.gov/Archives/edgar/data/1601046/000160104618000008/0001601046-18-000008-index.htm",
    "finalLink": "https://www.sec.gov/Archives/edgar/data/1601046/000160104618000008/keys-01312018x10q.htm"
  },
  {
    "date": "2017-10-31",
    "symbol": "KEYS",
    "reportedCurrency": "USD",
    "cik": "0001601046",
    "fillingDate": "2017-12-20",
    "acceptedDate": "2017-12-20 09:08:51",
    "calendarYear": "2017",
    "period": "Q4",
    "revenue": 878000000,
    "costOfRevenue": 404000000,
    "grossProfit": 474000000,
    "grossProfitRatio": 0.5398633257,
    "researchAndDevelopmentExpenses": 139000000,
    "generalAndAdministrativeExpenses": 0,
    "sellingAndMarketingExpenses": 0,
    "sellingGeneralAndAdministrativeExpenses": 294000000,
    "otherExpenses": 2000000,
    "operatingExpenses": 435000000,
    "costAndExpenses": 839000000,
    "interestIncome": 2000000,
    "interestExpense": 22000000,
    "depreciationAndAmortization": 72000000,
    "ebitda": 124000000,
    "ebitdaratio": 0.1412300683,
    "operatingIncome": 39000000,
    "operatingIncomeRatio": 0.0444191344,
    "totalOtherIncomeExpensesNet": -9000000,
    "incomeBeforeTax": 30000000,
    "incomeBeforeTaxRatio": 0.0341685649,
    "incomeTaxExpense": 68000000,
    "netIncome": -38000000,
    "netIncomeRatio": -0.0432801822,
    "eps": -0.21,
    "epsdiluted": -0.2,
    "weightedAverageShsOut": 183680473,
    "weightedAverageShsOutDil": 186000000,
    "link": "https://www.sec.gov/Archives/edgar/data/1601046/000160104617000033/0001601046-17-000033-index.htm",
    "finalLink": "https://www.sec.gov/Archives/edgar/data/1601046/000160104617000033/keys-10312017x10k.htm"
  },
  {
    "date": "2017-07-31",
    "symbol": "KEYS",
    "reportedCurrency": "USD",
    "cik": "0001601046",
    "fillingDate": "2017-09-06",
    "acceptedDate": "2017-09-06 16:10:26",
    "calendarYear": "2017",
    "period": "Q3",
    "revenue": 832000000,
    "costOfRevenue": 421000000,
    "grossProfit": 411000000,
    "grossProfitRatio": 0.4939903846,
    "researchAndDevelopmentExpenses": 132000000,
    "generalAndAdministrativeExpenses": 0,
    "sellingAndMarketingExpenses": 0,
    "sellingGeneralAndAdministrativeExpenses": 286000000,
    "otherExpenses": -3000000,
    "operatingExpenses": 415000000,
    "costAndExpenses": 836000000,
    "interestIncome": 2000000,
    "interestExpense": 22000000,
    "depreciationAndAmortization": 80000000,
    "ebitda": 77000000,
    "ebitdaratio": 0.0925480769,
    "operatingIncome": -4000000,
    "operatingIncomeRatio": -0.0048076923,
    "totalOtherIncomeExpensesNet": -21000000,
    "incomeBeforeTax": -25000000,
    "incomeBeforeTaxRatio": -0.0300480769,
    "incomeTaxExpense": -7000000,
    "netIncome": -18000000,
    "netIncomeRatio": -0.0216346154,
    "eps": -0.1,
    "epsdiluted": -0.0968,
    "weightedAverageShsOut": 180000000,
    "weightedAverageShsOutDil": 186000000,
    "link": "https://www.sec.gov/Archives/edgar/data/1601046/000160104617000026/0001601046-17-000026-index.htm",
    "finalLink": "https://www.sec.gov/Archives/edgar/data/1601046/000160104617000026/keys-07312017x10q.htm"
  },
  {
    "date": "2017-04-30",
    "symbol": "KEYS",
    "reportedCurrency": "USD",
    "cik": "0001601046",
    "fillingDate": "2017-06-07",
    "acceptedDate": "2017-06-07 16:37:12",
    "calendarYear": "2017",
    "period": "Q2",
    "revenue": 753000000,
    "costOfRevenue": 340000000,
    "grossProfit": 413000000,
    "grossProfitRatio": 0.5484727756,
    "researchAndDevelopmentExpenses": 119000000,
    "generalAndAdministrativeExpenses": 0,
    "sellingAndMarketingExpenses": 0,
    "sellingGeneralAndAdministrativeExpenses": 256000000,
    "otherExpenses": -4000000,
    "operatingExpenses": 371000000,
    "costAndExpenses": 711000000,
    "interestIncome": 2000000,
    "interestExpense": 24000000,
    "depreciationAndAmortization": 41000000,
    "ebitda": 87000000,
    "ebitdaratio": 0.1155378486,
    "operatingIncome": 42000000,
    "operatingIncomeRatio": 0.0557768924,
    "totalOtherIncomeExpensesNet": -20000000,
    "incomeBeforeTax": 22000000,
    "incomeBeforeTaxRatio": 0.0292164675,
    "incomeTaxExpense": -27000000,
    "netIncome": 49000000,
    "netIncomeRatio": 0.0650730412,
    "eps": 0.28,
    "epsdiluted": 0.27,
    "weightedAverageShsOut": 177000000,
    "weightedAverageShsOutDil": 179000000,
    "link": "https://www.sec.gov/Archives/edgar/data/1601046/000160104617000020/0001601046-17-000020-index.htm",
    "finalLink": "https://www.sec.gov/Archives/edgar/data/1601046/000160104617000020/keys-04302017x10q.htm"
  },
  {
    "date": "2017-01-31",
    "symbol": "KEYS",
    "reportedCurrency": "USD",
    "cik": "0001601046",
    "fillingDate": "2017-02-28",
    "acceptedDate": "2017-02-28 16:31:46",
    "calendarYear": "2017",
    "period": "Q1",
    "revenue": 726000000,
    "costOfRevenue": 322000000,
    "grossProfit": 404000000,
    "grossProfitRatio": 0.5564738292,
    "researchAndDevelopmentExpenses": 108000000,
    "generalAndAdministrativeExpenses": 0,
    "sellingAndMarketingExpenses": 0,
    "sellingGeneralAndAdministrativeExpenses": 213000000,
    "otherExpenses": -79000000,
    "operatingExpenses": 242000000,
    "costAndExpenses": 564000000,
    "interestIncome": 1000000,
    "interestExpense": 12000000,
    "depreciationAndAmortization": 32000000,
    "ebitda": 196000000,
    "ebitdaratio": 0.2699724518,
    "operatingIncome": 162000000,
    "operatingIncomeRatio": 0.2231404959,
    "totalOtherIncomeExpensesNet": -10000000,
    "incomeBeforeTax": 152000000,
    "incomeBeforeTaxRatio": 0.2093663912,
    "incomeTaxExpense": 43000000,
    "netIncome": 109000000,
    "netIncomeRatio": 0.150137741,
    "eps": 0.64,
    "epsdiluted": 0.63,
    "weightedAverageShsOut": 171000000,
    "weightedAverageShsOutDil": 173000000,
    "link": "https://www.sec.gov/Archives/edgar/data/1601046/000160104617000009/0001601046-17-000009-index.htm",
    "finalLink": "https://www.sec.gov/Archives/edgar/data/1601046/000160104617000009/keys-01312017x10q.htm"
  },
  {
    "date": "2016-10-31",
    "symbol": "KEYS",
    "reportedCurrency": "USD",
    "cik": "0001601046",
    "fillingDate": "2016-12-19",
    "acceptedDate": "2016-12-19 16:22:26",
    "calendarYear": "2016",
    "period": "Q4",
    "revenue": 751000000,
    "costOfRevenue": 331000000,
    "grossProfit": 420000000,
    "grossProfitRatio": 0.5592543276,
    "researchAndDevelopmentExpenses": 105000000,
    "generalAndAdministrativeExpenses": 0,
    "sellingAndMarketingExpenses": 0,
    "sellingGeneralAndAdministrativeExpenses": 211000000,
    "otherExpenses": -3000000,
    "operatingExpenses": 313000000,
    "costAndExpenses": 644000000,
    "interestIncome": 1000000,
    "interestExpense": 12000000,
    "depreciationAndAmortization": 33000000,
    "ebitda": 143000000,
    "ebitdaratio": 0.190412783,
    "operatingIncome": 107000000,
    "operatingIncomeRatio": 0.1424766977,
    "totalOtherIncomeExpensesNet": -9000000,
    "incomeBeforeTax": 98000000,
    "incomeBeforeTaxRatio": 0.1304926764,
    "incomeTaxExpense": 6000000,
    "netIncome": 92000000,
    "netIncomeRatio": 0.1225033289,
    "eps": 0.54,
    "epsdiluted": 0.54,
    "weightedAverageShsOut": 170000000,
    "weightedAverageShsOutDil": 172000000,
    "link": "https://www.sec.gov/Archives/edgar/data/1601046/000160104616000077/0001601046-16-000077-index.htm",
    "finalLink": "https://www.sec.gov/Archives/edgar/data/1601046/000160104616000077/keys-10312016x10k.htm"
  },
  {
    "date": "2016-07-31",
    "symbol": "KEYS",
    "reportedCurrency": "USD",
    "cik": "0001601046",
    "fillingDate": "2016-09-02",
    "acceptedDate": "2016-09-02 16:09:37",
    "calendarYear": "2016",
    "period": "Q3",
    "revenue": 715000000,
    "costOfRevenue": 309000000,
    "grossProfit": 406000000,
    "grossProfitRatio": 0.5678321678,
    "researchAndDevelopmentExpenses": 104000000,
    "generalAndAdministrativeExpenses": 0,
    "sellingAndMarketingExpenses": 0,
    "sellingGeneralAndAdministrativeExpenses": 200000000,
    "otherExpenses": -4000000,
    "operatingExpenses": 300000000,
    "costAndExpenses": 609000000,
    "interestIncome": 1000000,
    "interestExpense": 11000000,
    "depreciationAndAmortization": 34000000,
    "ebitda": 142000000,
    "ebitdaratio": 0.1986013986,
    "operatingIncome": 106000000,
    "operatingIncomeRatio": 0.1482517483,
    "totalOtherIncomeExpensesNet": -9000000,
    "incomeBeforeTax": 97000000,
    "incomeBeforeTaxRatio": 0.1356643357,
    "incomeTaxExpense": 6000000,
    "netIncome": 91000000,
    "netIncomeRatio": 0.1272727273,
    "eps": 0.54,
    "epsdiluted": 0.53,
    "weightedAverageShsOut": 170000000,
    "weightedAverageShsOutDil": 172000000,
    "link": "https://www.sec.gov/Archives/edgar/data/1601046/000160104616000073/0001601046-16-000073-index.htm",
    "finalLink": "https://www.sec.gov/Archives/edgar/data/1601046/000160104616000073/keys-07312016x10q.htm"
  },
  {
    "date": "2016-04-30",
    "symbol": "KEYS",
    "reportedCurrency": "USD",
    "cik": "0001601046",
    "fillingDate": "2016-06-03",
    "acceptedDate": "2016-06-03 16:07:08",
    "calendarYear": "2016",
    "period": "Q2",
    "revenue": 731000000,
    "costOfRevenue": 325000000,
    "grossProfit": 406000000,
    "grossProfitRatio": 0.5554035568,
    "researchAndDevelopmentExpenses": 108000000,
    "generalAndAdministrativeExpenses": 0,
    "sellingAndMarketingExpenses": 0,
    "sellingGeneralAndAdministrativeExpenses": 207000000,
    "otherExpenses": -4000000,
    "operatingExpenses": 311000000,
    "costAndExpenses": 636000000,
    "interestIncome": 0,
    "interestExpense": 12000000,
    "depreciationAndAmortization": 34000000,
    "ebitda": 133000000,
    "ebitdaratio": 0.1819425445,
    "operatingIncome": 95000000,
    "operatingIncomeRatio": 0.1299589603,
    "totalOtherIncomeExpensesNet": -8000000,
    "incomeBeforeTax": 87000000,
    "incomeBeforeTaxRatio": 0.1190150479,
    "incomeTaxExpense": -1000000,
    "netIncome": 88000000,
    "netIncomeRatio": 0.1203830369,
    "eps": 0.52,
    "epsdiluted": 0.51,
    "weightedAverageShsOut": 170000000,
    "weightedAverageShsOutDil": 172000000,
    "link": "https://www.sec.gov/Archives/edgar/data/1601046/000160104616000065/0001601046-16-000065-index.htm",
    "finalLink": "https://www.sec.gov/Archives/edgar/data/1601046/000160104616000065/keys-04302016x10q.htm"
  },
  {
    "date": "2016-01-31",
    "symbol": "KEYS",
    "reportedCurrency": "USD",
    "cik": "0001601046",
    "fillingDate": "2016-03-04",
    "acceptedDate": "2016-03-04 16:14:03",
    "calendarYear": "2016",
    "period": "Q1",
    "revenue": 721000000,
    "costOfRevenue": 329000000,
    "grossProfit": 392000000,
    "grossProfitRatio": 0.5436893204,
    "researchAndDevelopmentExpenses": 108000000,
    "generalAndAdministrativeExpenses": 0,
    "sellingAndMarketingExpenses": 0,
    "sellingGeneralAndAdministrativeExpenses": 200000000,
    "otherExpenses": -14000000,
    "operatingExpenses": 294000000,
    "costAndExpenses": 623000000,
    "interestIncome": 1000000,
    "interestExpense": 12000000,
    "depreciationAndAmortization": 33000000,
    "ebitda": 129000000,
    "ebitdaratio": 0.1789181692,
    "operatingIncome": 98000000,
    "operatingIncomeRatio": 0.1359223301,
    "totalOtherIncomeExpensesNet": -14000000,
    "incomeBeforeTax": 84000000,
    "incomeBeforeTaxRatio": 0.1165048544,
    "incomeTaxExpense": 20000000,
    "netIncome": 64000000,
    "netIncomeRatio": 0.0887656033,
    "eps": 0.37,
    "epsdiluted": 0.37,
    "weightedAverageShsOut": 171000000,
    "weightedAverageShsOutDil": 172000000,
    "link": "https://www.sec.gov/Archives/edgar/data/1601046/000160104616000050/0001601046-16-000050-index.htm",
    "finalLink": "https://www.sec.gov/Archives/edgar/data/1601046/000160104616000050/keys-01312016x10q.htm"
  },
  {
    "date": "2015-10-31",
    "symbol": "KEYS",
    "reportedCurrency": "USD",
    "cik": "0001601046",
    "fillingDate": "2015-12-21",
    "acceptedDate": "2015-12-21 16:07:49",
    "calendarYear": "2015",
    "period": "Q4",
    "revenue": 750000000,
    "costOfRevenue": 332000000,
    "grossProfit": 418000000,
    "grossProfitRatio": 0.5573333333,
    "researchAndDevelopmentExpenses": 105000000,
    "generalAndAdministrativeExpenses": 0,
    "sellingAndMarketingExpenses": 0,
    "sellingGeneralAndAdministrativeExpenses": 206000000,
    "otherExpenses": -4000000,
    "operatingExpenses": 307000000,
    "costAndExpenses": 639000000,
    "interestIncome": 0,
    "interestExpense": 11000000,
    "depreciationAndAmortization": 30000000,
    "ebitda": 142000000,
    "ebitdaratio": 0.1893333333,
    "operatingIncome": 111000000,
    "operatingIncomeRatio": 0.148,
    "totalOtherIncomeExpensesNet": -10000000,
    "incomeBeforeTax": 101000000,
    "incomeBeforeTaxRatio": 0.1346666667,
    "incomeTaxExpense": -176000000,
    "netIncome": 277000000,
    "netIncomeRatio": 0.3693333333,
    "eps": 1.63,
    "epsdiluted": 1.61,
    "weightedAverageShsOut": 170000000,
    "weightedAverageShsOutDil": 172000000,
    "link": "https://www.sec.gov/Archives/edgar/data/1601046/000160104615000044/0001601046-15-000044-index.htm",
    "finalLink": "https://www.sec.gov/Archives/edgar/data/1601046/000160104615000044/keys-10312015x10k.htm"
  },
  {
    "date": "2015-07-31",
    "symbol": "KEYS",
    "reportedCurrency": "USD",
    "cik": "0001601046",
    "fillingDate": "2015-09-03",
    "acceptedDate": "2015-09-03 16:06:15",
    "calendarYear": "2015",
    "period": "Q3",
    "revenue": 665000000,
    "costOfRevenue": 295000000,
    "grossProfit": 370000000,
    "grossProfitRatio": 0.5563909774,
    "researchAndDevelopmentExpenses": 90000000,
    "generalAndAdministrativeExpenses": 0,
    "sellingAndMarketingExpenses": 0,
    "sellingGeneralAndAdministrativeExpenses": 183000000,
    "otherExpenses": -3000000,
    "operatingExpenses": 270000000,
    "costAndExpenses": 565000000,
    "interestIncome": 0,
    "interestExpense": 12000000,
    "depreciationAndAmortization": 23000000,
    "ebitda": 122000000,
    "ebitdaratio": 0.1834586466,
    "operatingIncome": 100000000,
    "operatingIncomeRatio": 0.1503759398,
    "totalOtherIncomeExpensesNet": -13000000,
    "incomeBeforeTax": 87000000,
    "incomeBeforeTaxRatio": 0.1308270677,
    "incomeTaxExpense": 17000000,
    "netIncome": 70000000,
    "netIncomeRatio": 0.1052631579,
    "eps": 0.41,
    "epsdiluted": 0.41,
    "weightedAverageShsOut": 169000000,
    "weightedAverageShsOutDil": 172000000,
    "link": "https://www.sec.gov/Archives/edgar/data/1601046/000160104615000033/0001601046-15-000033-index.htm",
    "finalLink": "https://www.sec.gov/Archives/edgar/data/1601046/000160104615000033/keys-07312015x10q.htm"
  },
  {
    "date": "2015-04-30",
    "symbol": "KEYS",
    "reportedCurrency": "USD",
    "cik": "0001601046",
    "fillingDate": "2015-06-04",
    "acceptedDate": "2015-06-04 16:06:02",
    "calendarYear": "2015",
    "period": "Q2",
    "revenue": 740000000,
    "costOfRevenue": 324000000,
    "grossProfit": 416000000,
    "grossProfitRatio": 0.5621621622,
    "researchAndDevelopmentExpenses": 96000000,
    "generalAndAdministrativeExpenses": 0,
    "sellingAndMarketingExpenses": 0,
    "sellingGeneralAndAdministrativeExpenses": 192000000,
    "otherExpenses": -5000000,
    "operatingExpenses": 283000000,
    "costAndExpenses": 607000000,
    "interestIncome": 1000000,
    "interestExpense": 11000000,
    "depreciationAndAmortization": 23000000,
    "ebitda": 156000000,
    "ebitdaratio": 0.2108108108,
    "operatingIncome": 133000000,
    "operatingIncomeRatio": 0.1797297297,
    "totalOtherIncomeExpensesNet": -11000000,
    "incomeBeforeTax": 122000000,
    "incomeBeforeTaxRatio": 0.1648648649,
    "incomeTaxExpense": 26000000,
    "netIncome": 96000000,
    "netIncomeRatio": 0.1297297297,
    "eps": 0.57,
    "epsdiluted": 0.56,
    "weightedAverageShsOut": 169000000,
    "weightedAverageShsOutDil": 171000000,
    "link": "https://www.sec.gov/Archives/edgar/data/1601046/000160104615000018/0001601046-15-000018-index.htm",
    "finalLink": "https://www.sec.gov/Archives/edgar/data/1601046/000160104615000018/keys-04302015x10q.htm"
  },
  {
    "date": "2015-01-31",
    "symbol": "KEYS",
    "reportedCurrency": "USD",
    "cik": "0001601046",
    "fillingDate": "2015-03-05",
    "acceptedDate": "2015-03-05 16:07:44",
    "calendarYear": "2015",
    "period": "Q1",
    "revenue": 701000000,
    "costOfRevenue": 318000000,
    "grossProfit": 383000000,
    "grossProfitRatio": 0.5463623395,
    "researchAndDevelopmentExpenses": 96000000,
    "generalAndAdministrativeExpenses": 0,
    "sellingAndMarketingExpenses": 0,
    "sellingGeneralAndAdministrativeExpenses": 206000000,
    "otherExpenses": -6000000,
    "operatingExpenses": 296000000,
    "costAndExpenses": 614000000,
    "interestIncome": 0,
    "interestExpense": 12000000,
    "depreciationAndAmortization": 23000000,
    "ebitda": 113000000,
    "ebitdaratio": 0.1611982882,
    "operatingIncome": 87000000,
    "operatingIncomeRatio": 0.1241084165,
    "totalOtherIncomeExpensesNet": -9000000,
    "incomeBeforeTax": 78000000,
    "incomeBeforeTaxRatio": 0.1112696148,
    "incomeTaxExpense": 8000000,
    "netIncome": 70000000,
    "netIncomeRatio": 0.0998573466,
    "eps": 0.42,
    "epsdiluted": 0.41,
    "weightedAverageShsOut": 168000000,
    "weightedAverageShsOutDil": 170000000,
    "link": "https://www.sec.gov/Archives/edgar/data/1601046/000160104615000007/0001601046-15-000007-index.htm",
    "finalLink": "https://www.sec.gov/Archives/edgar/data/1601046/000160104615000007/keys-01312015x10q.htm"
  },
  {
    "date": "2014-10-31",
    "symbol": "KEYS",
    "reportedCurrency": "USD",
    "cik": "0001601046",
    "fillingDate": "2014-12-22",
    "acceptedDate": "2014-12-22 16:25:02",
    "calendarYear": "2014",
    "period": "Q4",
    "revenue": 762000000,
    "costOfRevenue": 343000000,
    "grossProfit": 419000000,
    "grossProfitRatio": 0.5498687664,
    "researchAndDevelopmentExpenses": 91000000,
    "generalAndAdministrativeExpenses": 0,
    "sellingAndMarketingExpenses": 0,
    "sellingGeneralAndAdministrativeExpenses": 198000000,
    "otherExpenses": 0,
    "operatingExpenses": 289000000,
    "costAndExpenses": 632000000,
    "interestIncome": 0,
    "interestExpense": 0,
    "depreciationAndAmortization": 25000000,
    "ebitda": 164000000,
    "ebitdaratio": 0.2152230971,
    "operatingIncome": 130000000,
    "operatingIncomeRatio": 0.1706036745,
    "totalOtherIncomeExpensesNet": 3000000,
    "incomeBeforeTax": 133000000,
    "incomeBeforeTaxRatio": 0.1745406824,
    "incomeTaxExpense": 32000000,
    "netIncome": 101000000,
    "netIncomeRatio": 0.1325459318,
    "eps": 0.61,
    "epsdiluted": 0.61,
    "weightedAverageShsOut": 167000000,
    "weightedAverageShsOutDil": 167000000,
    "link": "https://www.sec.gov/Archives/edgar/data/1601046/000160104614000008/0001601046-14-000008-index.htm",
    "finalLink": "https://www.sec.gov/Archives/edgar/data/1601046/000160104614000008/keys-10312014x10k.htm"
  },
  {
    "date": "2014-07-31",
    "symbol": "KEYS",
    "reportedCurrency": "USD",
    "cik": "0001601046",
    "fillingDate": "2014-07-31",
    "acceptedDate": "2014-07-31 00:00:00",
    "calendarYear": "2014",
    "period": "Q3",
    "revenue": 757000000,
    "costOfRevenue": 343000000,
    "grossProfit": 414000000,
    "grossProfitRatio": 0.5468956407,
    "researchAndDevelopmentExpenses": 91000000,
    "generalAndAdministrativeExpenses": 0,
    "sellingAndMarketingExpenses": 0,
    "sellingGeneralAndAdministrativeExpenses": 202000000,
    "otherExpenses": 0,
    "operatingExpenses": 293000000,
    "costAndExpenses": 636000000,
    "interestIncome": 0,
    "interestExpense": 0,
    "depreciationAndAmortization": 20000000,
    "ebitda": 142000000,
    "ebitdaratio": 0.1875825627,
    "operatingIncome": 121000000,
    "operatingIncomeRatio": 0.1598414795,
    "totalOtherIncomeExpensesNet": 1000000,
    "incomeBeforeTax": 122000000,
    "incomeBeforeTaxRatio": 0.1611624835,
    "incomeTaxExpense": 15000000,
    "netIncome": 107000000,
    "netIncomeRatio": 0.141347424,
    "eps": 0.64,
    "epsdiluted": 0.64,
    "weightedAverageShsOut": 166816116,
    "weightedAverageShsOutDil": 166816116,
    "link": null,
    "finalLink": null
  },
  {
    "date": "2014-04-30",
    "symbol": "KEYS",
    "reportedCurrency": "USD",
    "cik": "0001601046",
    "fillingDate": "2014-04-30",
    "acceptedDate": "2014-04-30 00:00:00",
    "calendarYear": "2014",
    "period": "Q2",
    "revenue": 743000000,
    "costOfRevenue": 328000000,
    "grossProfit": 415000000,
    "grossProfitRatio": 0.5585464334,
    "researchAndDevelopmentExpenses": 89000000,
    "generalAndAdministrativeExpenses": 0,
    "sellingAndMarketingExpenses": 0,
    "sellingGeneralAndAdministrativeExpenses": 199000000,
    "otherExpenses": 0,
    "operatingExpenses": 288000000,
    "costAndExpenses": 616000000,
    "interestIncome": 0,
    "interestExpense": 0,
    "depreciationAndAmortization": 20000000,
    "ebitda": 148000000,
    "ebitdaratio": 0.199192463,
    "operatingIncome": 127000000,
    "operatingIncomeRatio": 0.1709286676,
    "totalOtherIncomeExpensesNet": 1000000,
    "incomeBeforeTax": 128000000,
    "incomeBeforeTaxRatio": 0.1722745626,
    "incomeTaxExpense": 18000000,
    "netIncome": 110000000,
    "netIncomeRatio": 0.1480484522,
    "eps": 0.66,
    "epsdiluted": 0.66,
    "weightedAverageShsOut": 166816116,
    "weightedAverageShsOutDil": 166816116,
    "link": null,
    "finalLink": null
  },
  {
    "date": "2014-01-31",
    "symbol": "KEYS",
    "reportedCurrency": "USD",
    "cik": "0001601046",
    "fillingDate": "2014-01-31",
    "acceptedDate": "2014-01-31 00:00:00",
    "calendarYear": "2014",
    "period": "Q1",
    "revenue": 671000000,
    "costOfRevenue": 299000000,
    "grossProfit": 372000000,
    "grossProfitRatio": 0.5543964232,
    "researchAndDevelopmentExpenses": 90000000,
    "generalAndAdministrativeExpenses": 0,
    "sellingAndMarketingExpenses": 0,
    "sellingGeneralAndAdministrativeExpenses": 191000000,
    "otherExpenses": 0,
    "operatingExpenses": 281000000,
    "costAndExpenses": 580000000,
    "interestIncome": 0,
    "interestExpense": 0,
    "depreciationAndAmortization": 19000000,
    "ebitda": 111000000,
    "ebitdaratio": 0.1654247392,
    "operatingIncome": 91000000,
    "operatingIncomeRatio": 0.1356184799,
    "totalOtherIncomeExpensesNet": 1000000,
    "incomeBeforeTax": 92000000,
    "incomeBeforeTaxRatio": 0.1371087928,
    "incomeTaxExpense": 18000000,
    "netIncome": 74000000,
    "netIncomeRatio": 0.1102831595,
    "eps": 0.44,
    "epsdiluted": 0.44,
    "weightedAverageShsOut": 166816116,
    "weightedAverageShsOutDil": 166816116,
    "link": null,
    "finalLink": null
  },
  {
    "date": "2013-10-31",
    "symbol": "KEYS",
    "reportedCurrency": "USD",
    "cik": "0001601046",
    "fillingDate": "2013-10-31",
    "acceptedDate": "2013-10-31 00:00:00",
    "calendarYear": "2013",
    "period": "Q4",
    "revenue": 705000000,
    "costOfRevenue": 310000000,
    "grossProfit": 395000000,
    "grossProfitRatio": 0.5602836879,
    "researchAndDevelopmentExpenses": 88000000,
    "generalAndAdministrativeExpenses": 0,
    "sellingAndMarketingExpenses": 0,
    "sellingGeneralAndAdministrativeExpenses": 179000000,
    "otherExpenses": 0,
    "operatingExpenses": 267000000,
    "costAndExpenses": 577000000,
    "interestIncome": 0,
    "interestExpense": 0,
    "depreciationAndAmortization": 20000000,
    "ebitda": 148000000,
    "ebitdaratio": 0.209929078,
    "operatingIncome": 128000000,
    "operatingIncomeRatio": 0.1815602837,
    "totalOtherIncomeExpensesNet": -1000000,
    "incomeBeforeTax": 127000000,
    "incomeBeforeTaxRatio": 0.180141844,
    "incomeTaxExpense": 12000000,
    "netIncome": 115000000,
    "netIncomeRatio": 0.1631205674,
    "eps": 0.69,
    "epsdiluted": 0.69,
    "weightedAverageShsOut": 167000182,
    "weightedAverageShsOutDil": 167000182,
    "link": null,
    "finalLink": null
  },
  {
    "date": "2013-07-31",
    "symbol": "KEYS",
    "reportedCurrency": "USD",
    "cik": "0001601046",
    "fillingDate": "2013-07-31",
    "acceptedDate": "2013-07-31 00:00:00",
    "calendarYear": "2013",
    "period": "Q3",
    "revenue": 701000000,
    "costOfRevenue": 310000000,
    "grossProfit": 391000000,
    "grossProfitRatio": 0.5577746077,
    "researchAndDevelopmentExpenses": 91000000,
    "generalAndAdministrativeExpenses": 0,
    "sellingAndMarketingExpenses": 0,
    "sellingGeneralAndAdministrativeExpenses": 179000000,
    "otherExpenses": 0,
    "operatingExpenses": 270000000,
    "costAndExpenses": 580000000,
    "interestIncome": 0,
    "interestExpense": 0,
    "depreciationAndAmortization": 19000000,
    "ebitda": 140000000,
    "ebitdaratio": 0.1997146933,
    "operatingIncome": 121000000,
    "operatingIncomeRatio": 0.1726105563,
    "totalOtherIncomeExpensesNet": 1000000,
    "incomeBeforeTax": 122000000,
    "incomeBeforeTaxRatio": 0.1740370899,
    "incomeTaxExpense": 11000000,
    "netIncome": 111000000,
    "netIncomeRatio": 0.1583452211,
    "eps": 0.67,
    "epsdiluted": 0.67,
    "weightedAverageShsOut": 166816116,
    "weightedAverageShsOutDil": 166816116,
    "link": null,
    "finalLink": null
  },
  {
    "date": "2013-04-30",
    "symbol": "KEYS",
    "reportedCurrency": "USD",
    "cik": "0001601046",
    "fillingDate": "2013-04-30",
    "acceptedDate": "2013-04-30 00:00:00",
    "calendarYear": "2013",
    "period": "Q2",
    "revenue": 760000000,
    "costOfRevenue": 334000000,
    "grossProfit": 426000000,
    "grossProfitRatio": 0.5605263158,
    "researchAndDevelopmentExpenses": 99000000,
    "generalAndAdministrativeExpenses": 0,
    "sellingAndMarketingExpenses": 0,
    "sellingGeneralAndAdministrativeExpenses": 198000000,
    "otherExpenses": 0,
    "operatingExpenses": 297000000,
    "costAndExpenses": 631000000,
    "interestIncome": 0,
    "interestExpense": 0,
    "depreciationAndAmortization": 19000000,
    "ebitda": 148000000,
    "ebitdaratio": 0.1947368421,
    "operatingIncome": 129000000,
    "operatingIncomeRatio": 0.1697368421,
    "totalOtherIncomeExpensesNet": 5000000,
    "incomeBeforeTax": 134000000,
    "incomeBeforeTaxRatio": 0.1763157895,
    "incomeTaxExpense": 13000000,
    "netIncome": 121000000,
    "netIncomeRatio": 0.1592105263,
    "eps": 0.73,
    "epsdiluted": 0.73,
    "weightedAverageShsOut": 166816116,
    "weightedAverageShsOutDil": 166816116,
    "link": null,
    "finalLink": null
  },
  {
    "date": "2013-01-31",
    "symbol": "KEYS",
    "reportedCurrency": "USD",
    "cik": "0001601046",
    "fillingDate": "2013-01-31",
    "acceptedDate": "2013-01-31 00:00:00",
    "calendarYear": "2013",
    "period": "Q1",
    "revenue": 722000000,
    "costOfRevenue": 311000000,
    "grossProfit": 411000000,
    "grossProfitRatio": 0.5692520776,
    "researchAndDevelopmentExpenses": 97000000,
    "generalAndAdministrativeExpenses": 0,
    "sellingAndMarketingExpenses": 0,
    "sellingGeneralAndAdministrativeExpenses": 196000000,
    "otherExpenses": 0,
    "operatingExpenses": 293000000,
    "costAndExpenses": 604000000,
    "interestIncome": 0,
    "interestExpense": 0,
    "depreciationAndAmortization": 19000000,
    "ebitda": 137000000,
    "ebitdaratio": 0.1897506925,
    "operatingIncome": 118000000,
    "operatingIncomeRatio": 0.163434903,
    "totalOtherIncomeExpensesNet": 0,
    "incomeBeforeTax": 118000000,
    "incomeBeforeTaxRatio": 0.163434903,
    "incomeTaxExpense": 8000000,
    "netIncome": 110000000,
    "netIncomeRatio": 0.1523545706,
    "eps": 0.66,
    "epsdiluted": 0.66,
    "weightedAverageShsOut": 166816116,
    "weightedAverageShsOutDil": 166816116,
    "link": null,
    "finalLink": null
  }
]