[
  {
    "date": "2025-06-28",
    "symbol": "KHC",
    "reportedCurrency": "USD",
    "cik": "0001637459",
    "fillingDate": "2025-07-30",
    "acceptedDate": "2025-07-30 16:43:22",
    "calendarYear": "2025",
    "period": "Q2",
    "revenue": 6352000000,
    "costOfRevenue": 4184000000,
    "grossProfit": 2168000000,
    "grossProfitRatio": 0.3413098237,
    "researchAndDevelopmentExpenses": 0,
    "generalAndAdministrativeExpenses": 0,
    "sellingAndMarketingExpenses": 0,
    "sellingGeneralAndAdministrativeExpenses": 892000000,
    "otherExpenses": 0,
    "operatingExpenses": 892000000,
    "costAndExpenses": 5076000000,
    "interestIncome": 28000000,
    "interestExpense": 262000000,
    "depreciationAndAmortization": 241000000,
    "ebitda": -7664000000,
    "ebitdaratio": -1.2065491184,
    "operatingIncome": 1276000000,
    "operatingIncomeRatio": 0.2008816121,
    "totalOtherIncomeExpensesNet": -9443000000,
    "incomeBeforeTax": -8167000000,
    "incomeBeforeTaxRatio": -1.2857367758,
    "incomeTaxExpense": -344000000,
    "netIncome": -7824000000,
    "netIncomeRatio": -1.2317380353,
    "eps": -6.58,
    "epsdiluted": -6.57,
    "weightedAverageShsOut": 1190000000,
    "weightedAverageShsOutDil": 1190000000,
    "link": "https://www.sec.gov/Archives/edgar/data/1637459/000163745925000152/0001637459-25-000152-index.htm",
    "finalLink": "https://www.sec.gov/Archives/edgar/data/1637459/000163745925000152/khc-20250628.htm"
  },
  {
    "date": "2025-03-29",
    "symbol": "KHC",
    "reportedCurrency": "USD",
    "cik": "0001637459",
    "fillingDate": "2025-04-29",
    "acceptedDate": "2025-04-29 16:40:22",
    "calendarYear": "2025",
    "period": "Q1",
    "revenue": 5999000000,
    "costOfRevenue": 3935000000,
    "grossProfit": 2064000000,
    "grossProfitRatio": 0.3440573429,
    "researchAndDevelopmentExpenses": 0,
    "generalAndAdministrativeExpenses": 0,
    "sellingAndMarketingExpenses": 0,
    "sellingGeneralAndAdministrativeExpenses": 837000000,
    "otherExpenses": 31000000,
    "operatingExpenses": 868000000,
    "costAndExpenses": 4803000000,
    "interestIncome": 23000000,
    "interestExpense": 229000000,
    "depreciationAndAmortization": 231000000,
    "ebitda": 1484000000,
    "ebitdaratio": 0.2473745624,
    "operatingIncome": 1196000000,
    "operatingIncomeRatio": 0.1993665611,
    "totalOtherIncomeExpensesNet": -178000000,
    "incomeBeforeTax": 1018000000,
    "incomeBeforeTaxRatio": 0.1696949492,
    "incomeTaxExpense": 304000000,
    "netIncome": 712000000,
    "netIncomeRatio": 0.1186864477,
    "eps": 0.6,
    "epsdiluted": 0.59,
    "weightedAverageShsOut": 1194000000,
    "weightedAverageShsOutDil": 1194000000,
    "link": "https://www.sec.gov/Archives/edgar/data/1637459/000163745925000061/0001637459-25-000061-index.htm",
    "finalLink": "https://www.sec.gov/Archives/edgar/data/1637459/000163745925000061/khc-20250329.htm"
  },
  {
    "date": "2024-12-28",
    "symbol": "KHC",
    "reportedCurrency": "USD",
    "cik": "0001637459",
    "fillingDate": "2025-02-13",
    "acceptedDate": "2025-02-13 07:42:01",
    "calendarYear": "2024",
    "period": "Q4",
    "revenue": 6576000000,
    "costOfRevenue": 4331000000,
    "grossProfit": 2245000000,
    "grossProfitRatio": 0.341392944,
    "researchAndDevelopmentExpenses": 0,
    "generalAndAdministrativeExpenses": 869000000,
    "sellingAndMarketingExpenses": 0,
    "sellingGeneralAndAdministrativeExpenses": 869000000,
    "otherExpenses": 1416000000,
    "operatingExpenses": 2285000000,
    "costAndExpenses": 6616000000,
    "interestIncome": 20000000,
    "interestExpense": 227000000,
    "depreciationAndAmortization": 234000000,
    "ebitda": 223000000,
    "ebitdaratio": 0.0339111922,
    "operatingIncome": -40000000,
    "operatingIncomeRatio": -0.0060827251,
    "totalOtherIncomeExpensesNet": -198000000,
    "incomeBeforeTax": -238000000,
    "incomeBeforeTaxRatio": -0.0361922141,
    "incomeTaxExpense": -2370000000,
    "netIncome": 2131000000,
    "netIncomeRatio": 0.3240571776,
    "eps": 1.77,
    "epsdiluted": 1.77,
    "weightedAverageShsOut": 1207000000,
    "weightedAverageShsOutDil": 1207000000,
    "link": "https://www.sec.gov/Archives/edgar/data/1637459/000163745925000011/0001637459-25-000011-index.htm",
    "finalLink": "https://www.sec.gov/Archives/edgar/data/1637459/000163745925000011/khc-20241228.htm"
  },
  {
    "date": "2024-09-28",
    "symbol": "KHC",
    "reportedCurrency": "USD",
    "cik": "0001637459",
    "fillingDate": "2024-10-30",
    "acceptedDate": "2024-10-30 16:34:03",
    "calendarYear": "2024",
    "period": "Q3",
    "revenue": 6383000000,
    "costOfRevenue": 4197000000,
    "grossProfit": 2186000000,
    "grossProfitRatio": 0.3424721918,
    "researchAndDevelopmentExpenses": 0,
    "generalAndAdministrativeExpenses": 819000000,
    "sellingAndMarketingExpenses": 0,
    "sellingGeneralAndAdministrativeExpenses": 819000000,
    "otherExpenses": 1468000000,
    "operatingExpenses": 2287000000,
    "costAndExpenses": 6484000000,
    "interestIncome": 16000000,
    "interestExpense": 230000000,
    "depreciationAndAmortization": 245000000,
    "ebitda": 192000000,
    "ebitdaratio": 0.0300798997,
    "operatingIncome": -101000000,
    "operatingIncomeRatio": -0.0158232806,
    "totalOtherIncomeExpensesNet": -182000000,
    "incomeBeforeTax": -283000000,
    "incomeBeforeTaxRatio": -0.0443365189,
    "incomeTaxExpense": 7000000,
    "netIncome": -290000000,
    "netIncomeRatio": -0.0454331819,
    "eps": -0.24,
    "epsdiluted": -0.24,
    "weightedAverageShsOut": 1210000000,
    "weightedAverageShsOutDil": 1210000000,
    "link": "https://www.sec.gov/Archives/edgar/data/1637459/000163745924000144/0001637459-24-000144-index.htm",
    "finalLink": "https://www.sec.gov/Archives/edgar/data/1637459/000163745924000144/khc-20240928.htm"
  },
  {
    "date": "2024-06-29",
    "symbol": "KHC",
    "reportedCurrency": "USD",
    "cik": "0001637459",
    "fillingDate": "2024-07-31",
    "acceptedDate": "2024-07-31 16:19:38",
    "calendarYear": "2024",
    "period": "Q2",
    "revenue": 6476000000,
    "costOfRevenue": 4182000000,
    "grossProfit": 2294000000,
    "grossProfitRatio": 0.3542310068,
    "researchAndDevelopmentExpenses": 0,
    "generalAndAdministrativeExpenses": 884000000,
    "sellingAndMarketingExpenses": 0,
    "sellingGeneralAndAdministrativeExpenses": 884000000,
    "otherExpenses": 888000000,
    "operatingExpenses": 1772000000,
    "costAndExpenses": 5954000000,
    "interestIncome": 17000000,
    "interestExpense": 229000000,
    "depreciationAndAmortization": 239000000,
    "ebitda": 816000000,
    "ebitdaratio": 0.126003706,
    "operatingIncome": 522000000,
    "operatingIncomeRatio": 0.0806053119,
    "totalOtherIncomeExpensesNet": -174000000,
    "incomeBeforeTax": 348000000,
    "incomeBeforeTaxRatio": 0.0537368746,
    "incomeTaxExpense": 248000000,
    "netIncome": 102000000,
    "netIncomeRatio": 0.0157504632,
    "eps": 0.0842,
    "epsdiluted": 0.0839,
    "weightedAverageShsOut": 1212000000,
    "weightedAverageShsOutDil": 1216000000,
    "link": "https://www.sec.gov/Archives/edgar/data/1637459/000163745924000129/0001637459-24-000129-index.htm",
    "finalLink": "https://www.sec.gov/Archives/edgar/data/1637459/000163745924000129/khc-20240629.htm"
  },
  {
    "date": "2024-03-30",
    "symbol": "KHC",
    "reportedCurrency": "USD",
    "cik": "0001637459",
    "fillingDate": "2024-05-01",
    "acceptedDate": "2024-05-01 16:08:51",
    "calendarYear": "2024",
    "period": "Q1",
    "revenue": 6411000000,
    "costOfRevenue": 4168000000,
    "grossProfit": 2243000000,
    "grossProfitRatio": 0.3498674154,
    "researchAndDevelopmentExpenses": 0,
    "generalAndAdministrativeExpenses": 908000000,
    "sellingAndMarketingExpenses": 0,
    "sellingGeneralAndAdministrativeExpenses": 908000000,
    "otherExpenses": 33000000,
    "operatingExpenses": 941000000,
    "costAndExpenses": 5109000000,
    "interestIncome": 16000000,
    "interestExpense": 226000000,
    "depreciationAndAmortization": 230000000,
    "ebitda": 1485000000,
    "ebitdaratio": 0.2316331306,
    "operatingIncome": 1302000000,
    "operatingIncomeRatio": 0.2030884417,
    "totalOtherIncomeExpensesNet": -273000000,
    "incomeBeforeTax": 1029000000,
    "incomeBeforeTaxRatio": 0.1605053814,
    "incomeTaxExpense": 225000000,
    "netIncome": 801000000,
    "netIncomeRatio": 0.1249415068,
    "eps": 0.66,
    "epsdiluted": 0.66,
    "weightedAverageShsOut": 1214000000,
    "weightedAverageShsOutDil": 1223000000,
    "link": "https://www.sec.gov/Archives/edgar/data/1637459/000163745924000069/0001637459-24-000069-index.htm",
    "finalLink": "https://www.sec.gov/Archives/edgar/data/1637459/000163745924000069/khc-20240330.htm"
  },
  {
    "date": "2023-12-30",
    "symbol": "KHC",
    "reportedCurrency": "USD",
    "cik": "0001637459",
    "fillingDate": "2024-02-15",
    "acceptedDate": "2024-02-15 07:40:33",
    "calendarYear": "2023",
    "period": "Q4",
    "revenue": 6860000000,
    "costOfRevenue": 4543000000,
    "grossProfit": 2317000000,
    "grossProfitRatio": 0.337755102,
    "researchAndDevelopmentExpenses": 147000000,
    "generalAndAdministrativeExpenses": -93000000,
    "sellingAndMarketingExpenses": 1071000000,
    "sellingGeneralAndAdministrativeExpenses": 978000000,
    "otherExpenses": -108000000,
    "operatingExpenses": 1017000000,
    "costAndExpenses": 5560000000,
    "interestIncome": 12000000,
    "interestExpense": 229000000,
    "depreciationAndAmortization": 251000000,
    "ebitda": 1430000000,
    "ebitdaratio": 0.2084548105,
    "operatingIncome": 1300000000,
    "operatingIncomeRatio": 0.1895043732,
    "totalOtherIncomeExpensesNet": -350000000,
    "incomeBeforeTax": 950000000,
    "incomeBeforeTaxRatio": 0.138483965,
    "incomeTaxExpense": 193000000,
    "netIncome": 757000000,
    "netIncomeRatio": 0.1103498542,
    "eps": 0.62,
    "epsdiluted": 0.61,
    "weightedAverageShsOut": 1225000000,
    "weightedAverageShsOutDil": 1232000000,
    "link": "https://www.sec.gov/Archives/edgar/data/1637459/000163745924000018/0001637459-24-000018-index.htm",
    "finalLink": "https://www.sec.gov/Archives/edgar/data/1637459/000163745924000018/khc-20231230.htm"
  },
  {
    "date": "2023-09-30",
    "symbol": "KHC",
    "reportedCurrency": "USD",
    "cik": "0001637459",
    "fillingDate": "2023-11-01",
    "acceptedDate": "2023-11-01 16:56:07",
    "calendarYear": "2023",
    "period": "Q3",
    "revenue": 6570000000,
    "costOfRevenue": 4335000000,
    "grossProfit": 2235000000,
    "grossProfitRatio": 0.3401826484,
    "researchAndDevelopmentExpenses": 0,
    "generalAndAdministrativeExpenses": 895000000,
    "sellingAndMarketingExpenses": 0,
    "sellingGeneralAndAdministrativeExpenses": 895000000,
    "otherExpenses": 687000000,
    "operatingExpenses": 1582000000,
    "costAndExpenses": 5917000000,
    "interestIncome": 12000000,
    "interestExpense": 228000000,
    "depreciationAndAmortization": 274000000,
    "ebitda": 962000000,
    "ebitdaratio": 0.1464231355,
    "operatingIncome": 653000000,
    "operatingIncomeRatio": 0.099391172,
    "totalOtherIncomeExpensesNet": -193000000,
    "incomeBeforeTax": 460000000,
    "incomeBeforeTaxRatio": 0.0700152207,
    "incomeTaxExpense": 206000000,
    "netIncome": 262000000,
    "netIncomeRatio": 0.0398782344,
    "eps": 0.21,
    "epsdiluted": 0.21,
    "weightedAverageShsOut": 1229000000,
    "weightedAverageShsOutDil": 1235000000,
    "link": "https://www.sec.gov/Archives/edgar/data/1637459/000163745923000143/0001637459-23-000143-index.htm",
    "finalLink": "https://www.sec.gov/Archives/edgar/data/1637459/000163745923000143/khc-20230930.htm"
  },
  {
    "date": "2023-07-01",
    "symbol": "KHC",
    "reportedCurrency": "USD",
    "cik": "0001637459",
    "fillingDate": "2023-08-02",
    "acceptedDate": "2023-08-02 16:10:58",
    "calendarYear": "2023",
    "period": "Q2",
    "revenue": 6721000000,
    "costOfRevenue": 4460000000,
    "grossProfit": 2261000000,
    "grossProfitRatio": 0.3364082726,
    "researchAndDevelopmentExpenses": 0,
    "generalAndAdministrativeExpenses": 857000000,
    "sellingAndMarketingExpenses": 0,
    "sellingGeneralAndAdministrativeExpenses": 857000000,
    "otherExpenses": 28000000,
    "operatingExpenses": 885000000,
    "costAndExpenses": 5345000000,
    "interestIncome": 10000000,
    "interestExpense": 228000000,
    "depreciationAndAmortization": 216000000,
    "ebitda": 1616000000,
    "ebitdaratio": 0.2404404107,
    "operatingIncome": 1376000000,
    "operatingIncomeRatio": 0.2047314388,
    "totalOtherIncomeExpensesNet": -204000000,
    "incomeBeforeTax": 1172000000,
    "incomeBeforeTaxRatio": 0.1743788127,
    "incomeTaxExpense": 174000000,
    "netIncome": 1000000000,
    "netIncomeRatio": 0.1487873828,
    "eps": 0.81,
    "epsdiluted": 0.81,
    "weightedAverageShsOut": 1228000000,
    "weightedAverageShsOutDil": 1235000000,
    "link": "https://www.sec.gov/Archives/edgar/data/1637459/000163745923000114/0001637459-23-000114-index.htm",
    "finalLink": "https://www.sec.gov/Archives/edgar/data/1637459/000163745923000114/khc-20230701.htm"
  },
  {
    "date": "2023-04-01",
    "symbol": "KHC",
    "reportedCurrency": "USD",
    "cik": "0001637459",
    "fillingDate": "2023-05-03",
    "acceptedDate": "2023-05-03 16:09:49",
    "calendarYear": "2023",
    "period": "Q1",
    "revenue": 6489000000,
    "costOfRevenue": 4376000000,
    "grossProfit": 2113000000,
    "grossProfitRatio": 0.3256279858,
    "researchAndDevelopmentExpenses": 0,
    "generalAndAdministrativeExpenses": 845000000,
    "sellingAndMarketingExpenses": 0,
    "sellingGeneralAndAdministrativeExpenses": 845000000,
    "otherExpenses": 25000000,
    "operatingExpenses": 870000000,
    "costAndExpenses": 5246000000,
    "interestIncome": 6000000,
    "interestExpense": 227000000,
    "depreciationAndAmortization": 220000000,
    "ebitda": 1498000000,
    "ebitdaratio": 0.2308522114,
    "operatingIncome": 1243000000,
    "operatingIncomeRatio": 0.1915549391,
    "totalOtherIncomeExpensesNet": -192000000,
    "incomeBeforeTax": 1051000000,
    "incomeBeforeTaxRatio": 0.1619664047,
    "incomeTaxExpense": 214000000,
    "netIncome": 836000000,
    "netIncomeRatio": 0.1288334104,
    "eps": 0.68,
    "epsdiluted": 0.68,
    "weightedAverageShsOut": 1229411764,
    "weightedAverageShsOutDil": 1234000000,
    "link": "https://www.sec.gov/Archives/edgar/data/1637459/000163745923000047/0001637459-23-000047-index.htm",
    "finalLink": "https://www.sec.gov/Archives/edgar/data/1637459/000163745923000047/khc-20230401.htm"
  },
  {
    "date": "2022-12-31",
    "symbol": "KHC",
    "reportedCurrency": "USD",
    "cik": "0001637459",
    "fillingDate": "2023-02-16",
    "acceptedDate": "2023-02-16 07:50:46",
    "calendarYear": "2022",
    "period": "Q4",
    "revenue": 7381000000,
    "costOfRevenue": 5017000000,
    "grossProfit": 2364000000,
    "grossProfitRatio": 0.3202818046,
    "researchAndDevelopmentExpenses": 0,
    "generalAndAdministrativeExpenses": 1120000000,
    "sellingAndMarketingExpenses": 0,
    "sellingGeneralAndAdministrativeExpenses": 1120000000,
    "otherExpenses": 18000000,
    "operatingExpenses": 1138000000,
    "costAndExpenses": 6155000000,
    "interestIncome": 9000000,
    "interestExpense": 217000000,
    "depreciationAndAmortization": 248000000,
    "ebitda": 1516000000,
    "ebitdaratio": 0.2053922233,
    "operatingIncome": 1226000000,
    "operatingIncomeRatio": 0.1661021542,
    "totalOtherIncomeExpensesNet": -175000000,
    "incomeBeforeTax": 1051000000,
    "incomeBeforeTaxRatio": 0.1423926297,
    "incomeTaxExpense": 164000000,
    "netIncome": 890000000,
    "netIncomeRatio": 0.1205798672,
    "eps": 0.73,
    "epsdiluted": 0.72,
    "weightedAverageShsOut": 1226000000,
    "weightedAverageShsOutDil": 1233000000,
    "link": "https://www.sec.gov/Archives/edgar/data/1637459/000163745923000009/0001637459-23-000009-index.htm",
    "finalLink": "https://www.sec.gov/Archives/edgar/data/1637459/000163745923000009/khc-20221231.htm"
  },
  {
    "date": "2022-09-24",
    "symbol": "KHC",
    "reportedCurrency": "USD",
    "cik": "0001637459",
    "fillingDate": "2022-10-27",
    "acceptedDate": "2022-10-27 07:53:41",
    "calendarYear": "2022",
    "period": "Q3",
    "revenue": 6505000000,
    "costOfRevenue": 4662000000,
    "grossProfit": 1843000000,
    "grossProfitRatio": 0.2833205227,
    "researchAndDevelopmentExpenses": 0,
    "generalAndAdministrativeExpenses": 766000000,
    "sellingAndMarketingExpenses": 0,
    "sellingGeneralAndAdministrativeExpenses": 766000000,
    "otherExpenses": 326000000,
    "operatingExpenses": 1092000000,
    "costAndExpenses": 5754000000,
    "interestIncome": 7000000,
    "interestExpense": 228000000,
    "depreciationAndAmortization": 229000000,
    "ebitda": 1002000000,
    "ebitdaratio": 0.1540353574,
    "operatingIncome": 751000000,
    "operatingIncomeRatio": 0.1154496541,
    "totalOtherIncomeExpensesNet": -206000000,
    "incomeBeforeTax": 545000000,
    "incomeBeforeTaxRatio": 0.0837817064,
    "incomeTaxExpense": 110000000,
    "netIncome": 432000000,
    "netIncomeRatio": 0.0664104535,
    "eps": 0.35,
    "epsdiluted": 0.35,
    "weightedAverageShsOut": 1227000000,
    "weightedAverageShsOutDil": 1235000000,
    "link": "https://www.sec.gov/Archives/edgar/data/1637459/000163745922000191/0001637459-22-000191-index.htm",
    "finalLink": "https://www.sec.gov/Archives/edgar/data/1637459/000163745922000191/khc-20220924.htm"
  },
  {
    "date": "2022-06-25",
    "symbol": "KHC",
    "reportedCurrency": "USD",
    "cik": "0001637459",
    "fillingDate": "2022-07-28",
    "acceptedDate": "2022-07-28 07:43:03",
    "calendarYear": "2022",
    "period": "Q2",
    "revenue": 6554000000,
    "costOfRevenue": 4570000000,
    "grossProfit": 1984000000,
    "grossProfitRatio": 0.3027158987,
    "researchAndDevelopmentExpenses": 0,
    "generalAndAdministrativeExpenses": 763000000,
    "sellingAndMarketingExpenses": 0,
    "sellingGeneralAndAdministrativeExpenses": 763000000,
    "otherExpenses": 679000000,
    "operatingExpenses": 1442000000,
    "costAndExpenses": 6012000000,
    "interestIncome": 6000000,
    "interestExpense": 234000000,
    "depreciationAndAmortization": 236000000,
    "ebitda": 869000000,
    "ebitdaratio": 0.1325907843,
    "operatingIncome": 542000000,
    "operatingIncomeRatio": 0.0826975893,
    "totalOtherIncomeExpensesNet": -143000000,
    "incomeBeforeTax": 399000000,
    "incomeBeforeTaxRatio": 0.0608788526,
    "incomeTaxExpense": 134000000,
    "netIncome": 265000000,
    "netIncomeRatio": 0.0404333232,
    "eps": 0.22,
    "epsdiluted": 0.21,
    "weightedAverageShsOut": 1225000000,
    "weightedAverageShsOutDil": 1235000000,
    "link": "https://www.sec.gov/Archives/edgar/data/1637459/000163745922000159/0001637459-22-000159-index.htm",
    "finalLink": "https://www.sec.gov/Archives/edgar/data/1637459/000163745922000159/khc-20220625.htm"
  },
  {
    "date": "2022-03-26",
    "symbol": "KHC",
    "reportedCurrency": "USD",
    "cik": "0001637459",
    "fillingDate": "2022-04-28",
    "acceptedDate": "2022-04-28 08:05:41",
    "calendarYear": "2022",
    "period": "Q1",
    "revenue": 6045000000,
    "costOfRevenue": 4114000000,
    "grossProfit": 1931000000,
    "grossProfitRatio": 0.3194375517,
    "researchAndDevelopmentExpenses": 0,
    "generalAndAdministrativeExpenses": 777000000,
    "sellingAndMarketingExpenses": 0,
    "sellingGeneralAndAdministrativeExpenses": 777000000,
    "otherExpenses": 39000000,
    "operatingExpenses": 816000000,
    "costAndExpenses": 4930000000,
    "interestIncome": 5000000,
    "interestExpense": 242000000,
    "depreciationAndAmortization": 220000000,
    "ebitda": 1433000000,
    "ebitdaratio": 0.2370554177,
    "operatingIncome": 1115000000,
    "operatingIncomeRatio": 0.1844499586,
    "totalOtherIncomeExpensesNet": -144000000,
    "incomeBeforeTax": 971000000,
    "incomeBeforeTaxRatio": 0.1606286187,
    "incomeTaxExpense": 190000000,
    "netIncome": 776000000,
    "netIncomeRatio": 0.1283705542,
    "eps": 0.63,
    "epsdiluted": 0.63,
    "weightedAverageShsOut": 1225000000,
    "weightedAverageShsOutDil": 1234000000,
    "link": "https://www.sec.gov/Archives/edgar/data/1637459/000163745922000060/0001637459-22-000060-index.htm",
    "finalLink": "https://www.sec.gov/Archives/edgar/data/1637459/000163745922000060/khc-20220326.htm"
  },
  {
    "date": "2021-12-25",
    "symbol": "KHC",
    "reportedCurrency": "USD",
    "cik": "0001637459",
    "fillingDate": "2022-02-17",
    "acceptedDate": "2022-02-17 16:22:45",
    "calendarYear": "2021",
    "period": "Q4",
    "revenue": 6709000000,
    "costOfRevenue": 4547000000,
    "grossProfit": 2162000000,
    "grossProfitRatio": 0.3222536891,
    "researchAndDevelopmentExpenses": 0,
    "generalAndAdministrativeExpenses": 837000000,
    "sellingAndMarketingExpenses": 0,
    "sellingGeneralAndAdministrativeExpenses": 837000000,
    "otherExpenses": 1345000000,
    "operatingExpenses": 2182000000,
    "costAndExpenses": 6729000000,
    "interestIncome": 2000000,
    "interestExpense": 604000000,
    "depreciationAndAmortization": 233000000,
    "ebitda": 317000000,
    "ebitdaratio": 0.0472499627,
    "operatingIncome": -20000000,
    "operatingIncomeRatio": -0.0029810702,
    "totalOtherIncomeExpensesNet": -500000000,
    "incomeBeforeTax": -520000000,
    "incomeBeforeTaxRatio": -0.0775078253,
    "incomeTaxExpense": -265000000,
    "netIncome": -257000000,
    "netIncomeRatio": -0.0383067521,
    "eps": -0.21,
    "epsdiluted": -0.21,
    "weightedAverageShsOut": 1217755539,
    "weightedAverageShsOutDil": 1225000000,
    "link": "https://www.sec.gov/Archives/edgar/data/1637459/000163745922000018/0001637459-22-000018-index.htm",
    "finalLink": "https://www.sec.gov/Archives/edgar/data/1637459/000163745922000018/khc-20211225.htm"
  },
  {
    "date": "2021-09-25",
    "symbol": "KHC",
    "reportedCurrency": "USD",
    "cik": "0001637459",
    "fillingDate": "2021-10-28",
    "acceptedDate": "2021-10-28 16:06:29",
    "calendarYear": "2021",
    "period": "Q3",
    "revenue": 6324000000,
    "costOfRevenue": 4296000000,
    "grossProfit": 2028000000,
    "grossProfitRatio": 0.320683112,
    "researchAndDevelopmentExpenses": 0,
    "generalAndAdministrativeExpenses": 815000000,
    "sellingAndMarketingExpenses": 0,
    "sellingGeneralAndAdministrativeExpenses": 815000000,
    "otherExpenses": 57000000,
    "operatingExpenses": 872000000,
    "costAndExpenses": 5168000000,
    "interestIncome": 4000000,
    "interestExpense": 415000000,
    "depreciationAndAmortization": 228000000,
    "ebitda": 1522000000,
    "ebitdaratio": 0.2406704617,
    "operatingIncome": 1156000000,
    "operatingIncomeRatio": 0.1827956989,
    "totalOtherIncomeExpensesNet": -277000000,
    "incomeBeforeTax": 879000000,
    "incomeBeforeTaxRatio": 0.1389943074,
    "incomeTaxExpense": 143000000,
    "netIncome": 733000000,
    "netIncomeRatio": 0.1159076534,
    "eps": 0.6,
    "epsdiluted": 0.59,
    "weightedAverageShsOut": 1225000000,
    "weightedAverageShsOutDil": 1236000000,
    "link": "https://www.sec.gov/Archives/edgar/data/1637459/000163745921000127/0001637459-21-000127-index.htm",
    "finalLink": "https://www.sec.gov/Archives/edgar/data/1637459/000163745921000127/khc-20210925.htm"
  },
  {
    "date": "2021-06-26",
    "symbol": "KHC",
    "reportedCurrency": "USD",
    "cik": "0001637459",
    "fillingDate": "2021-08-04",
    "acceptedDate": "2021-08-04 16:07:16",
    "calendarYear": "2021",
    "period": "Q2",
    "revenue": 6615000000,
    "costOfRevenue": 4324000000,
    "grossProfit": 2291000000,
    "grossProfitRatio": 0.3463340892,
    "researchAndDevelopmentExpenses": 0,
    "generalAndAdministrativeExpenses": 885000000,
    "sellingAndMarketingExpenses": 0,
    "sellingGeneralAndAdministrativeExpenses": 885000000,
    "otherExpenses": 2641000000,
    "operatingExpenses": 3526000000,
    "costAndExpenses": 7850000000,
    "interestIncome": 4000000,
    "interestExpense": 613000000,
    "depreciationAndAmortization": 227000000,
    "ebitda": 1485000000,
    "ebitdaratio": 0.2244897959,
    "operatingIncome": -1235000000,
    "operatingIncomeRatio": -0.186696901,
    "totalOtherIncomeExpensesNet": 1880000000,
    "incomeBeforeTax": 645000000,
    "incomeBeforeTaxRatio": 0.0975056689,
    "incomeTaxExpense": 670000000,
    "netIncome": -27000000,
    "netIncomeRatio": -0.0040816327,
    "eps": -0.0204,
    "epsdiluted": -0.0204,
    "weightedAverageShsOut": 1224000000,
    "weightedAverageShsOutDil": 1224000000,
    "link": "https://www.sec.gov/Archives/edgar/data/1637459/000163745921000099/0001637459-21-000099-index.htm",
    "finalLink": "https://www.sec.gov/Archives/edgar/data/1637459/000163745921000099/khc-20210626.htm"
  },
  {
    "date": "2021-03-27",
    "symbol": "KHC",
    "reportedCurrency": "USD",
    "cik": "0001637459",
    "fillingDate": "2021-04-30",
    "acceptedDate": "2021-04-30 08:00:52",
    "calendarYear": "2021",
    "period": "Q1",
    "revenue": 6394000000,
    "costOfRevenue": 4193000000,
    "grossProfit": 2201000000,
    "grossProfitRatio": 0.3442289647,
    "researchAndDevelopmentExpenses": 0,
    "generalAndAdministrativeExpenses": 830000000,
    "sellingAndMarketingExpenses": 0,
    "sellingGeneralAndAdministrativeExpenses": 830000000,
    "otherExpenses": 282000000,
    "operatingExpenses": 1112000000,
    "costAndExpenses": 5305000000,
    "interestIncome": 5000000,
    "interestExpense": 415000000,
    "depreciationAndAmortization": 222000000,
    "ebitda": 1341000000,
    "ebitdaratio": 0.2097278699,
    "operatingIncome": 1089000000,
    "operatingIncomeRatio": 0.1703159212,
    "totalOtherIncomeExpensesNet": -385000000,
    "incomeBeforeTax": 704000000,
    "incomeBeforeTaxRatio": 0.1101032218,
    "incomeTaxExpense": 136000000,
    "netIncome": 563000000,
    "netIncomeRatio": 0.0880512981,
    "eps": 0.46,
    "epsdiluted": 0.46,
    "weightedAverageShsOut": 1223000000,
    "weightedAverageShsOutDil": 1232000000,
    "link": "https://www.sec.gov/Archives/edgar/data/1637459/000163745921000047/0001637459-21-000047-index.htm",
    "finalLink": "https://www.sec.gov/Archives/edgar/data/1637459/000163745921000047/khc-20210327.htm"
  },
  {
    "date": "2020-12-26",
    "symbol": "KHC",
    "reportedCurrency": "USD",
    "cik": "0001637459",
    "fillingDate": "2021-02-17",
    "acceptedDate": "2021-02-17 07:32:36",
    "calendarYear": "2020",
    "period": "Q4",
    "revenue": 6939000000,
    "costOfRevenue": 4416000000,
    "grossProfit": 2523000000,
    "grossProfitRatio": 0.3635970601,
    "researchAndDevelopmentExpenses": 0,
    "generalAndAdministrativeExpenses": 873000000,
    "sellingAndMarketingExpenses": 0,
    "sellingGeneralAndAdministrativeExpenses": 873000000,
    "otherExpenses": 100000000,
    "operatingExpenses": 973000000,
    "costAndExpenses": 5389000000,
    "interestIncome": 4000000,
    "interestExpense": 328000000,
    "depreciationAndAmortization": 247000000,
    "ebitda": 1861000000,
    "ebitdaratio": 0.2681942643,
    "operatingIncome": 1550000000,
    "operatingIncomeRatio": 0.2233751261,
    "totalOtherIncomeExpensesNet": -264000000,
    "incomeBeforeTax": 1286000000,
    "incomeBeforeTaxRatio": 0.1853292982,
    "incomeTaxExpense": 252000000,
    "netIncome": 1032000000,
    "netIncomeRatio": 0.1487246001,
    "eps": 0.84,
    "epsdiluted": 0.84,
    "weightedAverageShsOut": 1223000000,
    "weightedAverageShsOutDil": 1230000000,
    "link": "https://www.sec.gov/Archives/edgar/data/1637459/000163745921000009/0001637459-21-000009-index.htm",
    "finalLink": "https://www.sec.gov/Archives/edgar/data/1637459/000163745921000009/khc-20201226.htm"
  },
  {
    "date": "2020-09-26",
    "symbol": "KHC",
    "reportedCurrency": "USD",
    "cik": "0001637459",
    "fillingDate": "2020-10-30",
    "acceptedDate": "2020-10-30 16:15:48",
    "calendarYear": "2020",
    "period": "Q3",
    "revenue": 6441000000,
    "costOfRevenue": 4097000000,
    "grossProfit": 2344000000,
    "grossProfitRatio": 0.3639186462,
    "researchAndDevelopmentExpenses": 0,
    "generalAndAdministrativeExpenses": 821000000,
    "sellingAndMarketingExpenses": 0,
    "sellingGeneralAndAdministrativeExpenses": 821000000,
    "otherExpenses": 376000000,
    "operatingExpenses": 1197000000,
    "costAndExpenses": 5294000000,
    "interestIncome": 6000000,
    "interestExpense": 314000000,
    "depreciationAndAmortization": 232000000,
    "ebitda": 1452000000,
    "ebitdaratio": 0.2254308337,
    "operatingIncome": 1147000000,
    "operatingIncomeRatio": 0.1780779382,
    "totalOtherIncomeExpensesNet": -241000000,
    "incomeBeforeTax": 906000000,
    "incomeBeforeTaxRatio": 0.140661388,
    "incomeTaxExpense": 308000000,
    "netIncome": 597000000,
    "netIncomeRatio": 0.0926874709,
    "eps": 0.49,
    "epsdiluted": 0.49,
    "weightedAverageShsOut": 1223000000,
    "weightedAverageShsOutDil": 1229000000,
    "link": "https://www.sec.gov/Archives/edgar/data/1637459/000163745920000159/0001637459-20-000159-index.htm",
    "finalLink": "https://www.sec.gov/Archives/edgar/data/1637459/000163745920000159/khc-20200926.htm"
  },
  {
    "date": "2020-06-27",
    "symbol": "KHC",
    "reportedCurrency": "USD",
    "cik": "0001637459",
    "fillingDate": "2020-07-31",
    "acceptedDate": "2020-07-31 16:11:31",
    "calendarYear": "2020",
    "period": "Q2",
    "revenue": 6648000000,
    "costOfRevenue": 4196000000,
    "grossProfit": 2452000000,
    "grossProfitRatio": 0.3688327316,
    "researchAndDevelopmentExpenses": 0,
    "generalAndAdministrativeExpenses": 845000000,
    "sellingAndMarketingExpenses": 0,
    "sellingGeneralAndAdministrativeExpenses": 845000000,
    "otherExpenses": 2946000000,
    "operatingExpenses": 3791000000,
    "costAndExpenses": 7987000000,
    "interestIncome": 8000000,
    "interestExpense": 442000000,
    "depreciationAndAmortization": 247000000,
    "ebitda": -1014000000,
    "ebitdaratio": -0.1525270758,
    "operatingIncome": -1339000000,
    "operatingIncomeRatio": -0.2014139591,
    "totalOtherIncomeExpensesNet": -364000000,
    "incomeBeforeTax": -1703000000,
    "incomeBeforeTaxRatio": -0.2561672684,
    "incomeTaxExpense": -51000000,
    "netIncome": -1651000000,
    "netIncomeRatio": -0.248345367,
    "eps": -1.35,
    "epsdiluted": -1.35,
    "weightedAverageShsOut": 1222962962,
    "weightedAverageShsOutDil": 1223000000,
    "link": "https://www.sec.gov/Archives/edgar/data/1637459/000163745920000131/0001637459-20-000131-index.htm",
    "finalLink": "https://www.sec.gov/Archives/edgar/data/1637459/000163745920000131/khc-20200627.htm"
  },
  {
    "date": "2020-03-28",
    "symbol": "KHC",
    "reportedCurrency": "USD",
    "cik": "0001637459",
    "fillingDate": "2020-05-01",
    "acceptedDate": "2020-05-01 16:03:30",
    "calendarYear": "2020",
    "period": "Q1",
    "revenue": 6157000000,
    "costOfRevenue": 4299000000,
    "grossProfit": 1858000000,
    "grossProfitRatio": 0.3017703427,
    "researchAndDevelopmentExpenses": 0,
    "generalAndAdministrativeExpenses": 788000000,
    "sellingAndMarketingExpenses": 0,
    "sellingGeneralAndAdministrativeExpenses": 788000000,
    "otherExpenses": 300000000,
    "operatingExpenses": 1088000000,
    "costAndExpenses": 5387000000,
    "interestIncome": 9000000,
    "interestExpense": 310000000,
    "depreciationAndAmortization": 243000000,
    "ebitda": 1094000000,
    "ebitdaratio": 0.177683937,
    "operatingIncome": 770000000,
    "operatingIncomeRatio": 0.1250609063,
    "totalOtherIncomeExpensesNet": -229000000,
    "incomeBeforeTax": 541000000,
    "incomeBeforeTaxRatio": 0.0878674679,
    "incomeTaxExpense": 160000000,
    "netIncome": 378000000,
    "netIncomeRatio": 0.0613935358,
    "eps": 0.31,
    "epsdiluted": 0.31,
    "weightedAverageShsOut": 1222000000,
    "weightedAverageShsOutDil": 1224000000,
    "link": "https://www.sec.gov/Archives/edgar/data/1637459/000163745920000061/0001637459-20-000061-index.htm",
    "finalLink": "https://www.sec.gov/Archives/edgar/data/1637459/000163745920000061/khc-20200328.htm"
  },
  {
    "date": "2019-12-28",
    "symbol": "KHC",
    "reportedCurrency": "USD",
    "cik": "0001637459",
    "fillingDate": "2020-02-14",
    "acceptedDate": "2020-02-14 17:13:43",
    "calendarYear": "2019",
    "period": "Q4",
    "revenue": 6536000000,
    "costOfRevenue": 4429000000,
    "grossProfit": 2107000000,
    "grossProfitRatio": 0.3223684211,
    "researchAndDevelopmentExpenses": 0,
    "generalAndAdministrativeExpenses": 837000000,
    "sellingAndMarketingExpenses": 0,
    "sellingGeneralAndAdministrativeExpenses": 837000000,
    "otherExpenses": 676000000,
    "operatingExpenses": 1513000000,
    "costAndExpenses": 5942000000,
    "interestIncome": 0,
    "interestExpense": 326000000,
    "depreciationAndAmortization": 257000000,
    "ebitda": 910000000,
    "ebitdaratio": 0.1392288862,
    "operatingIncome": 594000000,
    "operatingIncomeRatio": 0.0908812729,
    "totalOtherIncomeExpensesNet": -267000000,
    "incomeBeforeTax": 327000000,
    "incomeBeforeTaxRatio": 0.0500305998,
    "incomeTaxExpense": 144000000,
    "netIncome": 182000000,
    "netIncomeRatio": 0.0278457772,
    "eps": 0.15,
    "epsdiluted": 0.15,
    "weightedAverageShsOut": 1221000000,
    "weightedAverageShsOutDil": 1225000000,
    "link": "https://www.sec.gov/Archives/edgar/data/1637459/000163745920000027/0001637459-20-000027-index.htm",
    "finalLink": "https://www.sec.gov/Archives/edgar/data/1637459/000163745920000027/form10-k2019.htm"
  },
  {
    "date": "2019-09-28",
    "symbol": "KHC",
    "reportedCurrency": "USD",
    "cik": "0001637459",
    "fillingDate": "2019-10-31",
    "acceptedDate": "2019-10-31 16:08:25",
    "calendarYear": "2019",
    "period": "Q3",
    "revenue": 6076000000,
    "costOfRevenue": 4129000000,
    "grossProfit": 1947000000,
    "grossProfitRatio": 0.3204410797,
    "researchAndDevelopmentExpenses": 0,
    "generalAndAdministrativeExpenses": 643000000,
    "sellingAndMarketingExpenses": 0,
    "sellingGeneralAndAdministrativeExpenses": 643000000,
    "otherExpenses": 124000000,
    "operatingExpenses": 767000000,
    "costAndExpenses": 4896000000,
    "interestIncome": 10000000,
    "interestExpense": 398000000,
    "depreciationAndAmortization": 243000000,
    "ebitda": 1803000000,
    "ebitdaratio": 0.2967412772,
    "operatingIncome": 1180000000,
    "operatingIncomeRatio": 0.1942067149,
    "totalOtherIncomeExpensesNet": -18000000,
    "incomeBeforeTax": 1162000000,
    "incomeBeforeTaxRatio": 0.1912442396,
    "incomeTaxExpense": 264000000,
    "netIncome": 899000000,
    "netIncomeRatio": 0.1479591837,
    "eps": 0.74,
    "epsdiluted": 0.74,
    "weightedAverageShsOut": 1221000000,
    "weightedAverageShsOutDil": 1223000000,
    "link": "https://www.sec.gov/Archives/edgar/data/1637459/000163745919000113/0001637459-19-000113-index.htm",
    "finalLink": "https://www.sec.gov/Archives/edgar/data/1637459/000163745919000113/form10-qq32019.htm"
  },
  {
    "date": "2019-06-29",
    "symbol": "KHC",
    "reportedCurrency": "USD",
    "cik": "0001637459",
    "fillingDate": "2019-08-13",
    "acceptedDate": "2019-08-13 06:13:31",
    "calendarYear": "2019",
    "period": "Q2",
    "revenue": 6406000000,
    "costOfRevenue": 4324000000,
    "grossProfit": 2082000000,
    "grossProfitRatio": 0.3250078052,
    "researchAndDevelopmentExpenses": 0,
    "generalAndAdministrativeExpenses": 630000000,
    "sellingAndMarketingExpenses": 0,
    "sellingGeneralAndAdministrativeExpenses": 630000000,
    "otherExpenses": 718000000,
    "operatingExpenses": 1348000000,
    "costAndExpenses": 5672000000,
    "interestIncome": 8000000,
    "interestExpense": 316000000,
    "depreciationAndAmortization": 255000000,
    "ebitda": 1122000000,
    "ebitdaratio": 0.1751482985,
    "operatingIncome": 734000000,
    "operatingIncomeRatio": 0.1145800812,
    "totalOtherIncomeExpensesNet": -183000000,
    "incomeBeforeTax": 551000000,
    "incomeBeforeTaxRatio": 0.0860131127,
    "incomeTaxExpense": 103000000,
    "netIncome": 449000000,
    "netIncomeRatio": 0.0700905401,
    "eps": 0.37,
    "epsdiluted": 0.37,
    "weightedAverageShsOut": 1220000000,
    "weightedAverageShsOutDil": 1222000000,
    "link": "https://www.sec.gov/Archives/edgar/data/1637459/000163745919000073/0001637459-19-000073-index.htm",
    "finalLink": "https://www.sec.gov/Archives/edgar/data/1637459/000163745919000073/form10-qq22019.htm"
  },
  {
    "date": "2019-03-30",
    "symbol": "KHC",
    "reportedCurrency": "USD",
    "cik": "0001637459",
    "fillingDate": "2019-08-13",
    "acceptedDate": "2019-08-13 06:06:38",
    "calendarYear": "2019",
    "period": "Q1",
    "revenue": 5959000000,
    "costOfRevenue": 3948000000,
    "grossProfit": 2011000000,
    "grossProfitRatio": 0.3374727303,
    "researchAndDevelopmentExpenses": 0,
    "generalAndAdministrativeExpenses": 709000000,
    "sellingAndMarketingExpenses": 0,
    "sellingGeneralAndAdministrativeExpenses": 709000000,
    "otherExpenses": 740000000,
    "operatingExpenses": 1449000000,
    "costAndExpenses": 5397000000,
    "interestIncome": 6000000,
    "interestExpense": 321000000,
    "depreciationAndAmortization": 239000000,
    "ebitda": 1181000000,
    "ebitdaratio": 0.1981876154,
    "operatingIncome": 562000000,
    "operatingIncomeRatio": 0.094311126,
    "totalOtherIncomeExpensesNet": 59000000,
    "incomeBeforeTax": 621000000,
    "incomeBeforeTaxRatio": 0.1042121161,
    "incomeTaxExpense": 217000000,
    "netIncome": 405000000,
    "netIncomeRatio": 0.0679644236,
    "eps": 0.33,
    "epsdiluted": 0.33,
    "weightedAverageShsOut": 1220000000,
    "weightedAverageShsOutDil": 1224000000,
    "link": "https://www.sec.gov/Archives/edgar/data/1637459/000163745919000072/0001637459-19-000072-index.htm",
    "finalLink": "https://www.sec.gov/Archives/edgar/data/1637459/000163745919000072/form10-qq12019.htm"
  },
  {
    "date": "2018-12-29",
    "symbol": "KHC",
    "reportedCurrency": "USD",
    "cik": "0001637459",
    "fillingDate": "2019-06-07",
    "acceptedDate": "2019-06-07 17:07:36",
    "calendarYear": "2018",
    "period": "Q4",
    "revenue": 6900000000,
    "costOfRevenue": 4696000000,
    "grossProfit": 2204000000,
    "grossProfitRatio": 0.3194202899,
    "researchAndDevelopmentExpenses": 0,
    "generalAndAdministrativeExpenses": 368000000,
    "sellingAndMarketingExpenses": 0,
    "sellingGeneralAndAdministrativeExpenses": 368000000,
    "otherExpenses": 15936000000,
    "operatingExpenses": 16304000000,
    "costAndExpenses": 21000000000,
    "interestIncome": 0,
    "interestExpense": 322000000,
    "depreciationAndAmortization": 247000000,
    "ebitda": -13866000000,
    "ebitdaratio": -2.0095652174,
    "operatingIncome": -14100000000,
    "operatingIncomeRatio": -2.0434782609,
    "totalOtherIncomeExpensesNet": -335000000,
    "incomeBeforeTax": -14435000000,
    "incomeBeforeTaxRatio": -2.0920289855,
    "incomeTaxExpense": -1805000000,
    "netIncome": -12571000000,
    "netIncomeRatio": -1.821884058,
    "eps": -10.39,
    "epsdiluted": -10.38,
    "weightedAverageShsOut": 1219687589,
    "weightedAverageShsOutDil": 1220000000,
    "link": "https://www.sec.gov/Archives/edgar/data/1637459/000163745919000049/0001637459-19-000049-index.htm",
    "finalLink": "https://www.sec.gov/Archives/edgar/data/1637459/000163745919000049/form10-k2018.htm"
  },
  {
    "date": "2018-09-29",
    "symbol": "KHC",
    "reportedCurrency": "USD",
    "cik": "0001637459",
    "fillingDate": "2018-11-02",
    "acceptedDate": "2018-11-02 11:37:21",
    "calendarYear": "2018",
    "period": "Q3",
    "revenue": 6383000000,
    "costOfRevenue": 4289000000,
    "grossProfit": 2094000000,
    "grossProfitRatio": 0.3280589065,
    "researchAndDevelopmentExpenses": 0,
    "generalAndAdministrativeExpenses": 803000000,
    "sellingAndMarketingExpenses": 0,
    "sellingGeneralAndAdministrativeExpenses": 803000000,
    "otherExpenses": 217000000,
    "operatingExpenses": 1020000000,
    "costAndExpenses": 5309000000,
    "interestIncome": 0,
    "interestExpense": 326000000,
    "depreciationAndAmortization": 250000000,
    "ebitda": 1395000000,
    "ebitdaratio": 0.2185492715,
    "operatingIncome": 1074000000,
    "operatingIncomeRatio": 0.1682594391,
    "totalOtherIncomeExpensesNet": -255000000,
    "incomeBeforeTax": 819000000,
    "incomeBeforeTaxRatio": 0.1283095723,
    "incomeTaxExpense": 201000000,
    "netIncome": 619000000,
    "netIncomeRatio": 0.0969763434,
    "eps": 0.52,
    "epsdiluted": 0.51,
    "weightedAverageShsOut": 1219000000,
    "weightedAverageShsOutDil": 1226000000,
    "link": "https://www.sec.gov/Archives/edgar/data/1637459/000163745918000124/0001637459-18-000124-index.htm",
    "finalLink": "https://www.sec.gov/Archives/edgar/data/1637459/000163745918000124/form10-qq32018.htm"
  },
  {
    "date": "2018-06-30",
    "symbol": "KHC",
    "reportedCurrency": "USD",
    "cik": "0001637459",
    "fillingDate": "2018-08-03",
    "acceptedDate": "2018-08-03 10:03:30",
    "calendarYear": "2018",
    "period": "Q2",
    "revenue": 6690000000,
    "costOfRevenue": 4343000000,
    "grossProfit": 2347000000,
    "grossProfitRatio": 0.3508221226,
    "researchAndDevelopmentExpenses": 0,
    "generalAndAdministrativeExpenses": 756000000,
    "sellingAndMarketingExpenses": 0,
    "sellingGeneralAndAdministrativeExpenses": 756000000,
    "otherExpenses": 234000000,
    "operatingExpenses": 990000000,
    "costAndExpenses": 5333000000,
    "interestIncome": 0,
    "interestExpense": 316000000,
    "depreciationAndAmortization": 235000000,
    "ebitda": 1612000000,
    "ebitdaratio": 0.2409566517,
    "operatingIncome": 1357000000,
    "operatingIncomeRatio": 0.2028400598,
    "totalOtherIncomeExpensesNet": -296000000,
    "incomeBeforeTax": 1061000000,
    "incomeBeforeTaxRatio": 0.1585949178,
    "incomeTaxExpense": 308000000,
    "netIncome": 754000000,
    "netIncomeRatio": 0.1127055306,
    "eps": 0.62,
    "epsdiluted": 0.62,
    "weightedAverageShsOut": 1219000000,
    "weightedAverageShsOutDil": 1226000000,
    "link": "https://www.sec.gov/Archives/edgar/data/1637459/000163745918000116/0001637459-18-000116-index.htm",
    "finalLink": "https://www.sec.gov/Archives/edgar/data/1637459/000163745918000116/form10-qq22018.htm"
  },
  {
    "date": "2018-03-31",
    "symbol": "KHC",
    "reportedCurrency": "USD",
    "cik": "0001637459",
    "fillingDate": "2018-05-03",
    "acceptedDate": "2018-05-03 12:08:07",
    "calendarYear": "2018",
    "period": "Q1",
    "revenue": 6304000000,
    "costOfRevenue": 4040000000,
    "grossProfit": 2264000000,
    "grossProfitRatio": 0.3591370558,
    "researchAndDevelopmentExpenses": 0,
    "generalAndAdministrativeExpenses": 764000000,
    "sellingAndMarketingExpenses": 0,
    "sellingGeneralAndAdministrativeExpenses": 764000000,
    "otherExpenses": 0,
    "operatingExpenses": 764000000,
    "costAndExpenses": 4804000000,
    "interestIncome": 0,
    "interestExpense": 317000000,
    "depreciationAndAmortization": 227000000,
    "ebitda": 1817000000,
    "ebitdaratio": 0.2882296954,
    "operatingIncome": 1500000000,
    "operatingIncomeRatio": 0.2379441624,
    "totalOtherIncomeExpensesNet": -227000000,
    "incomeBeforeTax": 1273000000,
    "incomeBeforeTaxRatio": 0.2019352792,
    "incomeTaxExpense": 270000000,
    "netIncome": 1003000000,
    "netIncomeRatio": 0.1591053299,
    "eps": 0.81,
    "epsdiluted": 0.81,
    "weightedAverageShsOut": 1219000000,
    "weightedAverageShsOutDil": 1228000000,
    "link": "https://www.sec.gov/Archives/edgar/data/1637459/000163745918000099/0001637459-18-000099-index.htm",
    "finalLink": "https://www.sec.gov/Archives/edgar/data/1637459/000163745918000099/form10-qq12018.htm"
  },
  {
    "date": "2017-12-30",
    "symbol": "KHC",
    "reportedCurrency": "USD",
    "cik": "0001637459",
    "fillingDate": "2018-02-16",
    "acceptedDate": "2018-02-16 12:39:26",
    "calendarYear": "2017",
    "period": "Q4",
    "revenue": 6877000000,
    "costOfRevenue": 4470000000,
    "grossProfit": 2407000000,
    "grossProfitRatio": 0.3500072706,
    "researchAndDevelopmentExpenses": 0,
    "generalAndAdministrativeExpenses": 767000000,
    "sellingAndMarketingExpenses": 0,
    "sellingGeneralAndAdministrativeExpenses": 767000000,
    "otherExpenses": 0,
    "operatingExpenses": 767000000,
    "costAndExpenses": 5237000000,
    "interestIncome": 0,
    "interestExpense": 308000000,
    "depreciationAndAmortization": 246000000,
    "ebitda": 1885000000,
    "ebitdaratio": 0.2741020794,
    "operatingIncome": 1640000000,
    "operatingIncomeRatio": 0.2384760797,
    "totalOtherIncomeExpensesNet": -309000000,
    "incomeBeforeTax": 1331000000,
    "incomeBeforeTaxRatio": 0.1935436964,
    "incomeTaxExpense": -6665000000,
    "netIncome": 8003000000,
    "netIncomeRatio": 1.1637341864,
    "eps": 6.57,
    "epsdiluted": 6.52,
    "weightedAverageShsOut": 1218112633,
    "weightedAverageShsOutDil": 1227453988,
    "link": "https://www.sec.gov/Archives/edgar/data/1637459/000163745918000015/0001637459-18-000015-index.htm",
    "finalLink": "https://www.sec.gov/Archives/edgar/data/1637459/000163745918000015/form10-k2017.htm"
  },
  {
    "date": "2017-09-30",
    "symbol": "KHC",
    "reportedCurrency": "USD",
    "cik": "0001637459",
    "fillingDate": "2017-11-07",
    "acceptedDate": "2017-11-06 19:44:12",
    "calendarYear": "2017",
    "period": "Q3",
    "revenue": 6280000000,
    "costOfRevenue": 4077000000,
    "grossProfit": 2203000000,
    "grossProfitRatio": 0.3507961783,
    "researchAndDevelopmentExpenses": 0,
    "generalAndAdministrativeExpenses": 665000000,
    "sellingAndMarketingExpenses": 0,
    "sellingGeneralAndAdministrativeExpenses": 665000000,
    "otherExpenses": 0,
    "operatingExpenses": 665000000,
    "costAndExpenses": 4742000000,
    "interestIncome": 0,
    "interestExpense": 306000000,
    "depreciationAndAmortization": 273000000,
    "ebitda": 1938000000,
    "ebitdaratio": 0.3085987261,
    "operatingIncome": 1538000000,
    "operatingIncomeRatio": 0.2449044586,
    "totalOtherIncomeExpensesNet": -179000000,
    "incomeBeforeTax": 1359000000,
    "incomeBeforeTaxRatio": 0.2164012739,
    "incomeTaxExpense": 416000000,
    "netIncome": 944000000,
    "netIncomeRatio": 0.1503184713,
    "eps": 0.78,
    "epsdiluted": 0.77,
    "weightedAverageShsOut": 1218000000,
    "weightedAverageShsOutDil": 1228000000,
    "link": "https://www.sec.gov/Archives/edgar/data/1637459/000163745917000118/0001637459-17-000118-index.htm",
    "finalLink": "https://www.sec.gov/Archives/edgar/data/1637459/000163745917000118/form10-qq32017.htm"
  },
  {
    "date": "2017-07-01",
    "symbol": "KHC",
    "reportedCurrency": "USD",
    "cik": "0001637459",
    "fillingDate": "2017-08-04",
    "acceptedDate": "2017-08-04 12:23:37",
    "calendarYear": "2017",
    "period": "Q2",
    "revenue": 6637000000,
    "costOfRevenue": 4204000000,
    "grossProfit": 2433000000,
    "grossProfitRatio": 0.3665812867,
    "researchAndDevelopmentExpenses": 0,
    "generalAndAdministrativeExpenses": 789000000,
    "sellingAndMarketingExpenses": 0,
    "sellingGeneralAndAdministrativeExpenses": 789000000,
    "otherExpenses": 3288000000,
    "operatingExpenses": 4077000000,
    "costAndExpenses": 8281000000,
    "interestIncome": 0,
    "interestExpense": 307000000,
    "depreciationAndAmortization": 255000000,
    "ebitda": 2152000000,
    "ebitdaratio": 0.3242428808,
    "operatingIncome": -1644000000,
    "operatingIncomeRatio": -0.2477022751,
    "totalOtherIncomeExpensesNet": 3234000000,
    "incomeBeforeTax": 1590000000,
    "incomeBeforeTaxRatio": 0.239566069,
    "incomeTaxExpense": 430000000,
    "netIncome": 1159000000,
    "netIncomeRatio": 0.1746270906,
    "eps": 0.95,
    "epsdiluted": 0.94,
    "weightedAverageShsOut": 1218000000,
    "weightedAverageShsOutDil": 1229000000,
    "link": "https://www.sec.gov/Archives/edgar/data/1637459/000163745917000101/0001637459-17-000101-index.htm",
    "finalLink": "https://www.sec.gov/Archives/edgar/data/1637459/000163745917000101/form10-qq22017.htm"
  },
  {
    "date": "2017-04-01",
    "symbol": "KHC",
    "reportedCurrency": "USD",
    "cik": "0001637459",
    "fillingDate": "2017-05-04",
    "acceptedDate": "2017-05-04 11:09:37",
    "calendarYear": "2017",
    "period": "Q1",
    "revenue": 6324000000,
    "costOfRevenue": 4125000000,
    "grossProfit": 2199000000,
    "grossProfitRatio": 0.3477229602,
    "researchAndDevelopmentExpenses": 0,
    "generalAndAdministrativeExpenses": 766000000,
    "sellingAndMarketingExpenses": 0,
    "sellingGeneralAndAdministrativeExpenses": 766000000,
    "otherExpenses": 0,
    "operatingExpenses": 766000000,
    "costAndExpenses": 4891000000,
    "interestIncome": 0,
    "interestExpense": 313000000,
    "depreciationAndAmortization": 262000000,
    "ebitda": 1825000000,
    "ebitdaratio": 0.2885831752,
    "operatingIncome": 1433000000,
    "operatingIncomeRatio": 0.2265970904,
    "totalOtherIncomeExpensesNet": -183000000,
    "incomeBeforeTax": 1250000000,
    "incomeBeforeTaxRatio": 0.197659709,
    "incomeTaxExpense": 359000000,
    "netIncome": 893000000,
    "netIncomeRatio": 0.1412080961,
    "eps": 0.73,
    "epsdiluted": 0.73,
    "weightedAverageShsOut": 1217000000,
    "weightedAverageShsOutDil": 1229000000,
    "link": "https://www.sec.gov/Archives/edgar/data/1637459/000163745917000081/0001637459-17-000081-index.htm",
    "finalLink": "https://www.sec.gov/Archives/edgar/data/1637459/000163745917000081/khc2017q110q.htm"
  },
  {
    "date": "2016-12-31",
    "symbol": "KHC",
    "reportedCurrency": "USD",
    "cik": "0001637459",
    "fillingDate": "2017-02-23",
    "acceptedDate": "2017-02-23 13:32:18",
    "calendarYear": "2016",
    "period": "Q4",
    "revenue": 6857000000,
    "costOfRevenue": 4398000000,
    "grossProfit": 2459000000,
    "grossProfitRatio": 0.3586116377,
    "researchAndDevelopmentExpenses": 0,
    "generalAndAdministrativeExpenses": 879000000,
    "sellingAndMarketingExpenses": 0,
    "sellingGeneralAndAdministrativeExpenses": 879000000,
    "otherExpenses": 0,
    "operatingExpenses": 879000000,
    "costAndExpenses": 5277000000,
    "interestIncome": 0,
    "interestExpense": 310000000,
    "depreciationAndAmortization": 327000000,
    "ebitda": 1917000000,
    "ebitdaratio": 0.2795683243,
    "operatingIncome": 1580000000,
    "operatingIncomeRatio": 0.2304214671,
    "totalOtherIncomeExpensesNet": -300000000,
    "incomeBeforeTax": 1280000000,
    "incomeBeforeTaxRatio": 0.1866705556,
    "incomeTaxExpense": 336000000,
    "netIncome": 944000000,
    "netIncomeRatio": 0.1376695348,
    "eps": 0.78,
    "epsdiluted": 0.77,
    "weightedAverageShsOut": 1217000000,
    "weightedAverageShsOutDil": 1226000000,
    "link": "https://www.sec.gov/Archives/edgar/data/1637459/000163745917000007/0001637459-17-000007-index.htm",
    "finalLink": "https://www.sec.gov/Archives/edgar/data/1637459/000163745917000007/khc201610k.htm"
  },
  {
    "date": "2016-10-02",
    "symbol": "KHC",
    "reportedCurrency": "USD",
    "cik": "0001637459",
    "fillingDate": "2016-11-04",
    "acceptedDate": "2016-11-04 15:20:29",
    "calendarYear": "2016",
    "period": "Q3",
    "revenue": 6267000000,
    "costOfRevenue": 4049000000,
    "grossProfit": 2218000000,
    "grossProfitRatio": 0.3539173448,
    "researchAndDevelopmentExpenses": 0,
    "generalAndAdministrativeExpenses": 805000000,
    "sellingAndMarketingExpenses": 0,
    "sellingGeneralAndAdministrativeExpenses": 805000000,
    "otherExpenses": 0,
    "operatingExpenses": 805000000,
    "costAndExpenses": 4854000000,
    "interestIncome": 0,
    "interestExpense": 311000000,
    "depreciationAndAmortization": 290000000,
    "ebitda": 1706000000,
    "ebitdaratio": 0.2722195628,
    "operatingIncome": 1413000000,
    "operatingIncomeRatio": 0.2254667305,
    "totalOtherIncomeExpensesNet": -308000000,
    "incomeBeforeTax": 1105000000,
    "incomeBeforeTaxRatio": 0.1763204085,
    "incomeTaxExpense": 262000000,
    "netIncome": 842000000,
    "netIncomeRatio": 0.1343545556,
    "eps": 0.69,
    "epsdiluted": 0.69,
    "weightedAverageShsOut": 1218000000,
    "weightedAverageShsOutDil": 1228000000,
    "link": "https://www.sec.gov/Archives/edgar/data/1637459/000163745916000207/0001637459-16-000207-index.htm",
    "finalLink": "https://www.sec.gov/Archives/edgar/data/1637459/000163745916000207/khc10q10216.htm"
  },
  {
    "date": "2016-07-03",
    "symbol": "KHC",
    "reportedCurrency": "USD",
    "cik": "0001637459",
    "fillingDate": "2016-08-05",
    "acceptedDate": "2016-08-05 11:52:49",
    "calendarYear": "2016",
    "period": "Q2",
    "revenue": 6793000000,
    "costOfRevenue": 4262000000,
    "grossProfit": 2531000000,
    "grossProfitRatio": 0.3725894303,
    "researchAndDevelopmentExpenses": 0,
    "generalAndAdministrativeExpenses": 895000000,
    "sellingAndMarketingExpenses": 895000000,
    "sellingGeneralAndAdministrativeExpenses": 895000000,
    "otherExpenses": 0,
    "operatingExpenses": 895000000,
    "costAndExpenses": 5157000000,
    "interestIncome": 0,
    "interestExpense": 264000000,
    "depreciationAndAmortization": 357000000,
    "ebitda": 1987000000,
    "ebitdaratio": 0.2925069925,
    "operatingIncome": 1636000000,
    "operatingIncomeRatio": 0.2408361549,
    "totalOtherIncomeExpensesNet": -270000000,
    "incomeBeforeTax": 1366000000,
    "incomeBeforeTaxRatio": 0.2010893567,
    "incomeTaxExpense": 411000000,
    "netIncome": 950000000,
    "netIncomeRatio": 0.1398498454,
    "eps": 0.63,
    "epsdiluted": 0.63,
    "weightedAverageShsOut": 1217000000,
    "weightedAverageShsOutDil": 1227000000,
    "link": "https://www.sec.gov/Archives/edgar/data/1637459/000163745916000179/0001637459-16-000179-index.htm",
    "finalLink": "https://www.sec.gov/Archives/edgar/data/1637459/000163745916000179/khc10q7316.htm"
  },
  {
    "date": "2016-04-03",
    "symbol": "KHC",
    "reportedCurrency": "USD",
    "cik": "0001637459",
    "fillingDate": "2016-05-05",
    "acceptedDate": "2016-05-05 11:17:23",
    "calendarYear": "2016",
    "period": "Q1",
    "revenue": 6570000000,
    "costOfRevenue": 4192000000,
    "grossProfit": 2378000000,
    "grossProfitRatio": 0.3619482496,
    "researchAndDevelopmentExpenses": 0,
    "generalAndAdministrativeExpenses": 865000000,
    "sellingAndMarketingExpenses": 865000000,
    "sellingGeneralAndAdministrativeExpenses": 865000000,
    "otherExpenses": 0,
    "operatingExpenses": 865000000,
    "costAndExpenses": 5057000000,
    "interestIncome": 0,
    "interestExpense": 249000000,
    "depreciationAndAmortization": 363000000,
    "ebitda": 1884000000,
    "ebitdaratio": 0.2867579909,
    "operatingIncome": 1513000000,
    "operatingIncomeRatio": 0.2302891933,
    "totalOtherIncomeExpensesNet": -241000000,
    "incomeBeforeTax": 1272000000,
    "incomeBeforeTaxRatio": 0.1936073059,
    "incomeTaxExpense": 372000000,
    "netIncome": 896000000,
    "netIncomeRatio": 0.1363774734,
    "eps": 0.74,
    "epsdiluted": 0.73,
    "weightedAverageShsOut": 1215000000,
    "weightedAverageShsOutDil": 1225000000,
    "link": "https://www.sec.gov/Archives/edgar/data/1637459/000163745916000147/0001637459-16-000147-index.htm",
    "finalLink": "https://www.sec.gov/Archives/edgar/data/1637459/000163745916000147/khc10q4316.htm"
  },
  {
    "date": "2016-01-03",
    "symbol": "KHC",
    "reportedCurrency": "USD",
    "cik": "0001637459",
    "fillingDate": "2016-03-03",
    "acceptedDate": "2016-03-03 12:53:54",
    "calendarYear": "2015",
    "period": "Q4",
    "revenue": 7124000000,
    "costOfRevenue": 4720000000,
    "grossProfit": 2404000000,
    "grossProfitRatio": 0.3374508703,
    "researchAndDevelopmentExpenses": 0,
    "generalAndAdministrativeExpenses": 1117000000,
    "sellingAndMarketingExpenses": 1117000000,
    "sellingGeneralAndAdministrativeExpenses": 1117000000,
    "otherExpenses": 0,
    "operatingExpenses": 1117000000,
    "costAndExpenses": 5837000000,
    "interestIncome": 0,
    "interestExpense": 266000000,
    "depreciationAndAmortization": 338000000,
    "ebitda": 1634000000,
    "ebitdaratio": 0.229365525,
    "operatingIncome": 1287000000,
    "operatingIncomeRatio": 0.1806569343,
    "totalOtherIncomeExpensesNet": -257000000,
    "incomeBeforeTax": 1030000000,
    "incomeBeforeTaxRatio": 0.1445816957,
    "incomeTaxExpense": 382000000,
    "netIncome": 645000000,
    "netIncomeRatio": 0.090539023,
    "eps": 0.53,
    "epsdiluted": 0.53,
    "weightedAverageShsOut": 1214000000,
    "weightedAverageShsOutDil": 1225000000,
    "link": "https://www.sec.gov/Archives/edgar/data/1637459/000163745916000100/0001637459-16-000100-index.htm",
    "finalLink": "https://www.sec.gov/Archives/edgar/data/1637459/000163745916000100/khc10k1316.htm"
  },
  {
    "date": "2015-09-27",
    "symbol": "KHC",
    "reportedCurrency": "USD",
    "cik": "0001637459",
    "fillingDate": "2015-11-06",
    "acceptedDate": "2015-11-06 12:49:33",
    "calendarYear": "2015",
    "period": "Q3",
    "revenue": 6120000000,
    "costOfRevenue": 4492000000,
    "grossProfit": 1628000000,
    "grossProfitRatio": 0.2660130719,
    "researchAndDevelopmentExpenses": 0,
    "generalAndAdministrativeExpenses": 1229000000,
    "sellingAndMarketingExpenses": 1229000000,
    "sellingGeneralAndAdministrativeExpenses": 1229000000,
    "otherExpenses": 0,
    "operatingExpenses": 1229000000,
    "costAndExpenses": 5721000000,
    "interestIncome": 0,
    "interestExpense": 460000000,
    "depreciationAndAmortization": 214000000,
    "ebitda": 505000000,
    "ebitdaratio": 0.0825163399,
    "operatingIncome": 399000000,
    "operatingIncomeRatio": 0.0651960784,
    "totalOtherIncomeExpensesNet": -568000000,
    "incomeBeforeTax": -169000000,
    "incomeBeforeTaxRatio": -0.0276143791,
    "incomeTaxExpense": -49000000,
    "netIncome": -123000000,
    "netIncomeRatio": -0.0200980392,
    "eps": -0.11,
    "epsdiluted": -0.11,
    "weightedAverageShsOut": 1122222222,
    "weightedAverageShsOutDil": 1142000000,
    "link": "https://www.sec.gov/Archives/edgar/data/1637459/000163745915000049/0001637459-15-000049-index.htm",
    "finalLink": "https://www.sec.gov/Archives/edgar/data/1637459/000163745915000049/khc10q92715.htm"
  },
  {
    "date": "2015-06-28",
    "symbol": "KHC",
    "reportedCurrency": "USD",
    "cik": "0001637459",
    "fillingDate": "2015-08-10",
    "acceptedDate": "2015-08-10 16:11:02",
    "calendarYear": "2015",
    "period": "Q2",
    "revenue": 4515000000,
    "costOfRevenue": 2972000000,
    "grossProfit": 1543000000,
    "grossProfitRatio": 0.3417497231,
    "researchAndDevelopmentExpenses": 0,
    "generalAndAdministrativeExpenses": 620000000,
    "sellingAndMarketingExpenses": 620000000,
    "sellingGeneralAndAdministrativeExpenses": 620000000,
    "otherExpenses": 0,
    "operatingExpenses": 620000000,
    "costAndExpenses": 3592000000,
    "interestIncome": 0,
    "interestExpense": 124000000,
    "depreciationAndAmortization": 86000000,
    "ebitda": 1009000000,
    "ebitdaratio": 0.2234772979,
    "operatingIncome": 923000000,
    "operatingIncomeRatio": 0.2044296788,
    "totalOtherIncomeExpensesNet": -124000000,
    "incomeBeforeTax": 799000000,
    "incomeBeforeTaxRatio": 0.17696567,
    "incomeTaxExpense": 248000000,
    "netIncome": 551000000,
    "netIncomeRatio": 0.1220376523,
    "eps": 0.93,
    "epsdiluted": 0.92,
    "weightedAverageShsOut": 592000000,
    "weightedAverageShsOutDil": 597000000,
    "link": "https://www.sec.gov/Archives/edgar/data/1637459/000163745915000021/0001637459-15-000021-index.htm",
    "finalLink": "https://www.sec.gov/Archives/edgar/data/1637459/000163745915000021/khc10q62815.htm"
  },
  {
    "date": "2015-03-31",
    "symbol": "KHC",
    "reportedCurrency": "USD",
    "cik": "0001637459",
    "fillingDate": "2015-03-31",
    "acceptedDate": "2015-03-31 00:00:00",
    "calendarYear": "2015",
    "period": "Q1",
    "revenue": 4352000000,
    "costOfRevenue": 3019000000,
    "grossProfit": 1333000000,
    "grossProfitRatio": 0.3062959559,
    "researchAndDevelopmentExpenses": 0,
    "generalAndAdministrativeExpenses": 593000000,
    "sellingAndMarketingExpenses": 593000000,
    "sellingGeneralAndAdministrativeExpenses": 593000000,
    "otherExpenses": 0,
    "operatingExpenses": 593000000,
    "costAndExpenses": 3612000000,
    "interestIncome": 0,
    "interestExpense": 107000000,
    "depreciationAndAmortization": 102000000,
    "ebitda": 842000000,
    "ebitdaratio": 0.1934742647,
    "operatingIncome": 740000000,
    "operatingIncomeRatio": 0.1700367647,
    "totalOtherIncomeExpensesNet": -107000000,
    "incomeBeforeTax": 633000000,
    "incomeBeforeTaxRatio": 0.1454503676,
    "incomeTaxExpense": 204000000,
    "netIncome": 429000000,
    "netIncomeRatio": 0.0985753676,
    "eps": 0.73,
    "epsdiluted": 0.72,
    "weightedAverageShsOut": 588000000,
    "weightedAverageShsOutDil": 593000000,
    "link": null,
    "finalLink": null
  },
  {
    "date": "2014-12-31",
    "symbol": "KHC",
    "reportedCurrency": "USD",
    "cik": "0001637459",
    "fillingDate": "2014-12-31",
    "acceptedDate": "2014-12-31 00:00:00",
    "calendarYear": "2014",
    "period": "Q4",
    "revenue": 4696000000,
    "costOfRevenue": 4224000000,
    "grossProfit": 472000000,
    "grossProfitRatio": 0.1005110733,
    "researchAndDevelopmentExpenses": 0,
    "generalAndAdministrativeExpenses": 1085000000,
    "sellingAndMarketingExpenses": 1085000000,
    "sellingGeneralAndAdministrativeExpenses": 1085000000,
    "otherExpenses": 1000000,
    "operatingExpenses": 1086000000,
    "costAndExpenses": 5310000000,
    "interestIncome": 0,
    "interestExpense": 116000000,
    "depreciationAndAmortization": 102000000,
    "ebitda": -512000000,
    "ebitdaratio": -0.1090289608,
    "operatingIncome": -614000000,
    "operatingIncomeRatio": -0.1307495741,
    "totalOtherIncomeExpensesNet": -116000000,
    "incomeBeforeTax": -730000000,
    "incomeBeforeTaxRatio": -0.155451448,
    "incomeTaxExpense": -332000000,
    "netIncome": -398000000,
    "netIncomeRatio": -0.0847529813,
    "eps": -0.68,
    "epsdiluted": -0.68,
    "weightedAverageShsOut": 588000000,
    "weightedAverageShsOutDil": 588000000,
    "link": null,
    "finalLink": null
  },
  {
    "date": "2014-09-30",
    "symbol": "KHC",
    "reportedCurrency": "USD",
    "cik": "0001637459",
    "fillingDate": "2014-09-30",
    "acceptedDate": "2014-09-30 00:00:00",
    "calendarYear": "2014",
    "period": "Q3",
    "revenue": 4400000000,
    "costOfRevenue": 3108000000,
    "grossProfit": 1292000000,
    "grossProfitRatio": 0.2936363636,
    "researchAndDevelopmentExpenses": 0,
    "generalAndAdministrativeExpenses": 566000000,
    "sellingAndMarketingExpenses": 566000000,
    "sellingGeneralAndAdministrativeExpenses": 566000000,
    "otherExpenses": 0,
    "operatingExpenses": 566000000,
    "costAndExpenses": 3674000000,
    "interestIncome": 0,
    "interestExpense": 119000000,
    "depreciationAndAmortization": 92000000,
    "ebitda": 818000000,
    "ebitdaratio": 0.1859090909,
    "operatingIncome": 726000000,
    "operatingIncomeRatio": 0.165,
    "totalOtherIncomeExpensesNet": -119000000,
    "incomeBeforeTax": 607000000,
    "incomeBeforeTaxRatio": 0.1379545455,
    "incomeTaxExpense": 161000000,
    "netIncome": 446000000,
    "netIncomeRatio": 0.1013636364,
    "eps": 0.75,
    "epsdiluted": 0.74,
    "weightedAverageShsOut": 593000000,
    "weightedAverageShsOutDil": 598000000,
    "link": null,
    "finalLink": null
  },
  {
    "date": "2014-06-30",
    "symbol": "KHC",
    "reportedCurrency": "USD",
    "cik": "0001637459",
    "fillingDate": "2014-06-30",
    "acceptedDate": "2014-06-30 00:00:00",
    "calendarYear": "2014",
    "period": "Q2",
    "revenue": 4747000000,
    "costOfRevenue": 3226000000,
    "grossProfit": 1521000000,
    "grossProfitRatio": 0.3204128924,
    "researchAndDevelopmentExpenses": 0,
    "generalAndAdministrativeExpenses": 647000000,
    "sellingAndMarketingExpenses": 647000000,
    "sellingGeneralAndAdministrativeExpenses": 647000000,
    "otherExpenses": 0,
    "operatingExpenses": 647000000,
    "costAndExpenses": 3873000000,
    "interestIncome": 0,
    "interestExpense": 133000000,
    "depreciationAndAmortization": 95000000,
    "ebitda": 969000000,
    "ebitdaratio": 0.2041289235,
    "operatingIncome": 874000000,
    "operatingIncomeRatio": 0.184116284,
    "totalOtherIncomeExpensesNet": -133000000,
    "incomeBeforeTax": 741000000,
    "incomeBeforeTaxRatio": 0.1560985886,
    "incomeTaxExpense": 259000000,
    "netIncome": 482000000,
    "netIncomeRatio": 0.1015378134,
    "eps": 0.81,
    "epsdiluted": 0.8,
    "weightedAverageShsOut": 595000000,
    "weightedAverageShsOutDil": 600000000,
    "link": null,
    "finalLink": null
  },
  {
    "date": "2014-03-31",
    "symbol": "KHC",
    "reportedCurrency": "USD",
    "cik": "0001637459",
    "fillingDate": "2014-03-31",
    "acceptedDate": "2014-03-31 00:00:00",
    "calendarYear": "2014",
    "period": "Q1",
    "revenue": 4362000000,
    "costOfRevenue": 2802000000,
    "grossProfit": 1560000000,
    "grossProfitRatio": 0.3576341128,
    "researchAndDevelopmentExpenses": 0,
    "generalAndAdministrativeExpenses": 658000000,
    "sellingAndMarketingExpenses": 658000000,
    "sellingGeneralAndAdministrativeExpenses": 658000000,
    "otherExpenses": -2000000,
    "operatingExpenses": 656000000,
    "costAndExpenses": 3458000000,
    "interestIncome": 0,
    "interestExpense": 116000000,
    "depreciationAndAmortization": 96000000,
    "ebitda": 1000000000,
    "ebitdaratio": 0.2292526364,
    "operatingIncome": 904000000,
    "operatingIncomeRatio": 0.2072443833,
    "totalOtherIncomeExpensesNet": -116000000,
    "incomeBeforeTax": 788000000,
    "incomeBeforeTaxRatio": 0.1806510775,
    "incomeTaxExpense": 275000000,
    "netIncome": 513000000,
    "netIncomeRatio": 0.1176066025,
    "eps": 0.86,
    "epsdiluted": 0.85,
    "weightedAverageShsOut": 596000000,
    "weightedAverageShsOutDil": 601000000,
    "link": null,
    "finalLink": null
  },
  {
    "date": "2013-12-31",
    "symbol": "KHC",
    "reportedCurrency": "USD",
    "cik": "0001637459",
    "fillingDate": "2013-12-31",
    "acceptedDate": "2013-12-31 00:00:00",
    "calendarYear": "2013",
    "period": "Q4",
    "revenue": 4595000000,
    "costOfRevenue": 2663000000,
    "grossProfit": 1932000000,
    "grossProfitRatio": 0.4204570185,
    "researchAndDevelopmentExpenses": 0,
    "generalAndAdministrativeExpenses": 409000000,
    "sellingAndMarketingExpenses": 409000000,
    "sellingGeneralAndAdministrativeExpenses": 409000000,
    "otherExpenses": 9000000,
    "operatingExpenses": 418000000,
    "costAndExpenses": 3081000000,
    "interestIncome": 0,
    "interestExpense": 102000000,
    "depreciationAndAmortization": 97000000,
    "ebitda": 1589000000,
    "ebitdaratio": 0.3458106638,
    "operatingIncome": 1514000000,
    "operatingIncomeRatio": 0.3294885745,
    "totalOtherIncomeExpensesNet": -124000000,
    "incomeBeforeTax": 1390000000,
    "incomeBeforeTaxRatio": 0.3025027203,
    "incomeTaxExpense": 459000000,
    "netIncome": 931000000,
    "netIncomeRatio": 0.2026115343,
    "eps": 1.56,
    "epsdiluted": 1.54,
    "weightedAverageShsOut": 595000000,
    "weightedAverageShsOutDil": 600000000,
    "link": null,
    "finalLink": null
  },
  {
    "date": "2013-09-30",
    "symbol": "KHC",
    "reportedCurrency": "USD",
    "cik": "0001637459",
    "fillingDate": "2013-09-30",
    "acceptedDate": "2013-09-30 00:00:00",
    "calendarYear": "2013",
    "period": "Q3",
    "revenue": 4394000000,
    "costOfRevenue": 2908000000,
    "grossProfit": 1486000000,
    "grossProfitRatio": 0.3381884388,
    "researchAndDevelopmentExpenses": 0,
    "generalAndAdministrativeExpenses": 601000000,
    "sellingAndMarketingExpenses": 601000000,
    "sellingGeneralAndAdministrativeExpenses": 601000000,
    "otherExpenses": 15000000,
    "operatingExpenses": 616000000,
    "costAndExpenses": 3524000000,
    "interestIncome": 0,
    "interestExpense": 124000000,
    "depreciationAndAmortization": 92000000,
    "ebitda": 962000000,
    "ebitdaratio": 0.2189349112,
    "operatingIncome": 870000000,
    "operatingIncomeRatio": 0.197997269,
    "totalOtherIncomeExpensesNet": -124000000,
    "incomeBeforeTax": 746000000,
    "incomeBeforeTaxRatio": 0.1697769686,
    "incomeTaxExpense": 246000000,
    "netIncome": 500000000,
    "netIncomeRatio": 0.1137915339,
    "eps": 0.84,
    "epsdiluted": 0.83,
    "weightedAverageShsOut": 595000000,
    "weightedAverageShsOutDil": 600000000,
    "link": null,
    "finalLink": null
  },
  {
    "date": "2013-06-30",
    "symbol": "KHC",
    "reportedCurrency": "USD",
    "cik": "0001637459",
    "fillingDate": "2013-06-30",
    "acceptedDate": "2013-06-30 00:00:00",
    "calendarYear": "2013",
    "period": "Q2",
    "revenue": 4716000000,
    "costOfRevenue": 2780000000,
    "grossProfit": 1936000000,
    "grossProfitRatio": 0.4105173876,
    "researchAndDevelopmentExpenses": 0,
    "generalAndAdministrativeExpenses": 516000000,
    "sellingAndMarketingExpenses": 516000000,
    "sellingGeneralAndAdministrativeExpenses": 516000000,
    "otherExpenses": 22000000,
    "operatingExpenses": 538000000,
    "costAndExpenses": 3318000000,
    "interestIncome": 0,
    "interestExpense": 130000000,
    "depreciationAndAmortization": 102000000,
    "ebitda": 1500000000,
    "ebitdaratio": 0.3180661578,
    "operatingIncome": 1398000000,
    "operatingIncomeRatio": 0.296437659,
    "totalOtherIncomeExpensesNet": -130000000,
    "incomeBeforeTax": 1268000000,
    "incomeBeforeTaxRatio": 0.2688719254,
    "incomeTaxExpense": 439000000,
    "netIncome": 829000000,
    "netIncomeRatio": 0.1757845632,
    "eps": 1.39,
    "epsdiluted": 1.38,
    "weightedAverageShsOut": 594000000,
    "weightedAverageShsOutDil": 599000000,
    "link": null,
    "finalLink": null
  },
  {
    "date": "2013-03-31",
    "symbol": "KHC",
    "reportedCurrency": "USD",
    "cik": "0001637459",
    "fillingDate": "2013-03-31",
    "acceptedDate": "2013-03-31 00:00:00",
    "calendarYear": "2013",
    "period": "Q1",
    "revenue": 4513000000,
    "costOfRevenue": 3043000000,
    "grossProfit": 1470000000,
    "grossProfitRatio": 0.3257256814,
    "researchAndDevelopmentExpenses": 0,
    "generalAndAdministrativeExpenses": 599000000,
    "sellingAndMarketingExpenses": 599000000,
    "sellingGeneralAndAdministrativeExpenses": 599000000,
    "otherExpenses": 62000000,
    "operatingExpenses": 661000000,
    "costAndExpenses": 3704000000,
    "interestIncome": 0,
    "interestExpense": 123000000,
    "depreciationAndAmortization": 102000000,
    "ebitda": 911000000,
    "ebitdaratio": 0.2018612896,
    "operatingIncome": 809000000,
    "operatingIncomeRatio": 0.1792599158,
    "totalOtherIncomeExpensesNet": -123000000,
    "incomeBeforeTax": 686000000,
    "incomeBeforeTaxRatio": 0.152005318,
    "incomeTaxExpense": 230000000,
    "netIncome": 456000000,
    "netIncomeRatio": 0.1010414359,
    "eps": 0.77,
    "epsdiluted": 0.76,
    "weightedAverageShsOut": 592000000,
    "weightedAverageShsOutDil": 597000000,
    "link": null,
    "finalLink": null
  },
  {
    "date": "2012-12-31",
    "symbol": "KHC",
    "reportedCurrency": "USD",
    "cik": "0001637459",
    "fillingDate": "2012-12-31",
    "acceptedDate": "2012-12-31 00:00:00",
    "calendarYear": "2012",
    "period": "Q4",
    "revenue": 4494000000,
    "costOfRevenue": 3360000000,
    "grossProfit": 1134000000,
    "grossProfitRatio": 0.2523364486,
    "researchAndDevelopmentExpenses": 0,
    "generalAndAdministrativeExpenses": 0,
    "sellingAndMarketingExpenses": 0,
    "sellingGeneralAndAdministrativeExpenses": 871000000,
    "otherExpenses": -15000000,
    "operatingExpenses": 856000000,
    "costAndExpenses": 4216000000,
    "interestIncome": 0,
    "interestExpense": 109000000,
    "depreciationAndAmortization": 167000000,
    "ebitda": 425000000,
    "ebitdaratio": 0.0945705385,
    "operatingIncome": 278000000,
    "operatingIncomeRatio": 0.0618602581,
    "totalOtherIncomeExpensesNet": -129000000,
    "incomeBeforeTax": 149000000,
    "incomeBeforeTaxRatio": 0.0331553182,
    "incomeTaxExpense": 48000000,
    "netIncome": 101000000,
    "netIncomeRatio": 0.0224744103,
    "eps": 0.15,
    "epsdiluted": 0.15,
    "weightedAverageShsOut": 594000000,
    "weightedAverageShsOutDil": 599000000,
    "link": null,
    "finalLink": null
  },
  {
    "date": "2012-09-30",
    "symbol": "KHC",
    "reportedCurrency": "USD",
    "cik": "0001637459",
    "fillingDate": "2012-09-30",
    "acceptedDate": "2012-09-30 00:00:00",
    "calendarYear": "2012",
    "period": "Q3",
    "revenue": 4588000000,
    "costOfRevenue": 3019000000,
    "grossProfit": 1569000000,
    "grossProfitRatio": 0.3419790759,
    "researchAndDevelopmentExpenses": 0,
    "generalAndAdministrativeExpenses": 786000000,
    "sellingAndMarketingExpenses": 786000000,
    "sellingGeneralAndAdministrativeExpenses": 786000000,
    "otherExpenses": 26000000,
    "operatingExpenses": 812000000,
    "costAndExpenses": 3831000000,
    "interestIncome": 0,
    "interestExpense": 106000000,
    "depreciationAndAmortization": 92000000,
    "ebitda": 862000000,
    "ebitdaratio": 0.1878814298,
    "operatingIncome": 757000000,
    "operatingIncomeRatio": 0.1649956408,
    "totalOtherIncomeExpensesNet": -93000000,
    "incomeBeforeTax": 664000000,
    "incomeBeforeTaxRatio": 0.1447253705,
    "incomeTaxExpense": 198000000,
    "netIncome": 466000000,
    "netIncomeRatio": 0.1015693112,
    "eps": 0.79,
    "epsdiluted": 0.79,
    "weightedAverageShsOut": 592000000,
    "weightedAverageShsOutDil": 592000000,
    "link": null,
    "finalLink": null
  },
  {
    "date": "2012-06-30",
    "symbol": "KHC",
    "reportedCurrency": "USD",
    "cik": "0001637459",
    "fillingDate": "2012-06-30",
    "acceptedDate": "2012-06-30 00:00:00",
    "calendarYear": "2012",
    "period": "Q2",
    "revenue": 4786000000,
    "costOfRevenue": 3150000000,
    "grossProfit": 1636000000,
    "grossProfitRatio": 0.3418303385,
    "researchAndDevelopmentExpenses": 0,
    "generalAndAdministrativeExpenses": 687000000,
    "sellingAndMarketingExpenses": 687000000,
    "sellingGeneralAndAdministrativeExpenses": 687000000,
    "otherExpenses": 38000000,
    "operatingExpenses": 725000000,
    "costAndExpenses": 3875000000,
    "interestIncome": 0,
    "interestExpense": 21000000,
    "depreciationAndAmortization": 90000000,
    "ebitda": 1017000000,
    "ebitdaratio": 0.2124947764,
    "operatingIncome": 911000000,
    "operatingIncomeRatio": 0.190346845,
    "totalOtherIncomeExpensesNet": -5000000,
    "incomeBeforeTax": 906000000,
    "incomeBeforeTaxRatio": 0.1893021312,
    "incomeTaxExpense": 303000000,
    "netIncome": 603000000,
    "netIncomeRatio": 0.1259924781,
    "eps": 1.02,
    "epsdiluted": 1.02,
    "weightedAverageShsOut": 591000000,
    "weightedAverageShsOutDil": 591000000,
    "link": null,
    "finalLink": null
  },
  {
    "date": "2012-03-31",
    "symbol": "KHC",
    "reportedCurrency": "USD",
    "cik": "0001637459",
    "fillingDate": "2012-03-31",
    "acceptedDate": "2012-03-31 00:00:00",
    "calendarYear": "2012",
    "period": "Q1",
    "revenue": 4453000000,
    "costOfRevenue": 3004000000,
    "grossProfit": 1449000000,
    "grossProfitRatio": 0.3253986077,
    "researchAndDevelopmentExpenses": 0,
    "generalAndAdministrativeExpenses": 670000000,
    "sellingAndMarketingExpenses": 670000000,
    "sellingGeneralAndAdministrativeExpenses": 670000000,
    "otherExpenses": 38000000,
    "operatingExpenses": 708000000,
    "costAndExpenses": 3712000000,
    "interestIncome": 0,
    "interestExpense": 2000000,
    "depreciationAndAmortization": 79000000,
    "ebitda": 832000000,
    "ebitdaratio": 0.1868403324,
    "operatingIncome": 741000000,
    "operatingIncomeRatio": 0.166404671,
    "totalOtherIncomeExpensesNet": 10000000,
    "incomeBeforeTax": 751000000,
    "incomeBeforeTaxRatio": 0.1686503481,
    "incomeTaxExpense": 268000000,
    "netIncome": 483000000,
    "netIncomeRatio": 0.1084662026,
    "eps": 0.82,
    "epsdiluted": 0.82,
    "weightedAverageShsOut": 591000000,
    "weightedAverageShsOutDil": 591000000,
    "link": null,
    "finalLink": null
  },
  {
    "date": "2011-12-31",
    "symbol": "KHC",
    "reportedCurrency": "USD",
    "cik": "0001637459",
    "fillingDate": "2011-12-31",
    "acceptedDate": "2011-12-31 00:00:00",
    "calendarYear": "2011",
    "period": "Q4",
    "revenue": 5035000000,
    "costOfRevenue": 3568000000,
    "grossProfit": 1467000000,
    "grossProfitRatio": 0.2913604767,
    "researchAndDevelopmentExpenses": 0,
    "generalAndAdministrativeExpenses": 0,
    "sellingAndMarketingExpenses": 0,
    "sellingGeneralAndAdministrativeExpenses": 842000000,
    "otherExpenses": 0,
    "operatingExpenses": 842000000,
    "costAndExpenses": 4410000000,
    "interestIncome": 0,
    "interestExpense": 0,
    "depreciationAndAmortization": 95000000,
    "ebitda": 733000000,
    "ebitdaratio": 0.1455809335,
    "operatingIncome": 625000000,
    "operatingIncomeRatio": 0.1241310824,
    "totalOtherIncomeExpensesNet": 15000000,
    "incomeBeforeTax": 640000000,
    "incomeBeforeTaxRatio": 0.1271102284,
    "incomeTaxExpense": 239000000,
    "netIncome": 401000000,
    "netIncomeRatio": 0.0796425025,
    "eps": 0.68,
    "epsdiluted": 0.68,
    "weightedAverageShsOut": 588000000,
    "weightedAverageShsOutDil": 592000000,
    "link": null,
    "finalLink": null
  },
  {
    "date": "2011-09-30",
    "symbol": "KHC",
    "reportedCurrency": "USD",
    "cik": "0001637459",
    "fillingDate": "2011-09-30",
    "acceptedDate": "2011-09-30 00:00:00",
    "calendarYear": "2011",
    "period": "Q3",
    "revenue": 4474000000,
    "costOfRevenue": 3110000000,
    "grossProfit": 1364000000,
    "grossProfitRatio": 0.3048725972,
    "researchAndDevelopmentExpenses": 0,
    "generalAndAdministrativeExpenses": 0,
    "sellingAndMarketingExpenses": 0,
    "sellingGeneralAndAdministrativeExpenses": 658000000,
    "otherExpenses": -2000000,
    "operatingExpenses": 656000000,
    "costAndExpenses": 3766000000,
    "interestIncome": 0,
    "interestExpense": 3000000,
    "depreciationAndAmortization": 91000000,
    "ebitda": 813000000,
    "ebitdaratio": 0.1817165847,
    "operatingIncome": 708000000,
    "operatingIncomeRatio": 0.1582476531,
    "totalOtherIncomeExpensesNet": 11000000,
    "incomeBeforeTax": 719000000,
    "incomeBeforeTaxRatio": 0.1607063031,
    "incomeTaxExpense": 302000000,
    "netIncome": 417000000,
    "netIncomeRatio": 0.0932051855,
    "eps": 0.7,
    "epsdiluted": 0.7,
    "weightedAverageShsOut": 592000000,
    "weightedAverageShsOutDil": 592000000,
    "link": null,
    "finalLink": null
  },
  {
    "date": "2011-06-30",
    "symbol": "KHC",
    "reportedCurrency": "USD",
    "cik": "0001637459",
    "fillingDate": "2011-06-30",
    "acceptedDate": "2011-06-30 00:00:00",
    "calendarYear": "2011",
    "period": "Q2",
    "revenue": 4741000000,
    "costOfRevenue": 3195000000,
    "grossProfit": 1546000000,
    "grossProfitRatio": 0.3260915419,
    "researchAndDevelopmentExpenses": 0,
    "generalAndAdministrativeExpenses": 0,
    "sellingAndMarketingExpenses": 0,
    "sellingGeneralAndAdministrativeExpenses": 716000000,
    "otherExpenses": 0,
    "operatingExpenses": 716000000,
    "costAndExpenses": 3911000000,
    "interestIncome": 0,
    "interestExpense": 1000000,
    "depreciationAndAmortization": 89000000,
    "ebitda": 932000000,
    "ebitdaratio": 0.1965829994,
    "operatingIncome": 830000000,
    "operatingIncomeRatio": 0.1750685509,
    "totalOtherIncomeExpensesNet": 12000000,
    "incomeBeforeTax": 842000000,
    "incomeBeforeTaxRatio": 0.1775996625,
    "incomeTaxExpense": 308000000,
    "netIncome": 534000000,
    "netIncomeRatio": 0.1126344653,
    "eps": 0.9,
    "epsdiluted": 0.9,
    "weightedAverageShsOut": 591000000,
    "weightedAverageShsOutDil": 591000000,
    "link": null,
    "finalLink": null
  },
  {
    "date": "2011-03-31",
    "symbol": "KHC",
    "reportedCurrency": "USD",
    "cik": "0001637459",
    "fillingDate": "2011-03-31",
    "acceptedDate": "2011-03-31 00:00:00",
    "calendarYear": "2011",
    "period": "Q1",
    "revenue": 4405000000,
    "costOfRevenue": 2888000000,
    "grossProfit": 1517000000,
    "grossProfitRatio": 0.3443813848,
    "researchAndDevelopmentExpenses": 0,
    "generalAndAdministrativeExpenses": 0,
    "sellingAndMarketingExpenses": 0,
    "sellingGeneralAndAdministrativeExpenses": 757000000,
    "otherExpenses": 0,
    "operatingExpenses": 757000000,
    "costAndExpenses": 3645000000,
    "interestIncome": 0,
    "interestExpense": 2000000,
    "depreciationAndAmortization": 89000000,
    "ebitda": 859000000,
    "ebitdaratio": 0.1950056754,
    "operatingIncome": 760000000,
    "operatingIncomeRatio": 0.1725312145,
    "totalOtherIncomeExpensesNet": 8000000,
    "incomeBeforeTax": 768000000,
    "incomeBeforeTaxRatio": 0.1743473326,
    "incomeTaxExpense": 281000000,
    "netIncome": 487000000,
    "netIncomeRatio": 0.1105561862,
    "eps": 0.82,
    "epsdiluted": 0.8,
    "weightedAverageShsOut": 591000000,
    "weightedAverageShsOutDil": 611000000,
    "link": null,
    "finalLink": null
  }
]