[
  {
    "date": "2024-12-28",
    "symbol": "KHC",
    "reportedCurrency": "USD",
    "cik": "0001637459",
    "fillingDate": "2025-02-13",
    "acceptedDate": "2025-02-13 07:42:01",
    "calendarYear": "2024",
    "period": "FY",
    "revenue": 25846000000,
    "costOfRevenue": 16878000000,
    "grossProfit": 8968000000,
    "grossProfitRatio": 0.3469782558,
    "researchAndDevelopmentExpenses": 0,
    "generalAndAdministrativeExpenses": 3486000000,
    "sellingAndMarketingExpenses": 0,
    "sellingGeneralAndAdministrativeExpenses": 3486000000,
    "otherExpenses": 3799000000,
    "operatingExpenses": 7285000000,
    "costAndExpenses": 24163000000,
    "interestIncome": 69000000,
    "interestExpense": 912000000,
    "depreciationAndAmortization": 948000000,
    "ebitda": 2716000000,
    "ebitdaratio": 0.1050839588,
    "operatingIncome": 1683000000,
    "operatingIncomeRatio": 0.065116459,
    "totalOtherIncomeExpensesNet": -827000000,
    "incomeBeforeTax": 856000000,
    "incomeBeforeTaxRatio": 0.0331192448,
    "incomeTaxExpense": -1890000000,
    "netIncome": 2744000000,
    "netIncomeRatio": 0.1061672986,
    "eps": 2.27,
    "epsdiluted": 2.26,
    "weightedAverageShsOut": 1210000000,
    "weightedAverageShsOutDil": 1215000000,
    "link": "https://www.sec.gov/Archives/edgar/data/1637459/000163745925000011/0001637459-25-000011-index.htm",
    "finalLink": "https://www.sec.gov/Archives/edgar/data/1637459/000163745925000011/khc-20241228.htm"
  },
  {
    "date": "2023-12-30",
    "symbol": "KHC",
    "reportedCurrency": "USD",
    "cik": "0001637459",
    "fillingDate": "2024-02-15",
    "acceptedDate": "2024-02-15 07:40:33",
    "calendarYear": "2023",
    "period": "FY",
    "revenue": 26640000000,
    "costOfRevenue": 17714000000,
    "grossProfit": 8926000000,
    "grossProfitRatio": 0.3350600601,
    "researchAndDevelopmentExpenses": 147000000,
    "generalAndAdministrativeExpenses": 2522000000,
    "sellingAndMarketingExpenses": 1071000000,
    "sellingGeneralAndAdministrativeExpenses": 3593000000,
    "otherExpenses": 614000000,
    "operatingExpenses": 4354000000,
    "costAndExpenses": 22068000000,
    "interestIncome": 40000000,
    "interestExpense": 912000000,
    "depreciationAndAmortization": 961000000,
    "ebitda": 5506000000,
    "ebitdaratio": 0.2066816817,
    "operatingIncome": 4572000000,
    "operatingIncomeRatio": 0.1716216216,
    "totalOtherIncomeExpensesNet": -939000000,
    "incomeBeforeTax": 3633000000,
    "incomeBeforeTaxRatio": 0.1363738739,
    "incomeTaxExpense": 787000000,
    "netIncome": 2855000000,
    "netIncomeRatio": 0.1071696697,
    "eps": 2.33,
    "epsdiluted": 2.31,
    "weightedAverageShsOut": 1227000000,
    "weightedAverageShsOutDil": 1235000000,
    "link": "https://www.sec.gov/Archives/edgar/data/1637459/000163745924000018/0001637459-24-000018-index.htm",
    "finalLink": "https://www.sec.gov/Archives/edgar/data/1637459/000163745924000018/khc-20231230.htm"
  },
  {
    "date": "2022-12-31",
    "symbol": "KHC",
    "reportedCurrency": "USD",
    "cik": "0001637459",
    "fillingDate": "2023-02-16",
    "acceptedDate": "2023-02-16 07:50:46",
    "calendarYear": "2022",
    "period": "FY",
    "revenue": 26485000000,
    "costOfRevenue": 18363000000,
    "grossProfit": 8122000000,
    "grossProfitRatio": 0.3066641495,
    "researchAndDevelopmentExpenses": 0,
    "generalAndAdministrativeExpenses": 3426000000,
    "sellingAndMarketingExpenses": 0,
    "sellingGeneralAndAdministrativeExpenses": 3426000000,
    "otherExpenses": 1062000000,
    "operatingExpenses": 4488000000,
    "costAndExpenses": 22851000000,
    "interestIncome": 27000000,
    "interestExpense": 921000000,
    "depreciationAndAmortization": 933000000,
    "ebitda": 4820000000,
    "ebitdaratio": 0.1819898056,
    "operatingIncome": 3634000000,
    "operatingIncomeRatio": 0.1372097414,
    "totalOtherIncomeExpensesNet": -668000000,
    "incomeBeforeTax": 2966000000,
    "incomeBeforeTaxRatio": 0.1119879177,
    "incomeTaxExpense": 598000000,
    "netIncome": 2363000000,
    "netIncomeRatio": 0.0892203134,
    "eps": 1.93,
    "epsdiluted": 1.91,
    "weightedAverageShsOut": 1226000000,
    "weightedAverageShsOutDil": 1235000000,
    "link": "https://www.sec.gov/Archives/edgar/data/1637459/000163745923000009/0001637459-23-000009-index.htm",
    "finalLink": "https://www.sec.gov/Archives/edgar/data/1637459/000163745923000009/khc-20221231.htm"
  },
  {
    "date": "2021-12-25",
    "symbol": "KHC",
    "reportedCurrency": "USD",
    "cik": "0001637459",
    "fillingDate": "2022-02-17",
    "acceptedDate": "2022-02-17 16:22:45",
    "calendarYear": "2021",
    "period": "FY",
    "revenue": 26042000000,
    "costOfRevenue": 17360000000,
    "grossProfit": 8682000000,
    "grossProfitRatio": 0.3333845327,
    "researchAndDevelopmentExpenses": 0,
    "generalAndAdministrativeExpenses": 3374000000,
    "sellingAndMarketingExpenses": 0,
    "sellingGeneralAndAdministrativeExpenses": 3374000000,
    "otherExpenses": 1855000000,
    "operatingExpenses": 5222000000,
    "costAndExpenses": 22582000000,
    "interestIncome": 15000000,
    "interestExpense": 2047000000,
    "depreciationAndAmortization": 910000000,
    "ebitda": 4665000000,
    "ebitdaratio": 0.1791337071,
    "operatingIncome": 3460000000,
    "operatingIncomeRatio": 0.1328622994,
    "totalOtherIncomeExpensesNet": -1752000000,
    "incomeBeforeTax": 1708000000,
    "incomeBeforeTaxRatio": 0.0655863605,
    "incomeTaxExpense": 684000000,
    "netIncome": 1012000000,
    "netIncomeRatio": 0.0388603026,
    "eps": 0.83,
    "epsdiluted": 0.82,
    "weightedAverageShsOut": 1224000000,
    "weightedAverageShsOutDil": 1236000000,
    "link": "https://www.sec.gov/Archives/edgar/data/1637459/000163745922000018/0001637459-22-000018-index.htm",
    "finalLink": "https://www.sec.gov/Archives/edgar/data/1637459/000163745922000018/khc-20211225.htm"
  },
  {
    "date": "2020-12-26",
    "symbol": "KHC",
    "reportedCurrency": "USD",
    "cik": "0001637459",
    "fillingDate": "2021-02-17",
    "acceptedDate": "2021-02-17 07:32:36",
    "calendarYear": "2020",
    "period": "FY",
    "revenue": 26185000000,
    "costOfRevenue": 17008000000,
    "grossProfit": 9177000000,
    "grossProfitRatio": 0.3504678251,
    "researchAndDevelopmentExpenses": 119000000,
    "generalAndAdministrativeExpenses": 2095000000,
    "sellingAndMarketingExpenses": 1070000000,
    "sellingGeneralAndAdministrativeExpenses": 3165000000,
    "otherExpenses": 3765000000,
    "operatingExpenses": 7049000000,
    "costAndExpenses": 24057000000,
    "interestIncome": 27000000,
    "interestExpense": 1394000000,
    "depreciationAndAmortization": 969000000,
    "ebitda": 3393000000,
    "ebitdaratio": 0.1295780027,
    "operatingIncome": 2128000000,
    "operatingIncomeRatio": 0.0812679015,
    "totalOtherIncomeExpensesNet": -1098000000,
    "incomeBeforeTax": 1030000000,
    "incomeBeforeTaxRatio": 0.0393354974,
    "incomeTaxExpense": 669000000,
    "netIncome": 356000000,
    "netIncomeRatio": 0.01359557,
    "eps": 0.29,
    "epsdiluted": 0.29,
    "weightedAverageShsOut": 1223000000,
    "weightedAverageShsOutDil": 1228000000,
    "link": "https://www.sec.gov/Archives/edgar/data/1637459/000163745921000009/0001637459-21-000009-index.htm",
    "finalLink": "https://www.sec.gov/Archives/edgar/data/1637459/000163745921000009/khc-20201226.htm"
  },
  {
    "date": "2019-12-28",
    "symbol": "KHC",
    "reportedCurrency": "USD",
    "cik": "0001637459",
    "fillingDate": "2020-02-14",
    "acceptedDate": "2020-02-14 17:13:43",
    "calendarYear": "2019",
    "period": "FY",
    "revenue": 24977000000,
    "costOfRevenue": 16830000000,
    "grossProfit": 8147000000,
    "grossProfitRatio": 0.3261800857,
    "researchAndDevelopmentExpenses": 0,
    "generalAndAdministrativeExpenses": 2700000000,
    "sellingAndMarketingExpenses": 0,
    "sellingGeneralAndAdministrativeExpenses": 2700000000,
    "otherExpenses": 2377000000,
    "operatingExpenses": 5077000000,
    "costAndExpenses": 21907000000,
    "interestIncome": 36000000,
    "interestExpense": 1361000000,
    "depreciationAndAmortization": 994000000,
    "ebitda": 5016000000,
    "ebitdaratio": 0.2008247588,
    "operatingIncome": 3070000000,
    "operatingIncomeRatio": 0.12291308,
    "totalOtherIncomeExpensesNet": -409000000,
    "incomeBeforeTax": 2661000000,
    "incomeBeforeTaxRatio": 0.106538015,
    "incomeTaxExpense": 728000000,
    "netIncome": 1935000000,
    "netIncomeRatio": 0.0774712736,
    "eps": 1.58,
    "epsdiluted": 1.58,
    "weightedAverageShsOut": 1221000000,
    "weightedAverageShsOutDil": 1224000000,
    "link": "https://www.sec.gov/Archives/edgar/data/1637459/000163745920000027/0001637459-20-000027-index.htm",
    "finalLink": "https://www.sec.gov/Archives/edgar/data/1637459/000163745920000027/form10-k2019.htm"
  },
  {
    "date": "2018-12-29",
    "symbol": "KHC",
    "reportedCurrency": "USD",
    "cik": "0001637459",
    "fillingDate": "2019-06-07",
    "acceptedDate": "2019-06-07 17:07:36",
    "calendarYear": "2018",
    "period": "FY",
    "revenue": 26268000000,
    "costOfRevenue": 17347000000,
    "grossProfit": 8921000000,
    "grossProfitRatio": 0.3396147404,
    "researchAndDevelopmentExpenses": 0,
    "generalAndAdministrativeExpenses": 2839000000,
    "sellingAndMarketingExpenses": 0,
    "sellingGeneralAndAdministrativeExpenses": 2839000000,
    "otherExpenses": 16287000000,
    "operatingExpenses": 19126000000,
    "costAndExpenses": 36473000000,
    "interestIncome": 35000000,
    "interestExpense": 1284000000,
    "depreciationAndAmortization": 983000000,
    "ebitda": -9054000000,
    "ebitdaratio": -0.3446779351,
    "operatingIncome": -10205000000,
    "operatingIncomeRatio": -0.3884955078,
    "totalOtherIncomeExpensesNet": -1116000000,
    "incomeBeforeTax": -11321000000,
    "incomeBeforeTaxRatio": -0.4309806609,
    "incomeTaxExpense": -1067000000,
    "netIncome": -10192000000,
    "netIncomeRatio": -0.3880006091,
    "eps": -8.44,
    "epsdiluted": -8.44,
    "weightedAverageShsOut": 1219000000,
    "weightedAverageShsOutDil": 1219000000,
    "link": "https://www.sec.gov/Archives/edgar/data/1637459/000163745919000049/0001637459-19-000049-index.htm",
    "finalLink": "https://www.sec.gov/Archives/edgar/data/1637459/000163745919000049/form10-k2018.htm"
  },
  {
    "date": "2017-12-30",
    "symbol": "KHC",
    "reportedCurrency": "USD",
    "cik": "0001637459",
    "fillingDate": "2018-02-16",
    "acceptedDate": "2018-02-16 12:39:26",
    "calendarYear": "2017",
    "period": "FY",
    "revenue": 26076000000,
    "costOfRevenue": 17043000000,
    "grossProfit": 9033000000,
    "grossProfitRatio": 0.3464104924,
    "researchAndDevelopmentExpenses": 0,
    "generalAndAdministrativeExpenses": 2927000000,
    "sellingAndMarketingExpenses": 0,
    "sellingGeneralAndAdministrativeExpenses": 2927000000,
    "otherExpenses": 49000000,
    "operatingExpenses": 2976000000,
    "costAndExpenses": 20019000000,
    "interestIncome": 0,
    "interestExpense": 1234000000,
    "depreciationAndAmortization": 1031000000,
    "ebitda": 7715000000,
    "ebitdaratio": 0.2958659304,
    "operatingIncome": 6057000000,
    "operatingIncomeRatio": 0.2322825587,
    "totalOtherIncomeExpensesNet": -607000000,
    "incomeBeforeTax": 5450000000,
    "incomeBeforeTaxRatio": 0.2090044485,
    "incomeTaxExpense": -5482000000,
    "netIncome": 10941000000,
    "netIncomeRatio": 0.4195812241,
    "eps": 9.03,
    "epsdiluted": 8.95,
    "weightedAverageShsOut": 1218050941,
    "weightedAverageShsOutDil": 1228938547,
    "link": "https://www.sec.gov/Archives/edgar/data/1637459/000163745918000015/0001637459-18-000015-index.htm",
    "finalLink": "https://www.sec.gov/Archives/edgar/data/1637459/000163745918000015/form10-k2017.htm"
  },
  {
    "date": "2016-12-31",
    "symbol": "KHC",
    "reportedCurrency": "USD",
    "cik": "0001637459",
    "fillingDate": "2017-02-23",
    "acceptedDate": "2017-02-23 13:32:18",
    "calendarYear": "2016",
    "period": "FY",
    "revenue": 26300000000,
    "costOfRevenue": 17154000000,
    "grossProfit": 9146000000,
    "grossProfitRatio": 0.347756654,
    "researchAndDevelopmentExpenses": 0,
    "generalAndAdministrativeExpenses": 3527000000,
    "sellingAndMarketingExpenses": 0,
    "sellingGeneralAndAdministrativeExpenses": 3527000000,
    "otherExpenses": 18000000,
    "operatingExpenses": 3545000000,
    "costAndExpenses": 20699000000,
    "interestIncome": 0,
    "interestExpense": 1134000000,
    "depreciationAndAmortization": 1337000000,
    "ebitda": 7410000000,
    "ebitdaratio": 0.2817490494,
    "operatingIncome": 5601000000,
    "operatingIncomeRatio": 0.2129657795,
    "totalOtherIncomeExpensesNet": -662000000,
    "incomeBeforeTax": 4939000000,
    "incomeBeforeTaxRatio": 0.1877946768,
    "incomeTaxExpense": 1333000000,
    "netIncome": 3596000000,
    "netIncomeRatio": 0.136730038,
    "eps": 2.84,
    "epsdiluted": 2.81,
    "weightedAverageShsOut": 1217000000,
    "weightedAverageShsOutDil": 1226000000,
    "link": "https://www.sec.gov/Archives/edgar/data/1637459/000163745917000007/0001637459-17-000007-index.htm",
    "finalLink": "https://www.sec.gov/Archives/edgar/data/1637459/000163745917000007/khc201610k.htm"
  },
  {
    "date": "2016-01-03",
    "symbol": "KHC",
    "reportedCurrency": "USD",
    "cik": "0001637459",
    "fillingDate": "2016-03-03",
    "acceptedDate": "2016-03-03 12:53:54",
    "calendarYear": "2015",
    "period": "FY",
    "revenue": 18338000000,
    "costOfRevenue": 12577000000,
    "grossProfit": 5761000000,
    "grossProfitRatio": 0.3141563966,
    "researchAndDevelopmentExpenses": 0,
    "generalAndAdministrativeExpenses": 3122000000,
    "sellingAndMarketingExpenses": 0,
    "sellingGeneralAndAdministrativeExpenses": 3122000000,
    "otherExpenses": 0,
    "operatingExpenses": 3122000000,
    "costAndExpenses": 15699000000,
    "interestIncome": 0,
    "interestExpense": 1321000000,
    "depreciationAndAmortization": 740000000,
    "ebitda": 3074000000,
    "ebitdaratio": 0.1676300578,
    "operatingIncome": 2639000000,
    "operatingIncomeRatio": 0.1439088232,
    "totalOtherIncomeExpensesNet": -1626000000,
    "incomeBeforeTax": 1013000000,
    "incomeBeforeTaxRatio": 0.0552404842,
    "incomeTaxExpense": 366000000,
    "netIncome": 634000000,
    "netIncomeRatio": 0.0345730178,
    "eps": -0.34,
    "epsdiluted": -0.34,
    "weightedAverageShsOut": 782352941,
    "weightedAverageShsOutDil": 786000000,
    "link": "https://www.sec.gov/Archives/edgar/data/1637459/000163745916000100/0001637459-16-000100-index.htm",
    "finalLink": "https://www.sec.gov/Archives/edgar/data/1637459/000163745916000100/khc10k1316.htm"
  },
  {
    "date": "2014-12-31",
    "symbol": "KHC",
    "reportedCurrency": "USD",
    "cik": "0001637459",
    "fillingDate": "2014-12-31",
    "acceptedDate": "2014-12-31 00:00:00",
    "calendarYear": "2014",
    "period": "FY",
    "revenue": 18205000000,
    "costOfRevenue": 13360000000,
    "grossProfit": 4845000000,
    "grossProfitRatio": 0.266135677,
    "researchAndDevelopmentExpenses": 0,
    "generalAndAdministrativeExpenses": 2956000000,
    "sellingAndMarketingExpenses": 0,
    "sellingGeneralAndAdministrativeExpenses": 2956000000,
    "otherExpenses": -1000000,
    "operatingExpenses": 2955000000,
    "costAndExpenses": 16315000000,
    "interestIncome": 0,
    "interestExpense": 484000000,
    "depreciationAndAmortization": 385000000,
    "ebitda": 2275000000,
    "ebitdaratio": 0.1249656688,
    "operatingIncome": 1890000000,
    "operatingIncomeRatio": 0.1038176325,
    "totalOtherIncomeExpensesNet": -484000000,
    "incomeBeforeTax": 1406000000,
    "incomeBeforeTaxRatio": 0.0772315298,
    "incomeTaxExpense": 363000000,
    "netIncome": 1043000000,
    "netIncomeRatio": 0.0572919528,
    "eps": 1.75,
    "epsdiluted": 1.74,
    "weightedAverageShsOut": 593000000,
    "weightedAverageShsOutDil": 598000000,
    "link": null,
    "finalLink": null
  },
  {
    "date": "2013-12-31",
    "symbol": "KHC",
    "reportedCurrency": "USD",
    "cik": "0001637459",
    "fillingDate": "2013-12-31",
    "acceptedDate": "2013-12-31 00:00:00",
    "calendarYear": "2013",
    "period": "FY",
    "revenue": 18218000000,
    "costOfRevenue": 11395000000,
    "grossProfit": 6823000000,
    "grossProfitRatio": 0.3745197058,
    "researchAndDevelopmentExpenses": 0,
    "generalAndAdministrativeExpenses": 2124000000,
    "sellingAndMarketingExpenses": 0,
    "sellingGeneralAndAdministrativeExpenses": 2124000000,
    "otherExpenses": 108000000,
    "operatingExpenses": 2232000000,
    "costAndExpenses": 13627000000,
    "interestIncome": 0,
    "interestExpense": 501000000,
    "depreciationAndAmortization": 393000000,
    "ebitda": 4984000000,
    "ebitdaratio": 0.2735755846,
    "operatingIncome": 4591000000,
    "operatingIncomeRatio": 0.252003513,
    "totalOtherIncomeExpensesNet": -501000000,
    "incomeBeforeTax": 4090000000,
    "incomeBeforeTaxRatio": 0.2245032386,
    "incomeTaxExpense": 1375000000,
    "netIncome": 2715000000,
    "netIncomeRatio": 0.1490284334,
    "eps": 4.55,
    "epsdiluted": 4.51,
    "weightedAverageShsOut": 594000000,
    "weightedAverageShsOutDil": 599000000,
    "link": null,
    "finalLink": null
  },
  {
    "date": "2012-12-31",
    "symbol": "KHC",
    "reportedCurrency": "USD",
    "cik": "0001637459",
    "fillingDate": "2012-12-31",
    "acceptedDate": "2012-12-31 00:00:00",
    "calendarYear": "2012",
    "period": "FY",
    "revenue": 18271000000,
    "costOfRevenue": 12499000000,
    "grossProfit": 5772000000,
    "grossProfitRatio": 0.3159104592,
    "researchAndDevelopmentExpenses": 0,
    "generalAndAdministrativeExpenses": 2961000000,
    "sellingAndMarketingExpenses": 2961000000,
    "sellingGeneralAndAdministrativeExpenses": 2961000000,
    "otherExpenses": 141000000,
    "operatingExpenses": 3102000000,
    "costAndExpenses": 15601000000,
    "interestIncome": 0,
    "interestExpense": 258000000,
    "depreciationAndAmortization": 428000000,
    "ebitda": 3139000000,
    "ebitdaratio": 0.1718023097,
    "operatingIncome": 2670000000,
    "operatingIncomeRatio": 0.1461332166,
    "totalOtherIncomeExpensesNet": -217000000,
    "incomeBeforeTax": 2453000000,
    "incomeBeforeTaxRatio": 0.134256472,
    "incomeTaxExpense": 811000000,
    "netIncome": 1642000000,
    "netIncomeRatio": 0.0898691916,
    "eps": 2.77,
    "epsdiluted": 2.75,
    "weightedAverageShsOut": 593000000,
    "weightedAverageShsOutDil": 598000000,
    "link": null,
    "finalLink": null
  },
  {
    "date": "2011-12-31",
    "symbol": "KHC",
    "reportedCurrency": "USD",
    "cik": "0001637459",
    "fillingDate": "2011-12-31",
    "acceptedDate": "2011-12-31 00:00:00",
    "calendarYear": "2011",
    "period": "FY",
    "revenue": 18576000000,
    "costOfRevenue": 12813000000,
    "grossProfit": 5763000000,
    "grossProfitRatio": 0.3102390181,
    "researchAndDevelopmentExpenses": 0,
    "generalAndAdministrativeExpenses": 2937000000,
    "sellingAndMarketingExpenses": 0,
    "sellingGeneralAndAdministrativeExpenses": 2937000000,
    "otherExpenses": -2000000,
    "operatingExpenses": 2935000000,
    "costAndExpenses": 15748000000,
    "interestIncome": 0,
    "interestExpense": 4000000,
    "depreciationAndAmortization": 364000000,
    "ebitda": 3244000000,
    "ebitdaratio": 0.1746339363,
    "operatingIncome": 2828000000,
    "operatingIncomeRatio": 0.1522394488,
    "totalOtherIncomeExpensesNet": 48000000,
    "incomeBeforeTax": 2876000000,
    "incomeBeforeTaxRatio": 0.1548234281,
    "incomeTaxExpense": 1101000000,
    "netIncome": 1775000000,
    "netIncomeRatio": 0.0955534022,
    "eps": 3,
    "epsdiluted": 3,
    "weightedAverageShsOut": 591000000,
    "weightedAverageShsOutDil": 591000000,
    "link": null,
    "finalLink": null
  },
  {
    "date": "2010-12-31",
    "symbol": "KHC",
    "reportedCurrency": "USD",
    "cik": "0001637459",
    "fillingDate": "2010-12-31",
    "acceptedDate": "2010-12-31 00:00:00",
    "calendarYear": "2010",
    "period": "FY",
    "revenue": 17797000000,
    "costOfRevenue": 11777000000,
    "grossProfit": 6020000000,
    "grossProfitRatio": 0.3382592572,
    "researchAndDevelopmentExpenses": 0,
    "generalAndAdministrativeExpenses": 3063000000,
    "sellingAndMarketingExpenses": 3063000000,
    "sellingGeneralAndAdministrativeExpenses": 3063000000,
    "otherExpenses": -8000000,
    "operatingExpenses": 3055000000,
    "costAndExpenses": 14832000000,
    "interestIncome": 0,
    "interestExpense": 3000000,
    "depreciationAndAmortization": 354000000,
    "ebitda": 3359000000,
    "ebitdaratio": 0.1887396752,
    "operatingIncome": 2965000000,
    "operatingIncomeRatio": 0.1666011125,
    "totalOtherIncomeExpensesNet": 37000000,
    "incomeBeforeTax": 3002000000,
    "incomeBeforeTaxRatio": 0.1686801146,
    "incomeTaxExpense": 1112000000,
    "netIncome": 3534000000,
    "netIncomeRatio": 0.1985727932,
    "eps": 3.2,
    "epsdiluted": 3.2,
    "weightedAverageShsOut": 591000000,
    "weightedAverageShsOutDil": 591000000,
    "link": null,
    "finalLink": null
  }
]