[
  {
    "date": "2024-12-31",
    "symbol": "KIM",
    "reportedCurrency": "USD",
    "cik": "0000879101",
    "fillingDate": "2025-02-21",
    "acceptedDate": "2025-02-21 14:01:08",
    "calendarYear": "2024",
    "period": "FY",
    "revenue": 2037014000,
    "costOfRevenue": 637653000,
    "grossProfit": 1399361000,
    "grossProfitRatio": 0.6869668053,
    "researchAndDevelopmentExpenses": 0,
    "generalAndAdministrativeExpenses": 138140000,
    "sellingAndMarketingExpenses": 0,
    "sellingGeneralAndAdministrativeExpenses": 138140000,
    "otherExpenses": 632133000,
    "operatingExpenses": 770273000,
    "costAndExpenses": 1407926000,
    "interestIncome": 0,
    "interestExpense": 307806000,
    "depreciationAndAmortization": 603685000,
    "ebitda": 1262699000,
    "ebitdaratio": 0.6198774284,
    "operatingIncome": 629088000,
    "operatingIncomeRatio": 0.3088285108,
    "totalOtherIncomeExpensesNet": -184232000,
    "incomeBeforeTax": 444856000,
    "incomeBeforeTaxRatio": 0.2183863243,
    "incomeTaxExpense": 25417000,
    "netIncome": 410785000,
    "netIncomeRatio": 0.2016603715,
    "eps": 0.55,
    "epsdiluted": 0.55,
    "weightedAverageShsOut": 671561000,
    "weightedAverageShsOutDil": 672136000,
    "link": "https://www.sec.gov/Archives/edgar/data/879101/000095017025024723/0000950170-25-024723-index.htm",
    "finalLink": "https://www.sec.gov/Archives/edgar/data/879101/000095017025024723/kim-20241231.htm"
  },
  {
    "date": "2023-12-31",
    "symbol": "KIM",
    "reportedCurrency": "USD",
    "cik": "0000879101",
    "fillingDate": "2024-02-26",
    "acceptedDate": "2024-02-23 17:56:43",
    "calendarYear": "2023",
    "period": "FY",
    "revenue": 1783400000,
    "costOfRevenue": 556718000,
    "grossProfit": 1226682000,
    "grossProfitRatio": 0.687833352,
    "researchAndDevelopmentExpenses": 0,
    "generalAndAdministrativeExpenses": 136807000,
    "sellingAndMarketingExpenses": 0,
    "sellingGeneralAndAdministrativeExpenses": 136807000,
    "otherExpenses": 451098000,
    "operatingExpenses": 587905000,
    "costAndExpenses": 1144623000,
    "interestIncome": 0,
    "interestExpense": 250201000,
    "depreciationAndAmortization": 507265000,
    "ebitda": 1401380000,
    "ebitdaratio": 0.7857911854,
    "operatingIncome": 638777000,
    "operatingIncomeRatio": 0.3581793204,
    "totalOtherIncomeExpensesNet": 88124000,
    "incomeBeforeTax": 726901000,
    "incomeBeforeTaxRatio": 0.4075928003,
    "incomeTaxExpense": 60952000,
    "netIncome": 654273000,
    "netIncomeRatio": 0.3668683414,
    "eps": 1.02,
    "epsdiluted": 1.02,
    "weightedAverageShsOut": 616947000,
    "weightedAverageShsOutDil": 618199000,
    "link": "https://www.sec.gov/Archives/edgar/data/879101/000143774924005407/0001437749-24-005407-index.htm",
    "finalLink": "https://www.sec.gov/Archives/edgar/data/879101/000143774924005407/kim20231231_10k.htm"
  },
  {
    "date": "2022-12-31",
    "symbol": "KIM",
    "reportedCurrency": "USD",
    "cik": "0000879101",
    "fillingDate": "2023-02-24",
    "acceptedDate": "2023-02-24 16:19:21",
    "calendarYear": "2022",
    "period": "FY",
    "revenue": 1727684000,
    "costOfRevenue": 530907000,
    "grossProfit": 1196777000,
    "grossProfitRatio": 0.6927059578,
    "researchAndDevelopmentExpenses": 0,
    "generalAndAdministrativeExpenses": 119534000,
    "sellingAndMarketingExpenses": 0,
    "sellingGeneralAndAdministrativeExpenses": 119534000,
    "otherExpenses": 511779000,
    "operatingExpenses": 631313000,
    "costAndExpenses": 1162220000,
    "interestIncome": 0,
    "interestExpense": 226823000,
    "depreciationAndAmortization": 505000000,
    "ebitda": 776127000,
    "ebitdaratio": 0.4492297202,
    "operatingIncome": 565464000,
    "operatingIncomeRatio": 0.3272959638,
    "totalOtherIncomeExpensesNet": -394276000,
    "incomeBeforeTax": 171188000,
    "incomeBeforeTaxRatio": 0.0990852494,
    "incomeTaxExpense": 56654000,
    "netIncome": 125976000,
    "netIncomeRatio": 0.072916112,
    "eps": 0.16,
    "epsdiluted": 0.16,
    "weightedAverageShsOut": 615528000,
    "weightedAverageShsOutDil": 617858000,
    "link": "https://www.sec.gov/Archives/edgar/data/879101/000143774923004541/0001437749-23-004541-index.htm",
    "finalLink": "https://www.sec.gov/Archives/edgar/data/879101/000143774923004541/kim20221231_10k.htm"
  },
  {
    "date": "2021-12-31",
    "symbol": "KIM",
    "reportedCurrency": "USD",
    "cik": "0000879101",
    "fillingDate": "2022-03-01",
    "acceptedDate": "2022-02-28 18:39:36",
    "calendarYear": "2021",
    "period": "FY",
    "revenue": 1364585000,
    "costOfRevenue": 417911000,
    "grossProfit": 946674000,
    "grossProfitRatio": 0.6937449847,
    "researchAndDevelopmentExpenses": 0,
    "generalAndAdministrativeExpenses": 104121000,
    "sellingAndMarketingExpenses": 0,
    "sellingGeneralAndAdministrativeExpenses": 104121000,
    "otherExpenses": 418267000,
    "operatingExpenses": 522388000,
    "costAndExpenses": 940299000,
    "interestIncome": 0,
    "interestExpense": 204133000,
    "depreciationAndAmortization": 395320000,
    "ebitda": 1344579000,
    "ebitdaratio": 0.9853391324,
    "operatingIncome": 424286000,
    "operatingIncomeRatio": 0.3109267653,
    "totalOtherIncomeExpensesNet": 428790000,
    "incomeBeforeTax": 853076000,
    "incomeBeforeTaxRatio": 0.6251541678,
    "incomeTaxExpense": 3380000,
    "netIncome": 844059000,
    "netIncomeRatio": 0.618546298,
    "eps": 1.61,
    "epsdiluted": 1.6,
    "weightedAverageShsOut": 506248000,
    "weightedAverageShsOutDil": 511385000,
    "link": "https://www.sec.gov/Archives/edgar/data/879101/000143774922004700/0001437749-22-004700-index.htm",
    "finalLink": "https://www.sec.gov/Archives/edgar/data/879101/000143774922004700/kim20211231_10k.htm"
  },
  {
    "date": "2020-12-31",
    "symbol": "KIM",
    "reportedCurrency": "USD",
    "cik": "0000879101",
    "fillingDate": "2021-02-23",
    "acceptedDate": "2021-02-23 15:39:04",
    "calendarYear": "2020",
    "period": "FY",
    "revenue": 1057893000,
    "costOfRevenue": 342969000,
    "grossProfit": 714924000,
    "grossProfitRatio": 0.6757999155,
    "researchAndDevelopmentExpenses": 3200000,
    "generalAndAdministrativeExpenses": 93217000,
    "sellingAndMarketingExpenses": 0,
    "sellingGeneralAndAdministrativeExpenses": 93217000,
    "otherExpenses": 285895000,
    "operatingExpenses": 382312000,
    "costAndExpenses": 725281000,
    "interestIncome": 0,
    "interestExpense": 186904000,
    "depreciationAndAmortization": 288955000,
    "ebitda": 1403733000,
    "ebitdaratio": 1.3269139696,
    "operatingIncome": 332612000,
    "operatingIncomeRatio": 0.3144098694,
    "totalOtherIncomeExpensesNet": 671243000,
    "incomeBeforeTax": 1003855000,
    "incomeBeforeTaxRatio": 0.9489192196,
    "incomeTaxExpense": 978000,
    "netIncome": 1000833000,
    "netIncomeRatio": 0.946062598,
    "eps": 2.26,
    "epsdiluted": 2.25,
    "weightedAverageShsOut": 429950000,
    "weightedAverageShsOutDil": 431633000,
    "link": "https://www.sec.gov/Archives/edgar/data/879101/000143774921003766/0001437749-21-003766-index.htm",
    "finalLink": "https://www.sec.gov/Archives/edgar/data/879101/000143774921003766/kim20201231_10k.htm"
  },
  {
    "date": "2019-12-31",
    "symbol": "KIM",
    "reportedCurrency": "USD",
    "cik": "0000879101",
    "fillingDate": "2020-02-25",
    "acceptedDate": "2020-02-25 16:21:29",
    "calendarYear": "2019",
    "period": "FY",
    "revenue": 1158884000,
    "costOfRevenue": 336951000,
    "grossProfit": 821933000,
    "grossProfitRatio": 0.7092452739,
    "researchAndDevelopmentExpenses": 0,
    "generalAndAdministrativeExpenses": 96942000,
    "sellingAndMarketingExpenses": 0,
    "sellingGeneralAndAdministrativeExpenses": 96942000,
    "otherExpenses": 247404000,
    "operatingExpenses": 344346000,
    "costAndExpenses": 681297000,
    "interestIncome": 0,
    "interestExpense": 177395000,
    "depreciationAndAmortization": 277879000,
    "ebitda": 767280000,
    "ebitdaratio": 0.6620852475,
    "operatingIncome": 477587000,
    "operatingIncomeRatio": 0.4121094087,
    "totalOtherIncomeExpensesNet": -67343000,
    "incomeBeforeTax": 410244000,
    "incomeBeforeTaxRatio": 0.3539991923,
    "incomeTaxExpense": -3317000,
    "netIncome": 410605000,
    "netIncomeRatio": 0.3543106989,
    "eps": 0.75,
    "epsdiluted": 0.75,
    "weightedAverageShsOut": 420370000,
    "weightedAverageShsOutDil": 421799000,
    "link": "https://www.sec.gov/Archives/edgar/data/879101/000143774920003500/0001437749-20-003500-index.htm",
    "finalLink": "https://www.sec.gov/Archives/edgar/data/879101/000143774920003500/kim20191231_10k.htm"
  },
  {
    "date": "2018-12-31",
    "symbol": "KIM",
    "reportedCurrency": "USD",
    "cik": "0000879101",
    "fillingDate": "2019-02-15",
    "acceptedDate": "2019-02-15 15:48:43",
    "calendarYear": "2018",
    "period": "FY",
    "revenue": 1164762000,
    "costOfRevenue": 328559000,
    "grossProfit": 836203000,
    "grossProfitRatio": 0.7179174801,
    "researchAndDevelopmentExpenses": 0,
    "generalAndAdministrativeExpenses": 87797000,
    "sellingAndMarketingExpenses": 0,
    "sellingGeneralAndAdministrativeExpenses": 87797000,
    "otherExpenses": 166000000,
    "operatingExpenses": 253797000,
    "costAndExpenses": 582356000,
    "interestIncome": 0,
    "interestExpense": 183339000,
    "depreciationAndAmortization": 310380000,
    "ebitda": 893065000,
    "ebitdaratio": 0.7667360371,
    "operatingIncome": 582406000,
    "operatingIncomeRatio": 0.5000214636,
    "totalOtherIncomeExpensesNet": -82343000,
    "incomeBeforeTax": 500063000,
    "incomeBeforeTaxRatio": 0.4293263345,
    "incomeTaxExpense": 1600000,
    "netIncome": 497795000,
    "netIncomeRatio": 0.4273791556,
    "eps": 1.18,
    "epsdiluted": 1.18,
    "weightedAverageShsOut": 420641000,
    "weightedAverageShsOutDil": 421379000,
    "link": "https://www.sec.gov/Archives/edgar/data/879101/000143774919002746/0001437749-19-002746-index.htm",
    "finalLink": "https://www.sec.gov/Archives/edgar/data/879101/000143774919002746/kim20181231_10k.htm"
  },
  {
    "date": "2017-12-31",
    "symbol": "KIM",
    "reportedCurrency": "USD",
    "cik": "0000879101",
    "fillingDate": "2018-02-23",
    "acceptedDate": "2018-02-23 16:28:35",
    "calendarYear": "2017",
    "period": "FY",
    "revenue": 1200834000,
    "costOfRevenue": 311128000,
    "grossProfit": 889706000,
    "grossProfitRatio": 0.7409067365,
    "researchAndDevelopmentExpenses": 0,
    "generalAndAdministrativeExpenses": 118455000,
    "sellingAndMarketingExpenses": 0,
    "sellingGeneralAndAdministrativeExpenses": 118455000,
    "otherExpenses": 340234000,
    "operatingExpenses": 431924000,
    "costAndExpenses": 769817000,
    "interestIncome": 2809000,
    "interestExpense": 191956000,
    "depreciationAndAmortization": 360811000,
    "ebitda": 792634000,
    "ebitdaratio": 0.660069585,
    "operatingIncome": 431017000,
    "operatingIncomeRatio": 0.358931376,
    "totalOtherIncomeExpensesNet": 7774000,
    "incomeBeforeTax": 438791000,
    "incomeBeforeTaxRatio": 0.36540521,
    "incomeTaxExpense": -880000,
    "netIncome": 426075000,
    "netIncomeRatio": 0.3548159029,
    "eps": 0.87,
    "epsdiluted": 0.87,
    "weightedAverageShsOut": 423614000,
    "weightedAverageShsOutDil": 424019000,
    "link": "https://www.sec.gov/Archives/edgar/data/879101/000143774918003230/0001437749-18-003230-index.htm",
    "finalLink": "https://www.sec.gov/Archives/edgar/data/879101/000143774918003230/kim20171231_10k.htm"
  },
  {
    "date": "2016-12-31",
    "symbol": "KIM",
    "reportedCurrency": "USD",
    "cik": "0000879101",
    "fillingDate": "2017-02-27",
    "acceptedDate": "2017-02-24 20:16:56",
    "calendarYear": "2016",
    "period": "FY",
    "revenue": 1170792000,
    "costOfRevenue": 298518000,
    "grossProfit": 872274000,
    "grossProfitRatio": 0.745029006,
    "researchAndDevelopmentExpenses": 0,
    "generalAndAdministrativeExpenses": 117302000,
    "sellingAndMarketingExpenses": 0,
    "sellingGeneralAndAdministrativeExpenses": 117302000,
    "otherExpenses": 361326000,
    "operatingExpenses": 448122000,
    "costAndExpenses": 777146000,
    "interestIncome": 1478000,
    "interestExpense": 192549000,
    "depreciationAndAmortization": 355320000,
    "ebitda": 708717000,
    "ebitdaratio": 0.6053312629,
    "operatingIncome": 393646000,
    "operatingIncomeRatio": 0.3362219762,
    "totalOtherIncomeExpensesNet": 71075000,
    "incomeBeforeTax": 464721000,
    "incomeBeforeTaxRatio": 0.3969287457,
    "incomeTaxExpense": 72545000,
    "netIncome": 378850000,
    "netIncomeRatio": 0.3235843771,
    "eps": 0.79,
    "epsdiluted": 0.79,
    "weightedAverageShsOut": 418402000,
    "weightedAverageShsOutDil": 419709000,
    "link": "https://www.sec.gov/Archives/edgar/data/879101/000143774917003269/0001437749-17-003269-index.htm",
    "finalLink": "https://www.sec.gov/Archives/edgar/data/879101/000143774917003269/kim20161231_10k.htm"
  },
  {
    "date": "2015-12-31",
    "symbol": "KIM",
    "reportedCurrency": "USD",
    "cik": "0000879101",
    "fillingDate": "2016-02-26",
    "acceptedDate": "2016-02-26 16:52:36",
    "calendarYear": "2015",
    "period": "FY",
    "revenue": 1166769000,
    "costOfRevenue": 304477000,
    "grossProfit": 862292000,
    "grossProfitRatio": 0.739042604,
    "researchAndDevelopmentExpenses": 0,
    "generalAndAdministrativeExpenses": 122735000,
    "sellingAndMarketingExpenses": 0,
    "sellingGeneralAndAdministrativeExpenses": 122735000,
    "otherExpenses": 395985000,
    "operatingExpenses": 518720000,
    "costAndExpenses": 823197000,
    "interestIncome": 39061000,
    "interestExpense": 218891000,
    "depreciationAndAmortization": 344527000,
    "ebitda": 732334000,
    "ebitdaratio": 0.6276598024,
    "operatingIncome": 343572000,
    "operatingIncomeRatio": 0.294464457,
    "totalOtherIncomeExpensesNet": 0,
    "incomeBeforeTax": 685401000,
    "incomeBeforeTaxRatio": 0.587435045,
    "incomeTaxExpense": 60230000,
    "netIncome": 894190000,
    "netIncomeRatio": 0.7663813488,
    "eps": 2.01,
    "epsdiluted": 2,
    "weightedAverageShsOut": 411319000,
    "weightedAverageShsOutDil": 412851000,
    "link": "https://www.sec.gov/Archives/edgar/data/879101/000143774916026173/0001437749-16-026173-index.htm",
    "finalLink": "https://www.sec.gov/Archives/edgar/data/879101/000143774916026173/kim20151231_10k.htm"
  },
  {
    "date": "2014-12-31",
    "symbol": "KIM",
    "reportedCurrency": "USD",
    "cik": "0000879101",
    "fillingDate": "2015-02-27",
    "acceptedDate": "2015-02-27 17:04:31",
    "calendarYear": "2014",
    "period": "FY",
    "revenue": 993897000,
    "costOfRevenue": 258617000,
    "grossProfit": 735280000,
    "grossProfitRatio": 0.7397949687,
    "researchAndDevelopmentExpenses": 0,
    "generalAndAdministrativeExpenses": 122201000,
    "sellingAndMarketingExpenses": 0,
    "sellingGeneralAndAdministrativeExpenses": 122201000,
    "otherExpenses": 302764000,
    "operatingExpenses": 424965000,
    "costAndExpenses": 683582000,
    "interestIncome": 966000,
    "interestExpense": 203759000,
    "depreciationAndAmortization": 273093000,
    "ebitda": 578959000,
    "ebitdaratio": 0.5825140835,
    "operatingIncome": 310315000,
    "operatingIncomeRatio": 0.3122204816,
    "totalOtherIncomeExpensesNet": 0,
    "incomeBeforeTax": 299709000,
    "incomeBeforeTaxRatio": 0.3015493557,
    "incomeTaxExpense": 22438000,
    "netIncome": 424001000,
    "netIncomeRatio": 0.4266045677,
    "eps": 0.89,
    "epsdiluted": 0.89,
    "weightedAverageShsOut": 409088000,
    "weightedAverageShsOutDil": 411038000,
    "link": "https://www.sec.gov/Archives/edgar/data/879101/000139843215000073/0001398432-15-000073-index.htm",
    "finalLink": "https://www.sec.gov/Archives/edgar/data/879101/000139843215000073/kim20141231_10k.htm"
  },
  {
    "date": "2013-12-31",
    "symbol": "KIM",
    "reportedCurrency": "USD",
    "cik": "0000879101",
    "fillingDate": "2014-02-26",
    "acceptedDate": "2014-02-26 16:23:59",
    "calendarYear": "2013",
    "period": "FY",
    "revenue": 946673000,
    "costOfRevenue": 246061000,
    "grossProfit": 700612000,
    "grossProfitRatio": 0.7400781474,
    "researchAndDevelopmentExpenses": 0,
    "generalAndAdministrativeExpenses": 127913000,
    "sellingAndMarketingExpenses": 0,
    "sellingGeneralAndAdministrativeExpenses": 127913000,
    "otherExpenses": 263093000,
    "operatingExpenses": 390563000,
    "costAndExpenses": 612061000,
    "interestIncome": 16847000,
    "interestExpense": 213911000,
    "depreciationAndAmortization": 257855000,
    "ebitda": 529667000,
    "ebitdaratio": 0.5595036512,
    "operatingIncome": 249466000,
    "operatingIncomeRatio": 0.2635186596,
    "totalOtherIncomeExpensesNet": 73074000,
    "incomeBeforeTax": 322540000,
    "incomeBeforeTaxRatio": 0.3407089882,
    "incomeTaxExpense": 34520000,
    "netIncome": 236281000,
    "netIncomeRatio": 0.2495909358,
    "eps": 0.43,
    "epsdiluted": 0.43,
    "weightedAverageShsOut": 407631000,
    "weightedAverageShsOutDil": 408614000,
    "link": "https://www.sec.gov/Archives/edgar/data/879101/000139843214000081/0001398432-14-000081-index.htm",
    "finalLink": "https://www.sec.gov/Archives/edgar/data/879101/000139843214000081/kim20131231_10k.htm"
  },
  {
    "date": "2012-12-31",
    "symbol": "KIM",
    "reportedCurrency": "USD",
    "cik": "0000879101",
    "fillingDate": "2013-02-27",
    "acceptedDate": "2013-02-27 14:21:58",
    "calendarYear": "2012",
    "period": "FY",
    "revenue": 922304000,
    "costOfRevenue": 246830000,
    "grossProfit": 675474000,
    "grossProfitRatio": 0.7323767435,
    "researchAndDevelopmentExpenses": 0,
    "generalAndAdministrativeExpenses": 124480000,
    "sellingAndMarketingExpenses": 0,
    "sellingGeneralAndAdministrativeExpenses": 124480000,
    "otherExpenses": 229959000,
    "operatingExpenses": 353483000,
    "costAndExpenses": 560457000,
    "interestIncome": 2022000,
    "interestExpense": 227595000,
    "depreciationAndAmortization": 262742000,
    "ebitda": 498235000,
    "ebitdaratio": 0.5402069166,
    "operatingIncome": 297093000,
    "operatingIncomeRatio": 0.3221204722,
    "totalOtherIncomeExpensesNet": 0,
    "incomeBeforeTax": 197904000,
    "incomeBeforeTaxRatio": 0.2145756714,
    "incomeTaxExpense": 3939000,
    "netIncome": 266073000,
    "netIncomeRatio": 0.28848731,
    "eps": 0.42,
    "epsdiluted": 0.42,
    "weightedAverageShsOut": 405997000,
    "weightedAverageShsOutDil": 406689000,
    "link": "https://www.sec.gov/Archives/edgar/data/879101/000139843213000115/0001398432-13-000115-index.htm",
    "finalLink": "https://www.sec.gov/Archives/edgar/data/879101/000139843213000115/kimco_10k-123112.htm"
  },
  {
    "date": "2011-12-31",
    "symbol": "KIM",
    "reportedCurrency": "USD",
    "cik": "0000879101",
    "fillingDate": "2012-02-27",
    "acceptedDate": "2012-02-27 16:59:45",
    "calendarYear": "2011",
    "period": "FY",
    "revenue": 916288000,
    "costOfRevenue": 256022000,
    "grossProfit": 660266000,
    "grossProfitRatio": 0.7205878501,
    "researchAndDevelopmentExpenses": 0,
    "generalAndAdministrativeExpenses": 118937000,
    "sellingAndMarketingExpenses": 0,
    "sellingGeneralAndAdministrativeExpenses": 118937000,
    "otherExpenses": 237302000,
    "operatingExpenses": 355861000,
    "costAndExpenses": 576697000,
    "interestIncome": 15796000,
    "interestExpense": 225035000,
    "depreciationAndAmortization": 251139000,
    "ebitda": 524173000,
    "ebitdaratio": 0.5720614043,
    "operatingIncome": 298207000,
    "operatingIncomeRatio": 0.3254511682,
    "totalOtherIncomeExpensesNet": 0,
    "incomeBeforeTax": 196290000,
    "incomeBeforeTaxRatio": 0.214223039,
    "incomeTaxExpense": 19537000,
    "netIncome": 169051000,
    "netIncomeRatio": 0.1844954861,
    "eps": 0.27,
    "epsdiluted": 0.27,
    "weightedAverageShsOut": 406530000,
    "weightedAverageShsOutDil": 407669000,
    "link": "https://www.sec.gov/Archives/edgar/data/879101/000139843212000184/0001398432-12-000184-index.htm",
    "finalLink": "https://www.sec.gov/Archives/edgar/data/879101/000139843212000184/i11664.htm"
  },
  {
    "date": "2010-12-31",
    "symbol": "KIM",
    "reportedCurrency": "USD",
    "cik": "0000879101",
    "fillingDate": "2011-02-28",
    "acceptedDate": "2011-02-28 15:35:01",
    "calendarYear": "2010",
    "period": "FY",
    "revenue": 849549000,
    "costOfRevenue": 252948000,
    "grossProfit": 596601000,
    "grossProfitRatio": 0.7022561383,
    "researchAndDevelopmentExpenses": 0,
    "generalAndAdministrativeExpenses": 109201000,
    "sellingAndMarketingExpenses": 0,
    "sellingGeneralAndAdministrativeExpenses": 109201000,
    "otherExpenses": 260508000,
    "operatingExpenses": 369542000,
    "costAndExpenses": 596966000,
    "interestIncome": 21229000,
    "interestExpense": 226388000,
    "depreciationAndAmortization": 247637000,
    "ebitda": 498574000,
    "ebitdaratio": 0.5868690329,
    "operatingIncome": 229840000,
    "operatingIncomeRatio": 0.2705435472,
    "totalOtherIncomeExpensesNet": 0,
    "incomeBeforeTax": 145303000,
    "incomeBeforeTaxRatio": 0.1710354553,
    "incomeTaxExpense": 3415000,
    "netIncome": 142925000,
    "netIncomeRatio": 0.168236323,
    "eps": 0.22,
    "epsdiluted": 0.22,
    "weightedAverageShsOut": 405827000,
    "weightedAverageShsOutDil": 406201000,
    "link": "https://www.sec.gov/Archives/edgar/data/879101/000139843211000206/0001398432-11-000206-index.htm",
    "finalLink": "https://www.sec.gov/Archives/edgar/data/879101/000139843211000206/i11038.htm"
  },
  {
    "date": "2009-12-31",
    "symbol": "KIM",
    "reportedCurrency": "USD",
    "cik": "0000879101",
    "fillingDate": "2010-03-01",
    "acceptedDate": "2010-03-01 12:17:27",
    "calendarYear": "2009",
    "period": "FY",
    "revenue": 844329000,
    "costOfRevenue": 236543000,
    "grossProfit": 607786000,
    "grossProfitRatio": 0.7198449893,
    "researchAndDevelopmentExpenses": 0,
    "generalAndAdministrativeExpenses": 110091000,
    "sellingAndMarketingExpenses": 0,
    "sellingGeneralAndAdministrativeExpenses": 110091000,
    "otherExpenses": 263308000,
    "operatingExpenses": 371351000,
    "costAndExpenses": 604175000,
    "interestIncome": 33098000,
    "interestExpense": 209879000,
    "depreciationAndAmortization": 227776000,
    "ebitda": 409951000,
    "ebitdaratio": 0.4855346672,
    "operatingIncome": 255010000,
    "operatingIncomeRatio": 0.3020268166,
    "totalOtherIncomeExpensesNet": 0,
    "incomeBeforeTax": -34536000,
    "incomeBeforeTaxRatio": -0.0409034867,
    "incomeTaxExpense": -36622000,
    "netIncome": -3942000,
    "netIncomeRatio": -0.0046687962,
    "eps": -0.0113,
    "epsdiluted": -0.0113,
    "weightedAverageShsOut": 350077000,
    "weightedAverageShsOutDil": 350077000,
    "link": "https://www.sec.gov/Archives/edgar/data/879101/000139843210000145/0001398432-10-000145-index.htm",
    "finalLink": "https://www.sec.gov/Archives/edgar/data/879101/000139843210000145/i10784.htm"
  },
  {
    "date": "2008-12-31",
    "symbol": "KIM",
    "reportedCurrency": "USD",
    "cik": "0000879101",
    "fillingDate": "2009-02-27",
    "acceptedDate": "2009-02-27 17:10:33",
    "calendarYear": "2008",
    "period": "FY",
    "revenue": 758704000,
    "costOfRevenue": 216070000,
    "grossProfit": 542634000,
    "grossProfitRatio": 0.7152117295,
    "researchAndDevelopmentExpenses": 0,
    "generalAndAdministrativeExpenses": 117879000,
    "sellingAndMarketingExpenses": 0,
    "sellingGeneralAndAdministrativeExpenses": 117879000,
    "otherExpenses": 206002000,
    "operatingExpenses": 322189000,
    "costAndExpenses": 538259000,
    "interestIncome": 56119000,
    "interestExpense": 212591000,
    "depreciationAndAmortization": 206518000,
    "ebitda": 522552000,
    "ebitdaratio": 0.688742909,
    "operatingIncome": 268111000,
    "operatingIncomeRatio": 0.3533802379,
    "totalOtherIncomeExpensesNet": -8139000,
    "incomeBeforeTax": 259972000,
    "incomeBeforeTaxRatio": 0.3426527341,
    "incomeTaxExpense": 3542000,
    "netIncome": 249902000,
    "netIncomeRatio": 0.3293801008,
    "eps": 0.79,
    "epsdiluted": 0.78,
    "weightedAverageShsOut": 257811000,
    "weightedAverageShsOutDil": 258843000,
    "link": "https://www.sec.gov/Archives/edgar/data/879101/000139843209000090/0001398432-09-000090-index.htm",
    "finalLink": "https://www.sec.gov/Archives/edgar/data/879101/000139843209000090/i10418.htm"
  },
  {
    "date": "2007-12-31",
    "symbol": "KIM",
    "reportedCurrency": "USD",
    "cik": "0000879101",
    "fillingDate": "2008-02-28",
    "acceptedDate": "2008-02-28 17:17:11",
    "calendarYear": "2007",
    "period": "FY",
    "revenue": 681553000,
    "costOfRevenue": 0,
    "grossProfit": 681553000,
    "grossProfitRatio": 1,
    "researchAndDevelopmentExpenses": 0,
    "generalAndAdministrativeExpenses": 103882000,
    "sellingAndMarketingExpenses": 0,
    "sellingGeneralAndAdministrativeExpenses": 103882000,
    "otherExpenses": 184609000,
    "operatingExpenses": 288491000,
    "costAndExpenses": 472228000,
    "interestIncome": 0,
    "interestExpense": 213086000,
    "depreciationAndAmortization": 191270000,
    "ebitda": 484851000,
    "ebitdaratio": 0.7113914839,
    "operatingIncome": 202306000,
    "operatingIncomeRatio": 0.2968309141,
    "totalOtherIncomeExpensesNet": 0,
    "incomeBeforeTax": 251397000,
    "incomeBeforeTaxRatio": 0.3688590616,
    "incomeTaxExpense": -44490000,
    "netIncome": 442830000,
    "netIncomeRatio": 0.6497367043,
    "eps": 1.68,
    "epsdiluted": 1.65,
    "weightedAverageShsOut": 252129000,
    "weightedAverageShsOutDil": 257058000,
    "link": "https://www.sec.gov/Archives/edgar/data/879101/000139843208000075/0001398432-08-000075-index.htm",
    "finalLink": "https://www.sec.gov/Archives/edgar/data/879101/000139843208000075/kimco_10k.htm"
  },
  {
    "date": "2006-12-31",
    "symbol": "KIM",
    "reportedCurrency": "USD",
    "cik": "0000879101",
    "fillingDate": "2007-02-28",
    "acceptedDate": "2007-02-28 16:19:10",
    "calendarYear": "2006",
    "period": "FY",
    "revenue": 593880000,
    "costOfRevenue": 0,
    "grossProfit": 593880000,
    "grossProfitRatio": 1,
    "researchAndDevelopmentExpenses": 0,
    "generalAndAdministrativeExpenses": 77683000,
    "sellingAndMarketingExpenses": 0,
    "sellingGeneralAndAdministrativeExpenses": 77683000,
    "otherExpenses": 298102000,
    "operatingExpenses": 375426000,
    "costAndExpenses": 375426000,
    "interestIncome": 0,
    "interestExpense": 0,
    "depreciationAndAmortization": 144767000,
    "ebitda": 356888000,
    "ebitdaratio": 0.6009429514,
    "operatingIncome": 212121000,
    "operatingIncomeRatio": 0.3571782178,
    "totalOtherIncomeExpensesNet": 0,
    "incomeBeforeTax": 271129000,
    "incomeBeforeTaxRatio": 0.4565383579,
    "incomeTaxExpense": -4387000,
    "netIncome": 428259000,
    "netIncomeRatio": 0.7211204284,
    "eps": 1.74,
    "epsdiluted": 1.7,
    "weightedAverageShsOut": 239552000,
    "weightedAverageShsOutDil": 244615000,
    "link": "https://www.sec.gov/Archives/edgar/data/879101/000095012307002925/0000950123-07-002925-index.htm",
    "finalLink": "https://www.sec.gov/Archives/edgar/data/879101/000095012307002925/y30877e10vk.htm"
  },
  {
    "date": "2005-12-31",
    "symbol": "KIM",
    "reportedCurrency": "USD",
    "cik": "0000879101",
    "fillingDate": "2006-03-07",
    "acceptedDate": "2006-03-07 15:26:56",
    "calendarYear": "2005",
    "period": "FY",
    "revenue": 522545000,
    "costOfRevenue": 0,
    "grossProfit": 522545000,
    "grossProfitRatio": 1,
    "researchAndDevelopmentExpenses": 0,
    "generalAndAdministrativeExpenses": 56803000,
    "sellingAndMarketingExpenses": 0,
    "sellingGeneralAndAdministrativeExpenses": 56803000,
    "otherExpenses": 232763000,
    "operatingExpenses": 289238000,
    "costAndExpenses": 289238000,
    "interestIncome": 0,
    "interestExpense": 0,
    "depreciationAndAmortization": 108042000,
    "ebitda": 320373000,
    "ebitdaratio": 0.613101264,
    "operatingIncome": 173122000,
    "operatingIncomeRatio": 0.3313054378,
    "totalOtherIncomeExpensesNet": 82854000,
    "incomeBeforeTax": 255976000,
    "incomeBeforeTaxRatio": 0.4898640308,
    "incomeTaxExpense": -430000,
    "netIncome": 363628000,
    "netIncomeRatio": 0.6958788238,
    "eps": 1.55,
    "epsdiluted": 1.52,
    "weightedAverageShsOut": 226641000,
    "weightedAverageShsOutDil": 230868000,
    "link": "https://www.sec.gov/Archives/edgar/data/879101/000112528206001456/0001125282-06-001456-index.htm",
    "finalLink": "https://www.sec.gov/Archives/edgar/data/879101/000112528206001456/b412114_10k.htm"
  },
  {
    "date": "2004-12-31",
    "symbol": "KIM",
    "reportedCurrency": "USD",
    "cik": "0000879101",
    "fillingDate": "2005-03-07",
    "acceptedDate": "2005-03-07 15:28:38",
    "calendarYear": "2004",
    "period": "FY",
    "revenue": 516967000,
    "costOfRevenue": 0,
    "grossProfit": 516967000,
    "grossProfitRatio": 1,
    "researchAndDevelopmentExpenses": 0,
    "generalAndAdministrativeExpenses": 44611000,
    "sellingAndMarketingExpenses": 0,
    "sellingGeneralAndAdministrativeExpenses": 44611000,
    "otherExpenses": 231834000,
    "operatingExpenses": 275358000,
    "costAndExpenses": 275358000,
    "interestIncome": 0,
    "interestExpense": 0,
    "depreciationAndAmortization": 102872000,
    "ebitda": 888881000,
    "ebitdaratio": 1.7194153592,
    "operatingIncome": 307918000,
    "operatingIncomeRatio": 0.5956240921,
    "totalOtherIncomeExpensesNet": -81521000,
    "incomeBeforeTax": 226397000,
    "incomeBeforeTaxRatio": 0.4379331756,
    "incomeTaxExpense": -3919000,
    "netIncome": 297137000,
    "netIncomeRatio": 0.5747697629,
    "eps": 1.17,
    "epsdiluted": 1.15,
    "weightedAverageShsOut": 222859000,
    "weightedAverageShsOutDil": 227143000,
    "link": "https://www.sec.gov/Archives/edgar/data/879101/000112528205001161/0001125282-05-001161-index.htm",
    "finalLink": "https://www.sec.gov/Archives/edgar/data/879101/000112528205001161/b405066_10k.htm"
  },
  {
    "date": "2003-12-31",
    "symbol": "KIM",
    "reportedCurrency": "USD",
    "cik": "0000879101",
    "fillingDate": "2004-03-10",
    "acceptedDate": "2004-03-10 16:36:01",
    "calendarYear": "2003",
    "period": "FY",
    "revenue": 479664000,
    "costOfRevenue": 0,
    "grossProfit": 479664000,
    "grossProfitRatio": 1,
    "researchAndDevelopmentExpenses": 0,
    "generalAndAdministrativeExpenses": 38657000,
    "sellingAndMarketingExpenses": 0,
    "sellingGeneralAndAdministrativeExpenses": 38657000,
    "otherExpenses": 213280000,
    "operatingExpenses": 251766000,
    "costAndExpenses": 251766000,
    "interestIncome": 0,
    "interestExpense": 0,
    "depreciationAndAmortization": 89068000,
    "ebitda": 826994000,
    "ebitdaratio": 1.7241110444,
    "operatingIncome": 353169000,
    "operatingIncomeRatio": 0.7362841489,
    "totalOtherIncomeExpensesNet": -117458000,
    "incomeBeforeTax": 235711000,
    "incomeBeforeTaxRatio": 0.4914085693,
    "incomeTaxExpense": -1516000,
    "netIncome": 307879000,
    "netIncomeRatio": 0.6418638881,
    "eps": 0.99,
    "epsdiluted": 0.97,
    "weightedAverageShsOut": 214184000,
    "weightedAverageShsOutDil": 217540000,
    "link": "https://www.sec.gov/Archives/edgar/data/879101/000112528204000976/0001125282-04-000976-index.htm",
    "finalLink": "https://www.sec.gov/Archives/edgar/data/879101/000112528204000976/b330628_10k.txt"
  },
  {
    "date": "2002-12-31",
    "symbol": "KIM",
    "reportedCurrency": "USD",
    "cik": "0000879101",
    "fillingDate": "2003-03-27",
    "acceptedDate": "2003-03-27 16:00:13",
    "calendarYear": "2002",
    "period": "FY",
    "revenue": 450829000,
    "costOfRevenue": 0,
    "grossProfit": 450829000,
    "grossProfitRatio": 1,
    "researchAndDevelopmentExpenses": 0,
    "generalAndAdministrativeExpenses": 31904000,
    "sellingAndMarketingExpenses": 0,
    "sellingGeneralAndAdministrativeExpenses": 31904000,
    "otherExpenses": 15541000,
    "operatingExpenses": 47043000,
    "costAndExpenses": 47043000,
    "interestIncome": 0,
    "interestExpense": 0,
    "depreciationAndAmortization": 76674000,
    "ebitda": 605493000,
    "ebitdaratio": 1.3430657744,
    "operatingIncome": 352682000,
    "operatingIncomeRatio": 0.7822966136,
    "totalOtherIncomeExpensesNet": -104616000,
    "incomeBeforeTax": 248066000,
    "incomeBeforeTaxRatio": 0.5502441059,
    "incomeTaxExpense": 12904000,
    "netIncome": 245668000,
    "netIncomeRatio": 0.5449250159,
    "eps": 0.99,
    "epsdiluted": 0.98,
    "weightedAverageShsOut": 229526263,
    "weightedAverageShsOutDil": 231868367,
    "link": "https://www.sec.gov/Archives/edgar/data/879101/000112528203002483/0001125282-03-002483-index.htm",
    "finalLink": "https://www.sec.gov/Archives/edgar/data/879101/000112528203002483/b323865_10k.txt"
  },
  {
    "date": "2001-12-31",
    "symbol": "KIM",
    "reportedCurrency": "USD",
    "cik": "0000879101",
    "fillingDate": "2002-03-22",
    "acceptedDate": "2002-03-22 00:00:00",
    "calendarYear": "2001",
    "period": "FY",
    "revenue": 468616000,
    "costOfRevenue": 0,
    "grossProfit": 468616000,
    "grossProfitRatio": 1,
    "researchAndDevelopmentExpenses": 0,
    "generalAndAdministrativeExpenses": 28980000,
    "sellingAndMarketingExpenses": 0,
    "sellingGeneralAndAdministrativeExpenses": 28980000,
    "otherExpenses": 110083000,
    "operatingExpenses": 139063000,
    "costAndExpenses": 139063000,
    "interestIncome": 0,
    "interestExpense": 0,
    "depreciationAndAmortization": 74209000,
    "ebitda": 616127000,
    "ebitdaratio": 1.3147801185,
    "operatingIncome": 276001000,
    "operatingIncomeRatio": 0.5889705004,
    "totalOtherIncomeExpensesNet": -45750000,
    "incomeBeforeTax": 230251000,
    "incomeBeforeTaxRatio": 0.4913425918,
    "incomeTaxExpense": 19376000,
    "netIncome": 236538000,
    "netIncomeRatio": 0.5047586937,
    "eps": 0.97,
    "epsdiluted": 0.95,
    "weightedAverageShsOut": 218541237,
    "weightedAverageShsOutDil": 223142105,
    "link": "https://www.sec.gov/Archives/edgar/data/879101/000112528202000906/0001125282-02-000906-index.htm",
    "finalLink": "https://www.sec.gov/Archives/edgar/data/879101/000112528202000906/b317285_10k405.txt"
  },
  {
    "date": "2000-12-31",
    "symbol": "KIM",
    "reportedCurrency": "USD",
    "cik": "0000879101",
    "fillingDate": "2001-03-16",
    "acceptedDate": "2001-03-16 00:00:00",
    "calendarYear": "2000",
    "period": "FY",
    "revenue": 459407000,
    "costOfRevenue": 0,
    "grossProfit": 459407000,
    "grossProfitRatio": 1,
    "researchAndDevelopmentExpenses": 0,
    "generalAndAdministrativeExpenses": 25691000,
    "sellingAndMarketingExpenses": 0,
    "sellingGeneralAndAdministrativeExpenses": 25691000,
    "otherExpenses": 113199000,
    "operatingExpenses": 138890000,
    "costAndExpenses": 138890000,
    "interestIncome": 0,
    "interestExpense": 0,
    "depreciationAndAmortization": 64975000,
    "ebitda": 415201000,
    "ebitdaratio": 0.9037759547,
    "operatingIncome": 276311000,
    "operatingIncomeRatio": 0.6014514363,
    "totalOtherIncomeExpensesNet": -276311000,
    "incomeBeforeTax": 0,
    "incomeBeforeTaxRatio": 0,
    "incomeTaxExpense": 71286000,
    "netIncome": 205025000,
    "netIncomeRatio": 0.4462818372,
    "eps": 0.85,
    "epsdiluted": 0.84,
    "weightedAverageShsOut": 184218224,
    "weightedAverageShsOutDil": 185956132,
    "link": "https://www.sec.gov/Archives/edgar/data/879101/000112528201000957/0001125282-01-000957-index.htm",
    "finalLink": "https://www.sec.gov/Archives/edgar/data/879101/000112528201000957/0001125282-01-000957-0001.txt"
  },
  {
    "date": "1999-12-31",
    "symbol": "KIM",
    "reportedCurrency": "USD",
    "cik": "0000879101",
    "fillingDate": "2000-03-28",
    "acceptedDate": "2000-03-28 00:00:00",
    "calendarYear": "1999",
    "period": "FY",
    "revenue": 433880000,
    "costOfRevenue": 0,
    "grossProfit": 433880000,
    "grossProfitRatio": 1,
    "researchAndDevelopmentExpenses": 0,
    "generalAndAdministrativeExpenses": 23833000,
    "sellingAndMarketingExpenses": 0,
    "sellingGeneralAndAdministrativeExpenses": 23833000,
    "otherExpenses": 122802000,
    "operatingExpenses": 146602000,
    "costAndExpenses": 146602000,
    "interestIncome": 0,
    "interestExpense": 0,
    "depreciationAndAmortization": 67400000,
    "ebitda": 585217000,
    "ebitdaratio": 1.3487992072,
    "operatingIncome": 254650000,
    "operatingIncomeRatio": 0.5869134323,
    "totalOtherIncomeExpensesNet": -254650000,
    "incomeBeforeTax": 0,
    "incomeBeforeTaxRatio": 0,
    "incomeTaxExpense": 77872000,
    "netIncome": 176800000,
    "netIncomeRatio": 0.4074859408,
    "eps": 0.74,
    "epsdiluted": 0.74,
    "weightedAverageShsOut": 182101950,
    "weightedAverageShsOutDil": 182101950,
    "link": "https://www.sec.gov/Archives/edgar/data/879101/000088981200001375/0000889812-00-001375-index.html",
    "finalLink": "https://www.sec.gov/Archives/edgar/data/879101/000088981200001375/"
  },
  {
    "date": "1998-12-31",
    "symbol": "KIM",
    "reportedCurrency": "USD",
    "cik": "0000879101",
    "fillingDate": "1999-03-30",
    "acceptedDate": "1999-03-30 00:00:00",
    "calendarYear": "1998",
    "period": "FY",
    "revenue": 338797629,
    "costOfRevenue": 0,
    "grossProfit": 338797629,
    "grossProfitRatio": 1,
    "researchAndDevelopmentExpenses": 0,
    "generalAndAdministrativeExpenses": 18582817,
    "sellingAndMarketingExpenses": 0,
    "sellingGeneralAndAdministrativeExpenses": 18582817,
    "otherExpenses": 114888713,
    "operatingExpenses": 133488713,
    "costAndExpenses": 133488713,
    "interestIncome": 0,
    "interestExpense": 0,
    "depreciationAndAmortization": 51300000,
    "ebitda": 473435000,
    "ebitdaratio": 1.3973976187,
    "operatingIncome": 196163287,
    "operatingIncomeRatio": 0.5789984056,
    "totalOtherIncomeExpensesNet": -196163287,
    "incomeBeforeTax": 0,
    "incomeBeforeTaxRatio": 0,
    "incomeTaxExpense": 73897317,
    "netIncome": 122266000,
    "netIncomeRatio": 0.3608821005,
    "eps": 0.66,
    "epsdiluted": 0.66,
    "weightedAverageShsOut": 222606061,
    "weightedAverageShsOutDil": 224305344,
    "link": "https://www.sec.gov/Archives/edgar/data/879101/000088981299001002/0000889812-99-001002-index.html",
    "finalLink": "https://www.sec.gov/Archives/edgar/data/879101/"
  },
  {
    "date": "1997-12-31",
    "symbol": "KIM",
    "reportedCurrency": "USD",
    "cik": "0000879101",
    "fillingDate": "1998-04-29",
    "acceptedDate": "1998-04-29 00:00:00",
    "calendarYear": "1997",
    "period": "FY",
    "revenue": 198929403,
    "costOfRevenue": 0,
    "grossProfit": 198929403,
    "grossProfitRatio": 1,
    "researchAndDevelopmentExpenses": 0,
    "generalAndAdministrativeExpenses": 11651341,
    "sellingAndMarketingExpenses": 0,
    "sellingGeneralAndAdministrativeExpenses": 11651341,
    "otherExpenses": 85985483,
    "operatingExpenses": 97636824,
    "costAndExpenses": 97636824,
    "interestIncome": 0,
    "interestExpense": 0,
    "depreciationAndAmortization": 30052714,
    "ebitda": 308300000,
    "ebitdaratio": 1.5497960349,
    "operatingIncome": 115463176,
    "operatingIncomeRatio": 0.5804228749,
    "totalOtherIncomeExpensesNet": -115463176,
    "incomeBeforeTax": 0,
    "incomeBeforeTaxRatio": 0,
    "incomeTaxExpense": 29626731,
    "netIncome": 85700000,
    "netIncomeRatio": 0.4308060986,
    "eps": 0.6,
    "epsdiluted": 0.59,
    "weightedAverageShsOut": 142761952,
    "weightedAverageShsOutDil": 144366019,
    "link": "https://www.sec.gov/Archives/edgar/data/879101/000088981298001080/0000889812-98-001080-index.html",
    "finalLink": "https://www.sec.gov/Archives/edgar/data/879101/"
  },
  {
    "date": "1996-12-31",
    "symbol": "KIM",
    "reportedCurrency": "USD",
    "cik": "0000879101",
    "fillingDate": "1997-03-19",
    "acceptedDate": "1997-03-19 00:00:00",
    "calendarYear": "1996",
    "period": "FY",
    "revenue": 168144419,
    "costOfRevenue": 0,
    "grossProfit": 168144419,
    "grossProfitRatio": 1,
    "researchAndDevelopmentExpenses": 0,
    "generalAndAdministrativeExpenses": 10333924,
    "sellingAndMarketingExpenses": 0,
    "sellingGeneralAndAdministrativeExpenses": 10333924,
    "otherExpenses": 73014981,
    "operatingExpenses": 83314981,
    "costAndExpenses": 83314981,
    "interestIncome": 0,
    "interestExpense": 0,
    "depreciationAndAmortization": 27100000,
    "ebitda": 278600000,
    "ebitdaratio": 1.6569089932,
    "operatingIncome": 98185019,
    "operatingIncomeRatio": 0.5839326668,
    "totalOtherIncomeExpensesNet": -98185019,
    "incomeBeforeTax": 0,
    "incomeBeforeTaxRatio": 0,
    "incomeTaxExpense": 24358126,
    "netIncome": 73800000,
    "netIncomeRatio": 0.4389084124,
    "eps": 0.54,
    "epsdiluted": 0.54,
    "weightedAverageShsOut": 107461797,
    "weightedAverageShsOutDil": 107461797,
    "link": "https://www.sec.gov/Archives/edgar/data/879101/000088981297000724/0000889812-97-000724-index.html",
    "finalLink": "https://www.sec.gov/Archives/edgar/data/879101/"
  },
  {
    "date": "1995-12-31",
    "symbol": "KIM",
    "reportedCurrency": "USD",
    "cik": "0000879101",
    "fillingDate": "1995-12-31",
    "acceptedDate": "1995-12-31 00:00:00",
    "calendarYear": "1995",
    "period": "FY",
    "revenue": 149800000,
    "costOfRevenue": 0,
    "grossProfit": 149800000,
    "grossProfitRatio": 1,
    "researchAndDevelopmentExpenses": 0,
    "generalAndAdministrativeExpenses": 8800000,
    "sellingAndMarketingExpenses": 0,
    "sellingGeneralAndAdministrativeExpenses": 8800000,
    "otherExpenses": -72100000,
    "operatingExpenses": -63300000,
    "costAndExpenses": -63300000,
    "interestIncome": 0,
    "interestExpense": 0,
    "depreciationAndAmortization": 26200000,
    "ebitda": 239300000,
    "ebitdaratio": 1.5974632844,
    "operatingIncome": 213100000,
    "operatingIncomeRatio": 1.4225634179,
    "totalOtherIncomeExpensesNet": -213100000,
    "incomeBeforeTax": 0,
    "incomeBeforeTaxRatio": 0,
    "incomeTaxExpense": 161200000,
    "netIncome": 51900000,
    "netIncomeRatio": 0.3464619493,
    "eps": 0.44,
    "epsdiluted": 0.44,
    "weightedAverageShsOut": 101142428,
    "weightedAverageShsOutDil": 101142428,
    "link": null,
    "finalLink": null
  },
  {
    "date": "1994-12-31",
    "symbol": "KIM",
    "reportedCurrency": "USD",
    "cik": "0000879101",
    "fillingDate": "1994-12-31",
    "acceptedDate": "1994-12-31 00:00:00",
    "calendarYear": "1994",
    "period": "FY",
    "revenue": 130300000,
    "costOfRevenue": 0,
    "grossProfit": 130300000,
    "grossProfitRatio": 1,
    "researchAndDevelopmentExpenses": 0,
    "generalAndAdministrativeExpenses": 8500000,
    "sellingAndMarketingExpenses": 0,
    "sellingGeneralAndAdministrativeExpenses": 8500000,
    "otherExpenses": -89000000,
    "operatingExpenses": -80500000,
    "costAndExpenses": -80500000,
    "interestIncome": 0,
    "interestExpense": 0,
    "depreciationAndAmortization": 23400000,
    "ebitda": 234200000,
    "ebitdaratio": 1.797390637,
    "operatingIncome": 210800000,
    "operatingIncomeRatio": 1.6178050652,
    "totalOtherIncomeExpensesNet": 0,
    "incomeBeforeTax": 0,
    "incomeBeforeTaxRatio": 0,
    "incomeTaxExpense": 170500000,
    "netIncome": 40300000,
    "netIncomeRatio": 0.3092862625,
    "eps": 0.38,
    "epsdiluted": 0.38,
    "weightedAverageShsOut": 105999632,
    "weightedAverageShsOutDil": 105999632,
    "link": null,
    "finalLink": null
  },
  {
    "date": "1993-12-31",
    "symbol": "KIM",
    "reportedCurrency": "USD",
    "cik": "0000879101",
    "fillingDate": "1993-12-31",
    "acceptedDate": "1993-12-31 00:00:00",
    "calendarYear": "1993",
    "period": "FY",
    "revenue": 106800000,
    "costOfRevenue": 0,
    "grossProfit": 106800000,
    "grossProfitRatio": 1,
    "researchAndDevelopmentExpenses": 0,
    "generalAndAdministrativeExpenses": 7900000,
    "sellingAndMarketingExpenses": 0,
    "sellingGeneralAndAdministrativeExpenses": 7900000,
    "otherExpenses": -71300000,
    "operatingExpenses": -63400000,
    "costAndExpenses": -63400000,
    "interestIncome": 0,
    "interestExpense": 0,
    "depreciationAndAmortization": 19900000,
    "ebitda": 190100000,
    "ebitdaratio": 1.7799625468,
    "operatingIncome": 170200000,
    "operatingIncomeRatio": 1.5936329588,
    "totalOtherIncomeExpensesNet": 0,
    "incomeBeforeTax": 0,
    "incomeBeforeTaxRatio": 0,
    "incomeTaxExpense": 135600000,
    "netIncome": 34600000,
    "netIncomeRatio": 0.3239700375,
    "eps": 0.38,
    "epsdiluted": 0.38,
    "weightedAverageShsOut": 90215762,
    "weightedAverageShsOutDil": 90215762,
    "link": null,
    "finalLink": null
  },
  {
    "date": "1992-12-31",
    "symbol": "KIM",
    "reportedCurrency": "USD",
    "cik": "0000879101",
    "fillingDate": "1992-12-31",
    "acceptedDate": "1992-12-31 00:00:00",
    "calendarYear": "1992",
    "period": "FY",
    "revenue": 82600000,
    "costOfRevenue": 0,
    "grossProfit": 82600000,
    "grossProfitRatio": 1,
    "researchAndDevelopmentExpenses": 0,
    "generalAndAdministrativeExpenses": 6900000,
    "sellingAndMarketingExpenses": 0,
    "sellingGeneralAndAdministrativeExpenses": 6900000,
    "otherExpenses": -63600000,
    "operatingExpenses": -56700000,
    "costAndExpenses": -56700000,
    "interestIncome": 0,
    "interestExpense": 0,
    "depreciationAndAmortization": 16800000,
    "ebitda": 156100000,
    "ebitdaratio": 1.8898305085,
    "operatingIncome": 139300000,
    "operatingIncomeRatio": 1.686440678,
    "totalOtherIncomeExpensesNet": -139300000,
    "incomeBeforeTax": 0,
    "incomeBeforeTaxRatio": 0,
    "incomeTaxExpense": 120300000,
    "netIncome": 19000000,
    "netIncomeRatio": 0.2300242131,
    "eps": 0.28,
    "epsdiluted": 0.28,
    "weightedAverageShsOut": 68640379,
    "weightedAverageShsOutDil": 68640379,
    "link": null,
    "finalLink": null
  },
  {
    "date": "1991-12-31",
    "symbol": "KIM",
    "reportedCurrency": "USD",
    "cik": "0000879101",
    "fillingDate": "1991-12-31",
    "acceptedDate": "1991-12-31 00:00:00",
    "calendarYear": "1991",
    "period": "FY",
    "revenue": 49900000,
    "costOfRevenue": 0,
    "grossProfit": 49900000,
    "grossProfitRatio": 1,
    "researchAndDevelopmentExpenses": 0,
    "generalAndAdministrativeExpenses": 4200000,
    "sellingAndMarketingExpenses": 0,
    "sellingGeneralAndAdministrativeExpenses": 4200000,
    "otherExpenses": -50700000,
    "operatingExpenses": -46500000,
    "costAndExpenses": -46500000,
    "interestIncome": 0,
    "interestExpense": 0,
    "depreciationAndAmortization": 10700000,
    "ebitda": 107100000,
    "ebitdaratio": 2.1462925852,
    "operatingIncome": 96400000,
    "operatingIncomeRatio": 1.9318637275,
    "totalOtherIncomeExpensesNet": 0,
    "incomeBeforeTax": 0,
    "incomeBeforeTaxRatio": 0,
    "incomeTaxExpense": 98600000,
    "netIncome": -2200000,
    "netIncomeRatio": -0.0440881764,
    "eps": -0.036,
    "epsdiluted": -0.036,
    "weightedAverageShsOut": 61049476,
    "weightedAverageShsOutDil": 61049476,
    "link": null,
    "finalLink": null
  }
]