[
  {
    "date": "2025-06-30",
    "symbol": "KKR",
    "reportedCurrency": "USD",
    "cik": "0001404912",
    "fillingDate": "2025-08-08",
    "acceptedDate": "2025-08-08 16:43:19",
    "calendarYear": "2025",
    "period": "Q2",
    "revenue": 5002879000,
    "costOfRevenue": 3950102000,
    "grossProfit": 1052777000,
    "grossProfitRatio": 0.210434232,
    "researchAndDevelopmentExpenses": 0,
    "generalAndAdministrativeExpenses": 725512000,
    "sellingAndMarketingExpenses": 0,
    "sellingGeneralAndAdministrativeExpenses": 725512000,
    "otherExpenses": 0,
    "operatingExpenses": 725512000,
    "costAndExpenses": 4675614000,
    "interestIncome": 809883000,
    "interestExpense": 0,
    "depreciationAndAmortization": 0,
    "ebitda": 2306989000,
    "ebitdaratio": 0.46113228,
    "operatingIncome": 327265000,
    "operatingIncomeRatio": 0.0654153339,
    "totalOtherIncomeExpensesNet": 1201503000,
    "incomeBeforeTax": 1528768000,
    "incomeBeforeTaxRatio": 0.3055776484,
    "incomeTaxExpense": 174304000,
    "netIncome": 510123000,
    "netIncomeRatio": 0.101965888,
    "eps": 0.53,
    "epsdiluted": 0.5,
    "weightedAverageShsOut": 890716083,
    "weightedAverageShsOutDil": 954209566,
    "link": "https://www.sec.gov/Archives/edgar/data/1404912/000140491225000032/0001404912-25-000032-index.htm",
    "finalLink": "https://www.sec.gov/Archives/edgar/data/1404912/000140491225000032/kkr-20250630.htm"
  },
  {
    "date": "2025-03-31",
    "symbol": "KKR",
    "reportedCurrency": "USD",
    "cik": "0001404912",
    "fillingDate": "2025-05-09",
    "acceptedDate": "2025-05-09 16:07:40",
    "calendarYear": "2025",
    "period": "Q1",
    "revenue": 3054695000,
    "costOfRevenue": 3139368000,
    "grossProfit": -84673000,
    "grossProfitRatio": -0.0277189703,
    "researchAndDevelopmentExpenses": 0,
    "generalAndAdministrativeExpenses": 622016000,
    "sellingAndMarketingExpenses": 0,
    "sellingGeneralAndAdministrativeExpenses": 622016000,
    "otherExpenses": 0,
    "operatingExpenses": 622016000,
    "costAndExpenses": 3761384000,
    "interestIncome": 785857000,
    "interestExpense": 0,
    "depreciationAndAmortization": 0,
    "ebitda": 1495137000,
    "ebitdaratio": 0.4894554121,
    "operatingIncome": -706689000,
    "operatingIncomeRatio": -0.2313451916,
    "totalOtherIncomeExpensesNet": 1477756000,
    "incomeBeforeTax": 771067000,
    "incomeBeforeTaxRatio": 0.2524202907,
    "incomeTaxExpense": 86569000,
    "netIncome": -185924000,
    "netIncomeRatio": -0.0608649963,
    "eps": -0.22,
    "epsdiluted": -0.22,
    "weightedAverageShsOut": 888247000,
    "weightedAverageShsOutDil": 888246698,
    "link": "https://www.sec.gov/Archives/edgar/data/1404912/000140491225000022/0001404912-25-000022-index.htm",
    "finalLink": "https://www.sec.gov/Archives/edgar/data/1404912/000140491225000022/kkr-20250331.htm"
  },
  {
    "date": "2024-12-31",
    "symbol": "KKR",
    "reportedCurrency": "USD",
    "cik": "0001404912",
    "fillingDate": "2025-02-28",
    "acceptedDate": "2025-02-28 16:28:06",
    "calendarYear": "2024",
    "period": "Q4",
    "revenue": 3200380000,
    "costOfRevenue": 2251619000,
    "grossProfit": 948761000,
    "grossProfitRatio": 0.2964526088,
    "researchAndDevelopmentExpenses": 0,
    "generalAndAdministrativeExpenses": 656019000,
    "sellingAndMarketingExpenses": 0,
    "sellingGeneralAndAdministrativeExpenses": 656019000,
    "otherExpenses": 0,
    "operatingExpenses": 656019000,
    "costAndExpenses": 2907638000,
    "interestIncome": 809636000,
    "interestExpense": 0,
    "depreciationAndAmortization": 0,
    "ebitda": 2490445000,
    "ebitdaratio": 0.7781716546,
    "operatingIncome": 292742000,
    "operatingIncomeRatio": 0.0914710128,
    "totalOtherIncomeExpensesNet": 1349871000,
    "incomeBeforeTax": 1642613000,
    "incomeBeforeTaxRatio": 0.5132556134,
    "incomeTaxExpense": 258330000,
    "netIncome": 1125555000,
    "netIncomeRatio": 0.3516941738,
    "eps": 1.27,
    "epsdiluted": 1.18,
    "weightedAverageShsOut": 888223000,
    "weightedAverageShsOutDil": 956267561,
    "link": "https://www.sec.gov/Archives/edgar/data/1404912/000140491225000015/0001404912-25-000015-index.htm",
    "finalLink": "https://www.sec.gov/Archives/edgar/data/1404912/000140491225000015/kkr-20241231.htm"
  },
  {
    "date": "2024-09-30",
    "symbol": "KKR",
    "reportedCurrency": "USD",
    "cik": "0001404912",
    "fillingDate": "2024-11-05",
    "acceptedDate": "2024-11-05 16:11:10",
    "calendarYear": "2024",
    "period": "Q3",
    "revenue": 4731534000,
    "costOfRevenue": 3845895000,
    "grossProfit": 885639000,
    "grossProfitRatio": 0.187177985,
    "researchAndDevelopmentExpenses": 0,
    "generalAndAdministrativeExpenses": 821602000,
    "sellingAndMarketingExpenses": 0,
    "sellingGeneralAndAdministrativeExpenses": 821602000,
    "otherExpenses": 0,
    "operatingExpenses": 821602000,
    "costAndExpenses": 4667497000,
    "interestIncome": 854927000,
    "interestExpense": 0,
    "depreciationAndAmortization": 0,
    "ebitda": 2445012000,
    "ebitdaratio": 0.5167482681,
    "operatingIncome": 64037000,
    "operatingIncomeRatio": 0.0135340885,
    "totalOtherIncomeExpensesNet": 1580527000,
    "incomeBeforeTax": 1644564000,
    "incomeBeforeTaxRatio": 0.3475752261,
    "incomeTaxExpense": 209896000,
    "netIncome": 600550000,
    "netIncomeRatio": 0.1269250099,
    "eps": 0.68,
    "epsdiluted": 0.64,
    "weightedAverageShsOut": 887444991,
    "weightedAverageShsOutDil": 941967479,
    "link": "https://www.sec.gov/Archives/edgar/data/1404912/000140491224000029/0001404912-24-000029-index.htm",
    "finalLink": "https://www.sec.gov/Archives/edgar/data/1404912/000140491224000029/kkr-20240930.htm"
  },
  {
    "date": "2024-06-30",
    "symbol": "KKR",
    "reportedCurrency": "USD",
    "cik": "0001404912",
    "fillingDate": "2024-08-09",
    "acceptedDate": "2024-08-09 17:04:50",
    "calendarYear": "2024",
    "period": "Q2",
    "revenue": 4108021000,
    "costOfRevenue": 3127133000,
    "grossProfit": 980888000,
    "grossProfitRatio": 0.2387738524,
    "researchAndDevelopmentExpenses": 0,
    "generalAndAdministrativeExpenses": 753446000,
    "sellingAndMarketingExpenses": 0,
    "sellingGeneralAndAdministrativeExpenses": 753446000,
    "otherExpenses": 0,
    "operatingExpenses": 753446000,
    "costAndExpenses": 3880579000,
    "interestIncome": 903861000,
    "interestExpense": 0,
    "depreciationAndAmortization": 0,
    "ebitda": 2059208000,
    "ebitdaratio": 0.5012652077,
    "operatingIncome": 227442000,
    "operatingIncomeRatio": 0.055365345,
    "totalOtherIncomeExpensesNet": 982763000,
    "incomeBeforeTax": 1210205000,
    "incomeBeforeTaxRatio": 0.2945956216,
    "incomeTaxExpense": 216969000,
    "netIncome": 667926000,
    "netIncomeRatio": 0.1625906976,
    "eps": 0.75,
    "epsdiluted": 0.72,
    "weightedAverageShsOut": 887394513,
    "weightedAverageShsOutDil": 932046386,
    "link": "https://www.sec.gov/Archives/edgar/data/1404912/000140491224000019/0001404912-24-000019-index.htm",
    "finalLink": "https://www.sec.gov/Archives/edgar/data/1404912/000140491224000019/kkr-20240630.htm"
  },
  {
    "date": "2024-03-31",
    "symbol": "KKR",
    "reportedCurrency": "USD",
    "cik": "0001404912",
    "fillingDate": "2024-05-09",
    "acceptedDate": "2024-05-09 16:55:16",
    "calendarYear": "2024",
    "period": "Q1",
    "revenue": 9600353000,
    "costOfRevenue": 8573765000,
    "grossProfit": 1026588000,
    "grossProfitRatio": 0.106932318,
    "researchAndDevelopmentExpenses": 0,
    "generalAndAdministrativeExpenses": 684612000,
    "sellingAndMarketingExpenses": 0,
    "sellingGeneralAndAdministrativeExpenses": 684612000,
    "otherExpenses": 0,
    "operatingExpenses": 684612000,
    "costAndExpenses": 9258377000,
    "interestIncome": 890102000,
    "interestExpense": 0,
    "depreciationAndAmortization": 0,
    "ebitda": 2171682000,
    "ebitdaratio": 0.2262085571,
    "operatingIncome": 341976000,
    "operatingIncomeRatio": 0.0356211902,
    "totalOtherIncomeExpensesNet": 1021075000,
    "incomeBeforeTax": 1363051000,
    "incomeBeforeTaxRatio": 0.1419792585,
    "incomeTaxExpense": 269201000,
    "netIncome": 682214000,
    "netIncomeRatio": 0.0710613453,
    "eps": 0.77,
    "epsdiluted": 0.74,
    "weightedAverageShsOut": 885005824,
    "weightedAverageShsOutDil": 925141166,
    "link": "https://www.sec.gov/Archives/edgar/data/1404912/000140491224000011/0001404912-24-000011-index.htm",
    "finalLink": "https://www.sec.gov/Archives/edgar/data/1404912/000140491224000011/kkr-20240331.htm"
  },
  {
    "date": "2023-12-31",
    "symbol": "KKR",
    "reportedCurrency": "USD",
    "cik": "0001404912",
    "fillingDate": "2024-02-29",
    "acceptedDate": "2024-02-29 16:21:46",
    "calendarYear": "2023",
    "period": "Q4",
    "revenue": 4372746000,
    "costOfRevenue": 3256510000,
    "grossProfit": 1116236000,
    "grossProfitRatio": 0.2552711729,
    "researchAndDevelopmentExpenses": 0,
    "generalAndAdministrativeExpenses": 754941000,
    "sellingAndMarketingExpenses": 0,
    "sellingGeneralAndAdministrativeExpenses": 754941000,
    "otherExpenses": 0,
    "operatingExpenses": 754941000,
    "costAndExpenses": 4011451000,
    "interestIncome": 917330000,
    "interestExpense": 0,
    "depreciationAndAmortization": 0,
    "ebitda": 2676337000,
    "ebitdaratio": 0.6120494993,
    "operatingIncome": 361295000,
    "operatingIncomeRatio": 0.0826242823,
    "totalOtherIncomeExpensesNet": 1514676000,
    "incomeBeforeTax": 1875971000,
    "incomeBeforeTaxRatio": 0.4290143996,
    "incomeTaxExpense": 286611000,
    "netIncome": 1040429000,
    "netIncomeRatio": 0.2379349269,
    "eps": 1.18,
    "epsdiluted": 1.14,
    "weightedAverageShsOut": 884998900,
    "weightedAverageShsOutDil": 912002464,
    "link": "https://www.sec.gov/Archives/edgar/data/1404912/000140491224000005/0001404912-24-000005-index.htm",
    "finalLink": "https://www.sec.gov/Archives/edgar/data/1404912/000140491224000005/kkr-20231231.htm"
  },
  {
    "date": "2023-09-30",
    "symbol": "KKR",
    "reportedCurrency": "USD",
    "cik": "0001404912",
    "fillingDate": "2023-11-09",
    "acceptedDate": "2023-11-09 16:03:02",
    "calendarYear": "2023",
    "period": "Q3",
    "revenue": 3273140000,
    "costOfRevenue": 1665476000,
    "grossProfit": 1607664000,
    "grossProfitRatio": 0.4911687248,
    "researchAndDevelopmentExpenses": 0,
    "generalAndAdministrativeExpenses": 605323000,
    "sellingAndMarketingExpenses": 0,
    "sellingGeneralAndAdministrativeExpenses": 605323000,
    "otherExpenses": 0,
    "operatingExpenses": 605323000,
    "costAndExpenses": 2270799000,
    "interestIncome": 873440000,
    "interestExpense": 0,
    "depreciationAndAmortization": 0,
    "ebitda": 3588256000,
    "ebitdaratio": 1.0962733033,
    "operatingIncome": 1002341000,
    "operatingIncomeRatio": 0.3062322418,
    "totalOtherIncomeExpensesNet": 1816849000,
    "incomeBeforeTax": 2819190000,
    "incomeBeforeTaxRatio": 0.8613105458,
    "incomeTaxExpense": 437210000,
    "netIncome": 1490126000,
    "netIncomeRatio": 0.4552588646,
    "eps": 1.71,
    "epsdiluted": 1.64,
    "weightedAverageShsOut": 862123088,
    "weightedAverageShsOutDil": 909056980,
    "link": "https://www.sec.gov/Archives/edgar/data/1404912/000140491223000025/0001404912-23-000025-index.htm",
    "finalLink": "https://www.sec.gov/Archives/edgar/data/1404912/000140491223000025/kkr-20230930.htm"
  },
  {
    "date": "2023-06-30",
    "symbol": "KKR",
    "reportedCurrency": "USD",
    "cik": "0001404912",
    "fillingDate": "2023-08-08",
    "acceptedDate": "2023-08-08 16:25:39",
    "calendarYear": "2023",
    "period": "Q2",
    "revenue": 3586660000,
    "costOfRevenue": 2393298000,
    "grossProfit": 1193362000,
    "grossProfitRatio": 0.3327223657,
    "researchAndDevelopmentExpenses": 0,
    "generalAndAdministrativeExpenses": 689352000,
    "sellingAndMarketingExpenses": 0,
    "sellingGeneralAndAdministrativeExpenses": 689352000,
    "otherExpenses": 0,
    "operatingExpenses": 689352000,
    "costAndExpenses": 3082650000,
    "interestIncome": 850061000,
    "interestExpense": 0,
    "depreciationAndAmortization": 0,
    "ebitda": 2210953000,
    "ebitdaratio": 0.6164378558,
    "operatingIncome": 504010000,
    "operatingIncomeRatio": 0.1405234954,
    "totalOtherIncomeExpensesNet": 947003000,
    "incomeBeforeTax": 1451013000,
    "incomeBeforeTaxRatio": 0.4045582798,
    "incomeTaxExpense": 324955000,
    "netIncome": 861712000,
    "netIncomeRatio": 0.2402547217,
    "eps": 0.98,
    "epsdiluted": 0.94,
    "weightedAverageShsOut": 861553274,
    "weightedAverageShsOutDil": 912147881,
    "link": "https://www.sec.gov/Archives/edgar/data/1404912/000140491223000020/0001404912-23-000020-index.htm",
    "finalLink": "https://www.sec.gov/Archives/edgar/data/1404912/000140491223000020/kkr-20230630.htm"
  },
  {
    "date": "2023-03-31",
    "symbol": "KKR",
    "reportedCurrency": "USD",
    "cik": "0001404912",
    "fillingDate": "2023-05-10",
    "acceptedDate": "2023-05-10 16:32:29",
    "calendarYear": "2023",
    "period": "Q1",
    "revenue": 3090324000,
    "costOfRevenue": 2146935000,
    "grossProfit": 943389000,
    "grossProfitRatio": 0.3052718744,
    "researchAndDevelopmentExpenses": 0,
    "generalAndAdministrativeExpenses": 672887000,
    "sellingAndMarketingExpenses": 0,
    "sellingGeneralAndAdministrativeExpenses": 672887000,
    "otherExpenses": 0,
    "operatingExpenses": 672887000,
    "costAndExpenses": 2819822000,
    "interestIncome": 728616000,
    "interestExpense": 0,
    "depreciationAndAmortization": 0,
    "ebitda": 1025034000,
    "ebitdaratio": 0.3316914343,
    "operatingIncome": 270502000,
    "operatingIncomeRatio": 0.0875319222,
    "totalOtherIncomeExpensesNet": 137933000,
    "incomeBeforeTax": 408435000,
    "incomeBeforeTaxRatio": 0.1321657535,
    "incomeTaxExpense": 148747000,
    "netIncome": 339994000,
    "netIncomeRatio": 0.1100188848,
    "eps": 0.37,
    "epsdiluted": 0.36,
    "weightedAverageShsOut": 861108510,
    "weightedAverageShsOutDil": 887169336,
    "link": "https://www.sec.gov/Archives/edgar/data/1404912/000140491223000015/0001404912-23-000015-index.htm",
    "finalLink": "https://www.sec.gov/Archives/edgar/data/1404912/000140491223000015/kkr-20230331.htm"
  },
  {
    "date": "2022-12-31",
    "symbol": "KKR",
    "reportedCurrency": "USD",
    "cik": "0001404912",
    "fillingDate": "2023-02-27",
    "acceptedDate": "2023-02-27 17:10:42",
    "calendarYear": "2022",
    "period": "Q4",
    "revenue": 2528695000,
    "costOfRevenue": 1778956000,
    "grossProfit": 749739000,
    "grossProfitRatio": 0.2964924595,
    "researchAndDevelopmentExpenses": 0,
    "generalAndAdministrativeExpenses": 675205000,
    "sellingAndMarketingExpenses": 0,
    "sellingGeneralAndAdministrativeExpenses": 675205000,
    "otherExpenses": 0,
    "operatingExpenses": 675205000,
    "costAndExpenses": 2454161000,
    "interestIncome": 650943000,
    "interestExpense": 0,
    "depreciationAndAmortization": 0,
    "ebitda": 628655000,
    "ebitdaratio": 0.248608472,
    "operatingIncome": 74534000,
    "operatingIncomeRatio": 0.0294752827,
    "totalOtherIncomeExpensesNet": -23503000,
    "incomeBeforeTax": 51031000,
    "incomeBeforeTaxRatio": 0.0201807652,
    "incomeTaxExpense": 93164000,
    "netIncome": 100470000,
    "netIncomeRatio": 0.0397319566,
    "eps": 0,
    "epsdiluted": 0,
    "weightedAverageShsOut": 861069576,
    "weightedAverageShsOutDil": 886268828,
    "link": "https://www.sec.gov/Archives/edgar/data/1404912/000140491223000005/0001404912-23-000005-index.htm",
    "finalLink": "https://www.sec.gov/Archives/edgar/data/1404912/000140491223000005/kkr-20221231.htm"
  },
  {
    "date": "2022-09-30",
    "symbol": "KKR",
    "reportedCurrency": "USD",
    "cik": "0001404912",
    "fillingDate": "2022-11-08",
    "acceptedDate": "2022-11-08 16:29:49",
    "calendarYear": "2022",
    "period": "Q3",
    "revenue": 1820800000,
    "costOfRevenue": 1081772000,
    "grossProfit": 739028000,
    "grossProfitRatio": 0.4058809315,
    "researchAndDevelopmentExpenses": 0,
    "generalAndAdministrativeExpenses": 566280000,
    "sellingAndMarketingExpenses": 0,
    "sellingGeneralAndAdministrativeExpenses": 566280000,
    "otherExpenses": 0,
    "operatingExpenses": 566280000,
    "costAndExpenses": 1648052000,
    "interestIncome": 500234000,
    "interestExpense": 0,
    "depreciationAndAmortization": 0,
    "ebitda": 623849000,
    "ebitdaratio": 0.3426235721,
    "operatingIncome": 172748000,
    "operatingIncomeRatio": 0.0948747803,
    "totalOtherIncomeExpensesNet": 33440000,
    "incomeBeforeTax": 206188000,
    "incomeBeforeTaxRatio": 0.1132403339,
    "incomeTaxExpense": 81685000,
    "netIncome": 49887000,
    "netIncomeRatio": 0.0273983963,
    "eps": 0.038,
    "epsdiluted": 0.0368,
    "weightedAverageShsOut": 859833444,
    "weightedAverageShsOutDil": 886216494,
    "link": "https://www.sec.gov/Archives/edgar/data/1404912/000140491222000019/0001404912-22-000019-index.htm",
    "finalLink": "https://www.sec.gov/Archives/edgar/data/1404912/000140491222000019/kkr-20220930.htm"
  },
  {
    "date": "2022-06-30",
    "symbol": "KKR",
    "reportedCurrency": "USD",
    "cik": "0001404912",
    "fillingDate": "2022-08-05",
    "acceptedDate": "2022-08-05 17:21:30",
    "calendarYear": "2022",
    "period": "Q2",
    "revenue": 290881000,
    "costOfRevenue": -28557000,
    "grossProfit": 319438000,
    "grossProfitRatio": 1.0981741674,
    "researchAndDevelopmentExpenses": 0,
    "generalAndAdministrativeExpenses": 574282000,
    "sellingAndMarketingExpenses": 0,
    "sellingGeneralAndAdministrativeExpenses": 574282000,
    "otherExpenses": 0,
    "operatingExpenses": 574282000,
    "costAndExpenses": 545725000,
    "interestIncome": 391549000,
    "interestExpense": 0,
    "depreciationAndAmortization": 0,
    "ebitda": -1568897000,
    "ebitdaratio": -5.3936042574,
    "operatingIncome": -254844000,
    "operatingIncomeRatio": -0.8761108495,
    "totalOtherIncomeExpensesNet": -1661749000,
    "incomeBeforeTax": -1916593000,
    "incomeBeforeTaxRatio": -6.5889246805,
    "incomeTaxExpense": -102511000,
    "netIncome": -717375000,
    "netIncomeRatio": -2.4662147064,
    "eps": -1.08,
    "epsdiluted": -1.08,
    "weightedAverageShsOut": 680747047,
    "weightedAverageShsOutDil": 680747047,
    "link": "https://www.sec.gov/Archives/edgar/data/1404912/000140491222000015/0001404912-22-000015-index.htm",
    "finalLink": "https://www.sec.gov/Archives/edgar/data/1404912/000140491222000015/kkr-20220630.htm"
  },
  {
    "date": "2022-03-31",
    "symbol": "KKR",
    "reportedCurrency": "USD",
    "cik": "0001404912",
    "fillingDate": "2022-05-06",
    "acceptedDate": "2022-05-06 16:10:20",
    "calendarYear": "2022",
    "period": "Q1",
    "revenue": 999363000,
    "costOfRevenue": 808272000,
    "grossProfit": 191091000,
    "grossProfitRatio": 0.1912128026,
    "researchAndDevelopmentExpenses": 0,
    "generalAndAdministrativeExpenses": 536241000,
    "sellingAndMarketingExpenses": 0,
    "sellingGeneralAndAdministrativeExpenses": 536241000,
    "otherExpenses": 0,
    "operatingExpenses": 536241000,
    "costAndExpenses": 1344513000,
    "interestIncome": 352556000,
    "interestExpense": 0,
    "depreciationAndAmortization": 0,
    "ebitda": 1584017000,
    "ebitdaratio": 1.585026662,
    "operatingIncome": -345150000,
    "operatingIncomeRatio": -0.3453700007,
    "totalOtherIncomeExpensesNet": 1634189000,
    "incomeBeforeTax": 1289039000,
    "incomeBeforeTaxRatio": 1.2898606412,
    "incomeTaxExpense": 36651000,
    "netIncome": 7464000,
    "netIncomeRatio": 0.0074687576,
    "eps": -0.02,
    "epsdiluted": -0.02,
    "weightedAverageShsOut": 592202835,
    "weightedAverageShsOutDil": 592202835,
    "link": "https://www.sec.gov/Archives/edgar/data/1404912/000140491222000009/0001404912-22-000009-index.htm",
    "finalLink": "https://www.sec.gov/Archives/edgar/data/1404912/000140491222000009/kkr-20220331.htm"
  },
  {
    "date": "2021-12-31",
    "symbol": "KKR",
    "reportedCurrency": "USD",
    "cik": "0001404912",
    "fillingDate": "2022-02-28",
    "acceptedDate": "2022-02-28 06:16:51",
    "calendarYear": "2021",
    "period": "Q4",
    "revenue": 4053596000,
    "costOfRevenue": 2463292000,
    "grossProfit": 1590304000,
    "grossProfitRatio": 0.3923193135,
    "researchAndDevelopmentExpenses": 0,
    "generalAndAdministrativeExpenses": 668554000,
    "sellingAndMarketingExpenses": 0,
    "sellingGeneralAndAdministrativeExpenses": 668554000,
    "otherExpenses": 0,
    "operatingExpenses": 668554000,
    "costAndExpenses": 3131846000,
    "interestIncome": 333922000,
    "interestExpense": 0,
    "depreciationAndAmortization": 0,
    "ebitda": 1319444000,
    "ebitdaratio": 0.3254996305,
    "operatingIncome": 921750000,
    "operatingIncomeRatio": 0.2273906921,
    "totalOtherIncomeExpensesNet": 105125000,
    "incomeBeforeTax": 1026875000,
    "incomeBeforeTaxRatio": 0.2533244556,
    "incomeTaxExpense": 191582000,
    "netIncome": 524808000,
    "netIncomeRatio": 0.1294672681,
    "eps": 0,
    "epsdiluted": 0,
    "weightedAverageShsOut": 586760370,
    "weightedAverageShsOutDil": 643404178,
    "link": "https://www.sec.gov/Archives/edgar/data/1404912/000140491222000004/0001404912-22-000004-index.htm",
    "finalLink": "https://www.sec.gov/Archives/edgar/data/1404912/000140491222000004/kkr-20211231.htm"
  },
  {
    "date": "2021-09-30",
    "symbol": "KKR",
    "reportedCurrency": "USD",
    "cik": "0001404912",
    "fillingDate": "2021-11-05",
    "acceptedDate": "2021-11-05 16:23:25",
    "calendarYear": "2021",
    "period": "Q3",
    "revenue": 4483365000,
    "costOfRevenue": 2692983000,
    "grossProfit": 1790382000,
    "grossProfitRatio": 0.3993388894,
    "researchAndDevelopmentExpenses": 0,
    "generalAndAdministrativeExpenses": 469822000,
    "sellingAndMarketingExpenses": 0,
    "sellingGeneralAndAdministrativeExpenses": 469822000,
    "otherExpenses": 0,
    "operatingExpenses": 469822000,
    "costAndExpenses": 3162805000,
    "interestIncome": 402839000,
    "interestExpense": 0,
    "depreciationAndAmortization": 0,
    "ebitda": 3961530000,
    "ebitdaratio": 0.8836063983,
    "operatingIncome": 1320560000,
    "operatingIncomeRatio": 0.2945466184,
    "totalOtherIncomeExpensesNet": 2340367000,
    "incomeBeforeTax": 3660927000,
    "incomeBeforeTaxRatio": 0.8165578756,
    "incomeTaxExpense": 379282000,
    "netIncome": 1156557000,
    "netIncomeRatio": 0.257966282,
    "eps": 1.94,
    "epsdiluted": 1.8,
    "weightedAverageShsOut": 583030506,
    "weightedAverageShsOutDil": 637416100,
    "link": "https://www.sec.gov/Archives/edgar/data/1404912/000140491221000037/0001404912-21-000037-index.htm",
    "finalLink": "https://www.sec.gov/Archives/edgar/data/1404912/000140491221000037/kkr-20210930.htm"
  },
  {
    "date": "2021-06-30",
    "symbol": "KKR",
    "reportedCurrency": "USD",
    "cik": "0001404912",
    "fillingDate": "2021-08-06",
    "acceptedDate": "2021-08-06 16:39:10",
    "calendarYear": "2021",
    "period": "Q2",
    "revenue": 3136181000,
    "costOfRevenue": 1490591000,
    "grossProfit": 1645590000,
    "grossProfitRatio": 0.5247114245,
    "researchAndDevelopmentExpenses": 0,
    "generalAndAdministrativeExpenses": 489748000,
    "sellingAndMarketingExpenses": 0,
    "sellingGeneralAndAdministrativeExpenses": 489748000,
    "otherExpenses": 0,
    "operatingExpenses": 489748000,
    "costAndExpenses": 1980339000,
    "interestIncome": 381254000,
    "interestExpense": 0,
    "depreciationAndAmortization": 0,
    "ebitda": 4882970000,
    "ebitdaratio": 1.5569796514,
    "operatingIncome": 1155842000,
    "operatingIncomeRatio": 0.3685507947,
    "totalOtherIncomeExpensesNet": 3450699000,
    "incomeBeforeTax": 4606541000,
    "incomeBeforeTaxRatio": 1.4688377361,
    "incomeTaxExpense": 343667000,
    "netIncome": 1315275000,
    "netIncomeRatio": 0.4193874652,
    "eps": 2.19,
    "epsdiluted": 2.05,
    "weightedAverageShsOut": 582398367,
    "weightedAverageShsOutDil": 630390360,
    "link": "https://www.sec.gov/Archives/edgar/data/1404912/000140491221000028/0001404912-21-000028-index.htm",
    "finalLink": "https://www.sec.gov/Archives/edgar/data/1404912/000140491221000028/kkr-20210630.htm"
  },
  {
    "date": "2021-03-31",
    "symbol": "KKR",
    "reportedCurrency": "USD",
    "cik": "0001404912",
    "fillingDate": "2021-05-10",
    "acceptedDate": "2021-05-10 16:44:46",
    "calendarYear": "2021",
    "period": "Q1",
    "revenue": 4563006000,
    "costOfRevenue": 2771637000,
    "grossProfit": 1791369000,
    "grossProfitRatio": 0.3925852826,
    "researchAndDevelopmentExpenses": 0,
    "generalAndAdministrativeExpenses": 314236000,
    "sellingAndMarketingExpenses": 0,
    "sellingGeneralAndAdministrativeExpenses": 314236000,
    "otherExpenses": 0,
    "operatingExpenses": 314236000,
    "costAndExpenses": 3085873000,
    "interestIncome": 367455000,
    "interestExpense": 0,
    "depreciationAndAmortization": 0,
    "ebitda": 4616534000,
    "ebitdaratio": 1.0117308634,
    "operatingIncome": 1477133000,
    "operatingIncomeRatio": 0.3237192763,
    "totalOtherIncomeExpensesNet": 2876973000,
    "incomeBeforeTax": 4354106000,
    "incomeBeforeTaxRatio": 0.954218776,
    "incomeTaxExpense": 438739000,
    "netIncome": 1669836000,
    "netIncomeRatio": 0.3659508666,
    "eps": 2.85,
    "epsdiluted": 2.68,
    "weightedAverageShsOut": 576727967,
    "weightedAverageShsOutDil": 620888491,
    "link": "https://www.sec.gov/Archives/edgar/data/1404912/000140491221000019/0001404912-21-000019-index.htm",
    "finalLink": "https://www.sec.gov/Archives/edgar/data/1404912/000140491221000019/kkr-20210331.htm"
  },
  {
    "date": "2020-12-31",
    "symbol": "KKR",
    "reportedCurrency": "USD",
    "cik": "0001404912",
    "fillingDate": "2021-02-19",
    "acceptedDate": "2021-02-19 16:43:12",
    "calendarYear": "2020",
    "period": "Q4",
    "revenue": 2005164000,
    "costOfRevenue": 940964000,
    "grossProfit": 1064200000,
    "grossProfitRatio": 0.530729656,
    "researchAndDevelopmentExpenses": 0,
    "generalAndAdministrativeExpenses": 238093000,
    "sellingAndMarketingExpenses": 0,
    "sellingGeneralAndAdministrativeExpenses": 238093000,
    "otherExpenses": 0,
    "operatingExpenses": 238093000,
    "costAndExpenses": 1179057000,
    "interestIncome": 363388000,
    "interestExpense": 0,
    "depreciationAndAmortization": 0,
    "ebitda": 5068848000,
    "ebitdaratio": 2.52789697,
    "operatingIncome": 826107000,
    "operatingIncomeRatio": 0.4119897425,
    "totalOtherIncomeExpensesNet": 3998115000,
    "incomeBeforeTax": 4824222000,
    "incomeBeforeTaxRatio": 2.4058989689,
    "incomeTaxExpense": 404137000,
    "netIncome": 1511221000,
    "netIncomeRatio": 0.7536645382,
    "eps": 2.6,
    "epsdiluted": 2.46,
    "weightedAverageShsOut": 570818257,
    "weightedAverageShsOutDil": 609833753,
    "link": "https://www.sec.gov/Archives/edgar/data/1404912/000140491221000008/0001404912-21-000008-index.htm",
    "finalLink": "https://www.sec.gov/Archives/edgar/data/1404912/000140491221000008/kkr-20201231.htm"
  },
  {
    "date": "2020-09-30",
    "symbol": "KKR",
    "reportedCurrency": "USD",
    "cik": "0001404912",
    "fillingDate": "2020-11-06",
    "acceptedDate": "2020-11-06 16:25:47",
    "calendarYear": "2020",
    "period": "Q3",
    "revenue": 1895238000,
    "costOfRevenue": 882339000,
    "grossProfit": 1012899000,
    "grossProfitRatio": 0.5344442228,
    "researchAndDevelopmentExpenses": 0,
    "generalAndAdministrativeExpenses": 211360000,
    "sellingAndMarketingExpenses": 0,
    "sellingGeneralAndAdministrativeExpenses": 211360000,
    "otherExpenses": 0,
    "operatingExpenses": 211360000,
    "costAndExpenses": 1093699000,
    "interestIncome": 354865000,
    "interestExpense": 0,
    "depreciationAndAmortization": 0,
    "ebitda": 3557385000,
    "ebitdaratio": 1.8770122803,
    "operatingIncome": 801539000,
    "operatingIncomeRatio": 0.4229226092,
    "totalOtherIncomeExpensesNet": 2532137000,
    "incomeBeforeTax": 3333676000,
    "incomeBeforeTaxRatio": 1.7589748623,
    "incomeTaxExpense": 359375000,
    "netIncome": 1064843000,
    "netIncomeRatio": 0.5618518624,
    "eps": 1.86,
    "epsdiluted": 1.79,
    "weightedAverageShsOut": 562425576,
    "weightedAverageShsOutDil": 589116387,
    "link": "https://www.sec.gov/Archives/edgar/data/1404912/000140491220000023/0001404912-20-000023-index.htm",
    "finalLink": "https://www.sec.gov/Archives/edgar/data/1404912/000140491220000023/kkr-202093010xq.htm"
  },
  {
    "date": "2020-06-30",
    "symbol": "KKR",
    "reportedCurrency": "USD",
    "cik": "0001404912",
    "fillingDate": "2020-08-07",
    "acceptedDate": "2020-08-07 19:58:57",
    "calendarYear": "2020",
    "period": "Q2",
    "revenue": 1331994000,
    "costOfRevenue": 591324000,
    "grossProfit": 740670000,
    "grossProfitRatio": 0.5560610633,
    "researchAndDevelopmentExpenses": 0,
    "generalAndAdministrativeExpenses": 165744000,
    "sellingAndMarketingExpenses": 0,
    "sellingGeneralAndAdministrativeExpenses": 165744000,
    "otherExpenses": 0,
    "operatingExpenses": 165744000,
    "costAndExpenses": 757068000,
    "interestIncome": 331732000,
    "interestExpense": 0,
    "depreciationAndAmortization": 0,
    "ebitda": 2397496000,
    "ebitdaratio": 1.7999300297,
    "operatingIncome": 574926000,
    "operatingIncomeRatio": 0.4316280704,
    "totalOtherIncomeExpensesNet": 1582503000,
    "incomeBeforeTax": 2157429000,
    "incomeBeforeTaxRatio": 1.6196987374,
    "incomeTaxExpense": 206264000,
    "netIncome": 706969000,
    "netIncomeRatio": 0.5307598983,
    "eps": 1.25,
    "epsdiluted": 1.24,
    "weightedAverageShsOut": 558774162,
    "weightedAverageShsOutDil": 565611138,
    "link": "https://www.sec.gov/Archives/edgar/data/1404912/000140491220000018/0001404912-20-000018-index.htm",
    "finalLink": "https://www.sec.gov/Archives/edgar/data/1404912/000140491220000018/kkr-202063010xq.htm"
  },
  {
    "date": "2020-03-31",
    "symbol": "KKR",
    "reportedCurrency": "USD",
    "cik": "0001404912",
    "fillingDate": "2020-05-11",
    "acceptedDate": "2020-05-11 16:08:17",
    "calendarYear": "2020",
    "period": "Q1",
    "revenue": -1001505000,
    "costOfRevenue": -262137000,
    "grossProfit": -739368000,
    "grossProfitRatio": 0.7382569233,
    "researchAndDevelopmentExpenses": 0,
    "generalAndAdministrativeExpenses": 165445000,
    "sellingAndMarketingExpenses": 0,
    "sellingGeneralAndAdministrativeExpenses": 165445000,
    "otherExpenses": 0,
    "operatingExpenses": 165445000,
    "costAndExpenses": -96692000,
    "interestIncome": 353455000,
    "interestExpense": 0,
    "depreciationAndAmortization": 0,
    "ebitda": -4327163000,
    "ebitdaratio": 4.3206604061,
    "operatingIncome": -904813000,
    "operatingIncomeRatio": 0.9034533028,
    "totalOtherIncomeExpensesNet": -3683819000,
    "incomeBeforeTax": -4588632000,
    "incomeBeforeTaxRatio": 4.5817364866,
    "incomeTaxExpense": -360679000,
    "netIncome": -1280524000,
    "netIncomeRatio": 1.2785997074,
    "eps": -2.31,
    "epsdiluted": -2.31,
    "weightedAverageShsOut": 557950216,
    "weightedAverageShsOutDil": 559149821,
    "link": "https://www.sec.gov/Archives/edgar/data/1404912/000140491220000011/0001404912-20-000011-index.htm",
    "finalLink": "https://www.sec.gov/Archives/edgar/data/1404912/000140491220000011/kkr-202033110xq.htm"
  },
  {
    "date": "2019-12-31",
    "symbol": "KKR",
    "reportedCurrency": "USD",
    "cik": "0001404912",
    "fillingDate": "2020-02-18",
    "acceptedDate": "2020-02-14 18:25:15",
    "calendarYear": "2019",
    "period": "Q4",
    "revenue": 1063071000,
    "costOfRevenue": 535834000,
    "grossProfit": 527237000,
    "grossProfitRatio": 0.495956526,
    "researchAndDevelopmentExpenses": 0,
    "generalAndAdministrativeExpenses": 215486000,
    "sellingAndMarketingExpenses": 0,
    "sellingGeneralAndAdministrativeExpenses": 215486000,
    "otherExpenses": 0,
    "operatingExpenses": 215486000,
    "costAndExpenses": 751320000,
    "interestIncome": 350138000,
    "interestExpense": 0,
    "depreciationAndAmortization": 0,
    "ebitda": 1717728000,
    "ebitdaratio": 1.6158168175,
    "operatingIncome": 311751000,
    "operatingIncomeRatio": 0.2932551071,
    "totalOtherIncomeExpensesNet": 1145027000,
    "incomeBeforeTax": 1456778000,
    "incomeBeforeTaxRatio": 1.3703487349,
    "incomeTaxExpense": 142626000,
    "netIncome": 523442000,
    "netIncomeRatio": 0.4923866797,
    "eps": 0.93,
    "epsdiluted": 0.91,
    "weightedAverageShsOut": 555379973,
    "weightedAverageShsOutDil": 566277984,
    "link": "https://www.sec.gov/Archives/edgar/data/1404912/000140491220000006/0001404912-20-000006-index.htm",
    "finalLink": "https://www.sec.gov/Archives/edgar/data/1404912/000140491220000006/kkr-2019123110xk.htm"
  },
  {
    "date": "2019-09-30",
    "symbol": "KKR",
    "reportedCurrency": "USD",
    "cik": "0001404912",
    "fillingDate": "2019-11-05",
    "acceptedDate": "2019-11-05 17:20:38",
    "calendarYear": "2019",
    "period": "Q3",
    "revenue": 790485000,
    "costOfRevenue": 427527000,
    "grossProfit": 362958000,
    "grossProfitRatio": 0.4591586178,
    "researchAndDevelopmentExpenses": 0,
    "generalAndAdministrativeExpenses": 192006000,
    "sellingAndMarketingExpenses": 0,
    "sellingGeneralAndAdministrativeExpenses": 192006000,
    "otherExpenses": 0,
    "operatingExpenses": 192006000,
    "costAndExpenses": 619533000,
    "interestIncome": 344140000,
    "interestExpense": 0,
    "depreciationAndAmortization": 0,
    "ebitda": 658491000,
    "ebitdaratio": 0.8330214995,
    "operatingIncome": 170952000,
    "operatingIncomeRatio": 0.2162621682,
    "totalOtherIncomeExpensesNet": 218792000,
    "incomeBeforeTax": 389744000,
    "incomeBeforeTaxRatio": 0.4930441438,
    "incomeTaxExpense": 53132000,
    "netIncome": 249554000,
    "netIncomeRatio": 0.3156973251,
    "eps": 0.44,
    "epsdiluted": 0.43,
    "weightedAverageShsOut": 546336936,
    "weightedAverageShsOutDil": 559532065,
    "link": "https://www.sec.gov/Archives/edgar/data/1404912/000140491219000028/0001404912-19-000028-index.htm",
    "finalLink": "https://www.sec.gov/Archives/edgar/data/1404912/000140491219000028/kkr-201993010xq.htm"
  },
  {
    "date": "2019-06-30",
    "symbol": "KKR",
    "reportedCurrency": "USD",
    "cik": "0001404912",
    "fillingDate": "2019-08-02",
    "acceptedDate": "2019-08-02 16:11:35",
    "calendarYear": "2019",
    "period": "Q2",
    "revenue": 1179864000,
    "costOfRevenue": 608967000,
    "grossProfit": 570897000,
    "grossProfitRatio": 0.4838667846,
    "researchAndDevelopmentExpenses": 0,
    "generalAndAdministrativeExpenses": 199844000,
    "sellingAndMarketingExpenses": 0,
    "sellingGeneralAndAdministrativeExpenses": 199844000,
    "otherExpenses": 0,
    "operatingExpenses": 199844000,
    "costAndExpenses": 808811000,
    "interestIncome": 365727000,
    "interestExpense": 0,
    "depreciationAndAmortization": 0,
    "ebitda": 1791895000,
    "ebitdaratio": 1.5187301248,
    "operatingIncome": 371053000,
    "operatingIncomeRatio": 0.314487941,
    "totalOtherIncomeExpensesNet": 1156076000,
    "incomeBeforeTax": 1527129000,
    "incomeBeforeTaxRatio": 1.2943262952,
    "incomeTaxExpense": 165399000,
    "netIncome": 522734000,
    "netIncomeRatio": 0.4430459782,
    "eps": 0.94,
    "epsdiluted": 0.93,
    "weightedAverageShsOut": 544528863,
    "weightedAverageShsOutDil": 554643810,
    "link": "https://www.sec.gov/Archives/edgar/data/1404912/000140491219000022/0001404912-19-000022-index.htm",
    "finalLink": "https://www.sec.gov/Archives/edgar/data/1404912/000140491219000022/kkr-201963010xq.htm"
  },
  {
    "date": "2019-03-31",
    "symbol": "KKR",
    "reportedCurrency": "USD",
    "cik": "0001404912",
    "fillingDate": "2019-05-03",
    "acceptedDate": "2019-05-03 17:09:37",
    "calendarYear": "2019",
    "period": "Q1",
    "revenue": 1187480000,
    "costOfRevenue": 544562000,
    "grossProfit": 642918000,
    "grossProfitRatio": 0.5414137501,
    "researchAndDevelopmentExpenses": 0,
    "generalAndAdministrativeExpenses": 184205000,
    "sellingAndMarketingExpenses": 0,
    "sellingGeneralAndAdministrativeExpenses": 184205000,
    "otherExpenses": 0,
    "operatingExpenses": 184205000,
    "costAndExpenses": 728767000,
    "interestIncome": 358511000,
    "interestExpense": 0,
    "depreciationAndAmortization": 0,
    "ebitda": 2043727000,
    "ebitdaratio": 1.7210622495,
    "operatingIncome": 458713000,
    "operatingIncomeRatio": 0.3862911375,
    "totalOtherIncomeExpensesNet": 1335926000,
    "incomeBeforeTax": 1794639000,
    "incomeBeforeTaxRatio": 1.5113004008,
    "incomeTaxExpense": 167593000,
    "netIncome": 709319000,
    "netIncomeRatio": 0.5973313235,
    "eps": 1.31,
    "epsdiluted": 1.27,
    "weightedAverageShsOut": 533892474,
    "weightedAverageShsOutDil": 550046440,
    "link": "https://www.sec.gov/Archives/edgar/data/1404912/000140491219000012/0001404912-19-000012-index.htm",
    "finalLink": "https://www.sec.gov/Archives/edgar/data/1404912/000140491219000012/kkr-201933110xq.htm"
  },
  {
    "date": "2018-12-31",
    "symbol": "KKR",
    "reportedCurrency": "USD",
    "cik": "0001404912",
    "fillingDate": "2019-02-15",
    "acceptedDate": "2019-02-15 16:57:52",
    "calendarYear": "2018",
    "period": "Q4",
    "revenue": -178056000,
    "costOfRevenue": 43293000,
    "grossProfit": -221349000,
    "grossProfitRatio": 1.2431426068,
    "researchAndDevelopmentExpenses": 0,
    "generalAndAdministrativeExpenses": 194443000,
    "sellingAndMarketingExpenses": 0,
    "sellingGeneralAndAdministrativeExpenses": 194443000,
    "otherExpenses": 0,
    "operatingExpenses": 194443000,
    "costAndExpenses": 237736000,
    "interestIncome": 407178000,
    "interestExpense": 0,
    "depreciationAndAmortization": 0,
    "ebitda": -972399000,
    "ebitdaratio": 5.4611976008,
    "operatingIncome": -415792000,
    "operatingIncomeRatio": 2.3351754504,
    "totalOtherIncomeExpensesNet": -798115000,
    "incomeBeforeTax": -1213907000,
    "incomeBeforeTaxRatio": 6.8175573977,
    "incomeTaxExpense": -143294000,
    "netIncome": -384641000,
    "netIncomeRatio": 2.1602248731,
    "eps": -0.74,
    "epsdiluted": -0.74,
    "weightedAverageShsOut": 528046179,
    "weightedAverageShsOutDil": 532266521,
    "link": "https://www.sec.gov/Archives/edgar/data/1404912/000140491219000006/0001404912-19-000006-index.htm",
    "finalLink": "https://www.sec.gov/Archives/edgar/data/1404912/000140491219000006/kkr-2018123110xk.htm"
  },
  {
    "date": "2018-09-30",
    "symbol": "KKR",
    "reportedCurrency": "USD",
    "cik": "0001404912",
    "fillingDate": "2018-11-02",
    "acceptedDate": "2018-11-02 16:39:48",
    "calendarYear": "2018",
    "period": "Q3",
    "revenue": 1129666000,
    "costOfRevenue": 560434000,
    "grossProfit": 569232000,
    "grossProfitRatio": 0.5038940713,
    "researchAndDevelopmentExpenses": 0,
    "generalAndAdministrativeExpenses": 179656000,
    "sellingAndMarketingExpenses": 0,
    "sellingGeneralAndAdministrativeExpenses": 179656000,
    "otherExpenses": 0,
    "operatingExpenses": 179656000,
    "costAndExpenses": 740090000,
    "interestIncome": 339393000,
    "interestExpense": 0,
    "depreciationAndAmortization": 0,
    "ebitda": 1433945000,
    "ebitdaratio": 1.2693530654,
    "operatingIncome": 389576000,
    "operatingIncomeRatio": 0.344859454,
    "totalOtherIncomeExpensesNet": 833288000,
    "incomeBeforeTax": 1222864000,
    "incomeBeforeTaxRatio": 1.0825004913,
    "incomeTaxExpense": -129405000,
    "netIncome": 648539000,
    "netIncomeRatio": 0.5740980077,
    "eps": 1.22,
    "epsdiluted": 1.17,
    "weightedAverageShsOut": 525240214,
    "weightedAverageShsOutDil": 545672953,
    "link": "https://www.sec.gov/Archives/edgar/data/1404912/000140491218000021/0001404912-18-000021-index.htm",
    "finalLink": "https://www.sec.gov/Archives/edgar/data/1404912/000140491218000021/kkr-201893010xq.htm"
  },
  {
    "date": "2018-06-30",
    "symbol": "KKR",
    "reportedCurrency": "USD",
    "cik": "0001404912",
    "fillingDate": "2018-08-03",
    "acceptedDate": "2018-08-03 17:09:22",
    "calendarYear": "2018",
    "period": "Q2",
    "revenue": 971620000,
    "costOfRevenue": 472500000,
    "grossProfit": 499120000,
    "grossProfitRatio": 0.5136987711,
    "researchAndDevelopmentExpenses": 0,
    "generalAndAdministrativeExpenses": 202550000,
    "sellingAndMarketingExpenses": 0,
    "sellingGeneralAndAdministrativeExpenses": 202550000,
    "otherExpenses": 0,
    "operatingExpenses": 202550000,
    "costAndExpenses": 675050000,
    "interestIncome": 351705000,
    "interestExpense": 0,
    "depreciationAndAmortization": 0,
    "ebitda": 1831206000,
    "ebitdaratio": 1.8846936045,
    "operatingIncome": 296570000,
    "operatingIncomeRatio": 0.3052324983,
    "totalOtherIncomeExpensesNet": 1330786000,
    "incomeBeforeTax": 1627356000,
    "incomeBeforeTaxRatio": 1.67488936,
    "incomeTaxExpense": 60960000,
    "netIncome": 688722000,
    "netIncomeRatio": 0.7088388465,
    "eps": 1.33,
    "epsdiluted": 1.24,
    "weightedAverageShsOut": 510586631,
    "weightedAverageShsOutDil": 548745498,
    "link": "https://www.sec.gov/Archives/edgar/data/1404912/000140491218000016/0001404912-18-000016-index.htm",
    "finalLink": "https://www.sec.gov/Archives/edgar/data/1404912/000140491218000016/kkr-201863010xq.htm"
  },
  {
    "date": "2018-03-31",
    "symbol": "KKR",
    "reportedCurrency": "USD",
    "cik": "0001404912",
    "fillingDate": "2018-05-08",
    "acceptedDate": "2018-05-08 16:39:08",
    "calendarYear": "2018",
    "period": "Q1",
    "revenue": 472606000,
    "costOfRevenue": 298136000,
    "grossProfit": 174470000,
    "grossProfitRatio": 0.3691658591,
    "researchAndDevelopmentExpenses": 0,
    "generalAndAdministrativeExpenses": 138465000,
    "sellingAndMarketingExpenses": 0,
    "sellingGeneralAndAdministrativeExpenses": 138465000,
    "otherExpenses": 0,
    "operatingExpenses": 138465000,
    "costAndExpenses": 436601000,
    "interestIncome": 298256000,
    "interestExpense": 0,
    "depreciationAndAmortization": 0,
    "ebitda": 840125000,
    "ebitdaratio": 1.7776435339,
    "operatingIncome": 36005000,
    "operatingIncomeRatio": 0.0761839672,
    "totalOtherIncomeExpensesNet": 584530000,
    "incomeBeforeTax": 620535000,
    "incomeBeforeTaxRatio": 1.3130070291,
    "incomeTaxExpense": 17641000,
    "netIncome": 178443000,
    "netIncomeRatio": 0.3775724388,
    "eps": 0.36,
    "epsdiluted": 0.32,
    "weightedAverageShsOut": 487704838,
    "weightedAverageShsOutDil": 535918274,
    "link": "https://www.sec.gov/Archives/edgar/data/1404912/000140491218000009/0001404912-18-000009-index.htm",
    "finalLink": "https://www.sec.gov/Archives/edgar/data/1404912/000140491218000009/kkr-201833110xq.htm"
  },
  {
    "date": "2017-12-31",
    "symbol": "KKR",
    "reportedCurrency": "USD",
    "cik": "0001404912",
    "fillingDate": "2018-02-23",
    "acceptedDate": "2018-02-23 16:40:17",
    "calendarYear": "2017",
    "period": "Q4",
    "revenue": 941648000,
    "costOfRevenue": 461173000,
    "grossProfit": 480475000,
    "grossProfitRatio": 0.5102490527,
    "researchAndDevelopmentExpenses": 0,
    "generalAndAdministrativeExpenses": 175530000,
    "sellingAndMarketingExpenses": 0,
    "sellingGeneralAndAdministrativeExpenses": 175530000,
    "otherExpenses": 0,
    "operatingExpenses": 175530000,
    "costAndExpenses": 636703000,
    "interestIncome": 348587000,
    "interestExpense": 0,
    "depreciationAndAmortization": 0,
    "ebitda": 873007000,
    "ebitdaratio": 0.9271054577,
    "operatingIncome": 304945000,
    "operatingIncomeRatio": 0.3238418177,
    "totalOtherIncomeExpensesNet": 356567000,
    "incomeBeforeTax": 661512000,
    "incomeBeforeTaxRatio": 0.7025045452,
    "incomeTaxExpense": 146826000,
    "netIncome": 174730000,
    "netIncomeRatio": 0.1855576606,
    "eps": 0.35,
    "epsdiluted": 0.32,
    "weightedAverageShsOut": 481165742,
    "weightedAverageShsOutDil": 520156582,
    "link": "https://www.sec.gov/Archives/edgar/data/1404912/000140491218000005/0001404912-18-000005-index.htm",
    "finalLink": "https://www.sec.gov/Archives/edgar/data/1404912/000140491218000005/kkr-2017123110xk.htm"
  },
  {
    "date": "2017-09-30",
    "symbol": "KKR",
    "reportedCurrency": "USD",
    "cik": "0001404912",
    "fillingDate": "2017-11-03",
    "acceptedDate": "2017-11-03 16:59:38",
    "calendarYear": "2017",
    "period": "Q3",
    "revenue": 749652000,
    "costOfRevenue": 368513000,
    "grossProfit": 381139000,
    "grossProfitRatio": 0.5084212408,
    "researchAndDevelopmentExpenses": 0,
    "generalAndAdministrativeExpenses": 161734000,
    "sellingAndMarketingExpenses": 0,
    "sellingGeneralAndAdministrativeExpenses": 161734000,
    "otherExpenses": 0,
    "operatingExpenses": 161734000,
    "costAndExpenses": 530247000,
    "interestIncome": 317134000,
    "interestExpense": 0,
    "depreciationAndAmortization": 0,
    "ebitda": 609317000,
    "ebitdaratio": 0.8127998058,
    "operatingIncome": 219405000,
    "operatingIncomeRatio": 0.2926758016,
    "totalOtherIncomeExpensesNet": 177953000,
    "incomeBeforeTax": 397358000,
    "incomeBeforeTaxRatio": 0.5300566129,
    "incomeTaxExpense": 18420000,
    "netIncome": 161904000,
    "netIncomeRatio": 0.2159722111,
    "eps": 0.33,
    "epsdiluted": 0.3,
    "weightedAverageShsOut": 471758886,
    "weightedAverageShsOutDil": 506873177,
    "link": "https://www.sec.gov/Archives/edgar/data/1404912/000140491217000020/0001404912-17-000020-index.htm",
    "finalLink": "https://www.sec.gov/Archives/edgar/data/1404912/000140491217000020/kkr-201793010xq.htm"
  },
  {
    "date": "2017-06-30",
    "symbol": "KKR",
    "reportedCurrency": "USD",
    "cik": "0001404912",
    "fillingDate": "2017-08-04",
    "acceptedDate": "2017-08-04 16:09:26",
    "calendarYear": "2017",
    "period": "Q2",
    "revenue": 1015800000,
    "costOfRevenue": 462841000,
    "grossProfit": 552959000,
    "grossProfitRatio": 0.5443581414,
    "researchAndDevelopmentExpenses": 0,
    "generalAndAdministrativeExpenses": 166887000,
    "sellingAndMarketingExpenses": 0,
    "sellingGeneralAndAdministrativeExpenses": 166887000,
    "otherExpenses": 0,
    "operatingExpenses": 166887000,
    "costAndExpenses": 629728000,
    "interestIncome": 295718000,
    "interestExpense": 0,
    "depreciationAndAmortization": 0,
    "ebitda": 1085652000,
    "ebitdaratio": 1.068765505,
    "operatingIncome": 386072000,
    "operatingIncomeRatio": 0.3800669423,
    "totalOtherIncomeExpensesNet": 500990000,
    "incomeBeforeTax": 887062000,
    "incomeBeforeTaxRatio": 0.8732644221,
    "incomeTaxExpense": 18538000,
    "netIncome": 413987000,
    "netIncomeRatio": 0.4075477456,
    "eps": 0.87,
    "epsdiluted": 0.81,
    "weightedAverageShsOut": 466170025,
    "weightedAverageShsOutDil": 501177423,
    "link": "https://www.sec.gov/Archives/edgar/data/1404912/000140491217000014/0001404912-17-000014-index.htm",
    "finalLink": "https://www.sec.gov/Archives/edgar/data/1404912/000140491217000014/kkr-201763010xq.htm"
  },
  {
    "date": "2017-03-31",
    "symbol": "KKR",
    "reportedCurrency": "USD",
    "cik": "0001404912",
    "fillingDate": "2017-05-08",
    "acceptedDate": "2017-05-05 19:04:07",
    "calendarYear": "2017",
    "period": "Q1",
    "revenue": 767755000,
    "costOfRevenue": 402963000,
    "grossProfit": 364792000,
    "grossProfitRatio": 0.4751411583,
    "researchAndDevelopmentExpenses": 0,
    "generalAndAdministrativeExpenses": 137051000,
    "sellingAndMarketingExpenses": 0,
    "sellingGeneralAndAdministrativeExpenses": 137051000,
    "otherExpenses": 0,
    "operatingExpenses": 137051000,
    "costAndExpenses": 540014000,
    "interestIncome": 280980000,
    "interestExpense": 0,
    "depreciationAndAmortization": 0,
    "ebitda": 1025290000,
    "ebitdaratio": 1.3354390398,
    "operatingIncome": 227741000,
    "operatingIncomeRatio": 0.2966323892,
    "totalOtherIncomeExpensesNet": 610695000,
    "incomeBeforeTax": 838436000,
    "incomeBeforeTaxRatio": 1.0920619208,
    "incomeTaxExpense": 40542000,
    "netIncome": 267684000,
    "netIncomeRatio": 0.3486581006,
    "eps": 0.57,
    "epsdiluted": 0.52,
    "weightedAverageShsOut": 453695846,
    "weightedAverageShsOutDil": 496684340,
    "link": "https://www.sec.gov/Archives/edgar/data/1404912/000140491217000010/0001404912-17-000010-index.htm",
    "finalLink": "https://www.sec.gov/Archives/edgar/data/1404912/000140491217000010/kkr-201733110xq.htm"
  },
  {
    "date": "2016-12-31",
    "symbol": "KKR",
    "reportedCurrency": "USD",
    "cik": "0001404912",
    "fillingDate": "2017-02-24",
    "acceptedDate": "2017-02-24 16:33:50",
    "calendarYear": "2016",
    "period": "Q4",
    "revenue": 481475000,
    "costOfRevenue": 283751000,
    "grossProfit": 197724000,
    "grossProfitRatio": 0.4106630666,
    "researchAndDevelopmentExpenses": 0,
    "generalAndAdministrativeExpenses": 169065000,
    "sellingAndMarketingExpenses": 0,
    "sellingGeneralAndAdministrativeExpenses": 169065000,
    "otherExpenses": 0,
    "operatingExpenses": 169065000,
    "costAndExpenses": 452816000,
    "interestIncome": 268615000,
    "interestExpense": 0,
    "depreciationAndAmortization": 0,
    "ebitda": 650948000,
    "ebitdaratio": 1.3519871229,
    "operatingIncome": 28659000,
    "operatingIncomeRatio": 0.0595233397,
    "totalOtherIncomeExpensesNet": 440148000,
    "incomeBeforeTax": 468807000,
    "incomeBeforeTaxRatio": 0.9736891843,
    "incomeTaxExpense": 5800000,
    "netIncome": 179310000,
    "netIncomeRatio": 0.3724180902,
    "eps": 0.38,
    "epsdiluted": 0.35,
    "weightedAverageShsOut": 451154845,
    "weightedAverageShsOutDil": 484312804,
    "link": "https://www.sec.gov/Archives/edgar/data/1404912/000140491217000005/0001404912-17-000005-index.htm",
    "finalLink": "https://www.sec.gov/Archives/edgar/data/1404912/000140491217000005/kkr-2016123110xk.htm"
  },
  {
    "date": "2016-09-30",
    "symbol": "KKR",
    "reportedCurrency": "USD",
    "cik": "0001404912",
    "fillingDate": "2016-11-04",
    "acceptedDate": "2016-11-04 16:41:27",
    "calendarYear": "2016",
    "period": "Q3",
    "revenue": 687056000,
    "costOfRevenue": 358161000,
    "grossProfit": 328895000,
    "grossProfitRatio": 0.4787018817,
    "researchAndDevelopmentExpenses": 0,
    "generalAndAdministrativeExpenses": 152956000,
    "sellingAndMarketingExpenses": 0,
    "sellingGeneralAndAdministrativeExpenses": 152956000,
    "otherExpenses": 0,
    "operatingExpenses": 152956000,
    "costAndExpenses": 511117000,
    "interestIncome": 256505000,
    "interestExpense": 0,
    "depreciationAndAmortization": 0,
    "ebitda": 1240693000,
    "ebitdaratio": 1.8058105889,
    "operatingIncome": 175939000,
    "operatingIncomeRatio": 0.2560766517,
    "totalOtherIncomeExpensesNet": 809649000,
    "incomeBeforeTax": 985588000,
    "incomeBeforeTaxRatio": 1.4345089774,
    "incomeTaxExpense": 10826000,
    "netIncome": 360353000,
    "netIncomeRatio": 0.5244885424,
    "eps": 0.79,
    "epsdiluted": 0.73,
    "weightedAverageShsOut": 445989300,
    "weightedAverageShsOutDil": 479975675,
    "link": "https://www.sec.gov/Archives/edgar/data/1404912/000140491216000022/0001404912-16-000022-index.htm",
    "finalLink": "https://www.sec.gov/Archives/edgar/data/1404912/000140491216000022/kkr-201693010xq.htm"
  },
  {
    "date": "2016-06-30",
    "symbol": "KKR",
    "reportedCurrency": "USD",
    "cik": "0001404912",
    "fillingDate": "2016-08-04",
    "acceptedDate": "2016-08-04 17:02:01",
    "calendarYear": "2016",
    "period": "Q2",
    "revenue": 576757000,
    "costOfRevenue": 296412000,
    "grossProfit": 280345000,
    "grossProfitRatio": 0.486071257,
    "researchAndDevelopmentExpenses": 0,
    "generalAndAdministrativeExpenses": 126806000,
    "sellingAndMarketingExpenses": 0,
    "sellingGeneralAndAdministrativeExpenses": 126806000,
    "otherExpenses": 0,
    "operatingExpenses": 126806000,
    "costAndExpenses": 423218000,
    "interestIncome": 266213000,
    "interestExpense": 181313000,
    "depreciationAndAmortization": 0,
    "ebitda": 460589000,
    "ebitdaratio": 0.7985841524,
    "operatingIncome": 153539000,
    "operatingIncomeRatio": 0.2662108999,
    "totalOtherIncomeExpensesNet": 125737000,
    "incomeBeforeTax": 279276000,
    "incomeBeforeTaxRatio": 0.4842177902,
    "incomeTaxExpense": 6045000,
    "netIncome": 99583000,
    "netIncomeRatio": 0.1726602365,
    "eps": 0.21,
    "epsdiluted": 0.19,
    "weightedAverageShsOut": 448221538,
    "weightedAverageShsOutDil": 481809612,
    "link": "https://www.sec.gov/Archives/edgar/data/1404912/000140491216000017/0001404912-16-000017-index.htm",
    "finalLink": "https://www.sec.gov/Archives/edgar/data/1404912/000140491216000017/kkr-201663010xq.htm"
  },
  {
    "date": "2016-03-31",
    "symbol": "KKR",
    "reportedCurrency": "USD",
    "cik": "0001404912",
    "fillingDate": "2016-05-06",
    "acceptedDate": "2016-05-06 16:36:55",
    "calendarYear": "2016",
    "period": "Q1",
    "revenue": 162805000,
    "costOfRevenue": 125489000,
    "grossProfit": 37316000,
    "grossProfitRatio": 0.2292067197,
    "researchAndDevelopmentExpenses": 0,
    "generalAndAdministrativeExpenses": 182834000,
    "sellingAndMarketingExpenses": 0,
    "sellingGeneralAndAdministrativeExpenses": 182834000,
    "otherExpenses": 0,
    "operatingExpenses": 182834000,
    "costAndExpenses": 308323000,
    "interestIncome": 230476000,
    "interestExpense": 171394000,
    "depreciationAndAmortization": 0,
    "ebitda": -587052000,
    "ebitdaratio": -3.6058597709,
    "operatingIncome": -145518000,
    "operatingIncomeRatio": -0.8938177574,
    "totalOtherIncomeExpensesNet": -612928000,
    "incomeBeforeTax": -758446000,
    "incomeBeforeTaxRatio": -4.6586161359,
    "incomeTaxExpense": 1890000,
    "netIncome": -329939000,
    "netIncomeRatio": -2.0265900924,
    "eps": -0.73,
    "epsdiluted": -0.73,
    "weightedAverageShsOut": 450262143,
    "weightedAverageShsOutDil": 450262143,
    "link": "https://www.sec.gov/Archives/edgar/data/1404912/000140491216000012/0001404912-16-000012-index.htm",
    "finalLink": "https://www.sec.gov/Archives/edgar/data/1404912/000140491216000012/kkr-201633110xq.htm"
  },
  {
    "date": "2015-12-31",
    "symbol": "KKR",
    "reportedCurrency": "USD",
    "cik": "0001404912",
    "fillingDate": "2016-02-26",
    "acceptedDate": "2016-02-26 17:20:31",
    "calendarYear": "2015",
    "period": "Q4",
    "revenue": 307923000,
    "costOfRevenue": 306942000,
    "grossProfit": 981000,
    "grossProfitRatio": 0.0031858614,
    "researchAndDevelopmentExpenses": 0,
    "generalAndAdministrativeExpenses": 218153000,
    "sellingAndMarketingExpenses": 0,
    "sellingGeneralAndAdministrativeExpenses": 218153000,
    "otherExpenses": 0,
    "operatingExpenses": 218153000,
    "costAndExpenses": 525095000,
    "interestIncome": 320569000,
    "interestExpense": 170282000,
    "depreciationAndAmortization": 0,
    "ebitda": 1441673000,
    "ebitdaratio": 4.6819269753,
    "operatingIncome": -217172000,
    "operatingIncomeRatio": -0.7052802162,
    "totalOtherIncomeExpensesNet": 1488563000,
    "incomeBeforeTax": 1271391000,
    "incomeBeforeTaxRatio": 4.1289250884,
    "incomeTaxExpense": 27341000,
    "netIncome": 32257000,
    "netIncomeRatio": 0.1047567087,
    "eps": 0,
    "epsdiluted": 0,
    "weightedAverageShsOut": 450262143,
    "weightedAverageShsOutDil": 450262143,
    "link": "https://www.sec.gov/Archives/edgar/data/1404912/000140491216000009/0001404912-16-000009-index.htm",
    "finalLink": "https://www.sec.gov/Archives/edgar/data/1404912/000140491216000009/kkr-2015123110xk.htm"
  },
  {
    "date": "2015-09-30",
    "symbol": "KKR",
    "reportedCurrency": "USD",
    "cik": "0001404912",
    "fillingDate": "2015-11-05",
    "acceptedDate": "2015-11-05 17:02:40",
    "calendarYear": "2015",
    "period": "Q3",
    "revenue": 188626000,
    "costOfRevenue": 96959000,
    "grossProfit": 91667000,
    "grossProfitRatio": 0.4859722414,
    "researchAndDevelopmentExpenses": 0,
    "generalAndAdministrativeExpenses": 179961000,
    "sellingAndMarketingExpenses": 0,
    "sellingGeneralAndAdministrativeExpenses": 179961000,
    "otherExpenses": 0,
    "operatingExpenses": 179961000,
    "costAndExpenses": 276920000,
    "interestIncome": 299485000,
    "interestExpense": 151554000,
    "depreciationAndAmortization": 0,
    "ebitda": -1073731000,
    "ebitdaratio": -5.6923806898,
    "operatingIncome": -88294000,
    "operatingIncomeRatio": -0.4680902951,
    "totalOtherIncomeExpensesNet": -1136991000,
    "incomeBeforeTax": -1225285000,
    "incomeBeforeTaxRatio": -6.4958436271,
    "incomeTaxExpense": -7390000,
    "netIncome": -190588000,
    "netIncomeRatio": -1.0104015353,
    "eps": -0.42,
    "epsdiluted": -0.42,
    "weightedAverageShsOut": 452165697,
    "weightedAverageShsOutDil": 452165697,
    "link": "https://www.sec.gov/Archives/edgar/data/1404912/000140491215000007/0001404912-15-000007-index.htm",
    "finalLink": "https://www.sec.gov/Archives/edgar/data/1404912/000140491215000007/kkr-201593010xq.htm"
  },
  {
    "date": "2015-06-30",
    "symbol": "KKR",
    "reportedCurrency": "USD",
    "cik": "0001404912",
    "fillingDate": "2015-08-07",
    "acceptedDate": "2015-08-07 17:02:59",
    "calendarYear": "2015",
    "period": "Q2",
    "revenue": 255874000,
    "costOfRevenue": 411691000,
    "grossProfit": -155817000,
    "grossProfitRatio": -0.6089598787,
    "researchAndDevelopmentExpenses": 0,
    "generalAndAdministrativeExpenses": 142486000,
    "sellingAndMarketingExpenses": 0,
    "sellingGeneralAndAdministrativeExpenses": 142486000,
    "otherExpenses": 0,
    "operatingExpenses": 142486000,
    "costAndExpenses": 554177000,
    "interestIncome": 302985000,
    "interestExpense": 139427000,
    "depreciationAndAmortization": 0,
    "ebitda": 3475842000,
    "ebitdaratio": 13.5841937829,
    "operatingIncome": -298303000,
    "operatingIncomeRatio": -1.1658198957,
    "totalOtherIncomeExpensesNet": 3634718000,
    "incomeBeforeTax": 3336415000,
    "incomeBeforeTaxRatio": 13.0392888687,
    "incomeTaxExpense": 30547000,
    "netIncome": 376306000,
    "netIncomeRatio": 1.4706691575,
    "eps": 0.84,
    "epsdiluted": 0.78,
    "weightedAverageShsOut": 446794950,
    "weightedAverageShsOutDil": 482651491,
    "link": "https://www.sec.gov/Archives/edgar/data/1404912/000140491215000005/0001404912-15-000005-index.htm",
    "finalLink": "https://www.sec.gov/Archives/edgar/data/1404912/000140491215000005/kkr-201563010xq.htm"
  },
  {
    "date": "2015-03-31",
    "symbol": "KKR",
    "reportedCurrency": "USD",
    "cik": "0001404912",
    "fillingDate": "2015-05-07",
    "acceptedDate": "2015-05-07 17:02:08",
    "calendarYear": "2015",
    "period": "Q1",
    "revenue": 291345000,
    "costOfRevenue": 364999000,
    "grossProfit": -73654000,
    "grossProfitRatio": -0.2528068098,
    "researchAndDevelopmentExpenses": 0,
    "generalAndAdministrativeExpenses": 150034000,
    "sellingAndMarketingExpenses": 0,
    "sellingGeneralAndAdministrativeExpenses": 150034000,
    "otherExpenses": 0,
    "operatingExpenses": 150034000,
    "costAndExpenses": 515033000,
    "interestIncome": 296158000,
    "interestExpense": 111963000,
    "depreciationAndAmortization": 0,
    "ebitda": 2071110000,
    "ebitdaratio": 7.1087885497,
    "operatingIncome": -223688000,
    "operatingIncomeRatio": -0.7677770341,
    "totalOtherIncomeExpensesNet": 2182835000,
    "incomeBeforeTax": 1959147000,
    "incomeBeforeTaxRatio": 6.7244915821,
    "incomeTaxExpense": 16138000,
    "netIncome": 270507000,
    "netIncomeRatio": 0.9284765484,
    "eps": 0.62,
    "epsdiluted": 0.57,
    "weightedAverageShsOut": 434874820,
    "weightedAverageShsOutDil": 472225344,
    "link": "https://www.sec.gov/Archives/edgar/data/1404912/000140491215000002/0001404912-15-000002-index.htm",
    "finalLink": "https://www.sec.gov/Archives/edgar/data/1404912/000140491215000002/kkr-201533110xq.htm"
  },
  {
    "date": "2014-12-31",
    "symbol": "KKR",
    "reportedCurrency": "USD",
    "cik": "0001404912",
    "fillingDate": "2015-02-27",
    "acceptedDate": "2015-02-27 17:07:52",
    "calendarYear": "2014",
    "period": "Q4",
    "revenue": 212944000,
    "costOfRevenue": 253661000,
    "grossProfit": -40717000,
    "grossProfitRatio": -0.1912098956,
    "researchAndDevelopmentExpenses": 0,
    "generalAndAdministrativeExpenses": 379500000,
    "sellingAndMarketingExpenses": 0,
    "sellingGeneralAndAdministrativeExpenses": 379500000,
    "otherExpenses": 0,
    "operatingExpenses": 379500000,
    "costAndExpenses": 633161000,
    "interestIncome": 271083000,
    "interestExpense": 119846000,
    "depreciationAndAmortization": 0,
    "ebitda": 592684000,
    "ebitdaratio": 2.7832857465,
    "operatingIncome": -420217000,
    "operatingIncomeRatio": -1.9733685852,
    "totalOtherIncomeExpensesNet": 893055000,
    "incomeBeforeTax": 472838000,
    "incomeBeforeTaxRatio": 2.2204805019,
    "incomeTaxExpense": 6524000,
    "netIncome": -583000,
    "netIncomeRatio": -0.002737809,
    "eps": -0.0014,
    "epsdiluted": -0.0014,
    "weightedAverageShsOut": 431432521,
    "weightedAverageShsOutDil": 458982859,
    "link": "https://www.sec.gov/Archives/edgar/data/1404912/000104746915001418/0001047469-15-001418-index.htm",
    "finalLink": "https://www.sec.gov/Archives/edgar/data/1404912/000104746915001418/a2223180z10-k.htm"
  },
  {
    "date": "2014-09-30",
    "symbol": "KKR",
    "reportedCurrency": "USD",
    "cik": "0001404912",
    "fillingDate": "2014-11-06",
    "acceptedDate": "2014-11-06 17:02:52",
    "calendarYear": "2014",
    "period": "Q3",
    "revenue": 344768000,
    "costOfRevenue": 320423000,
    "grossProfit": 24345000,
    "grossProfitRatio": 0.0706127019,
    "researchAndDevelopmentExpenses": 0,
    "generalAndAdministrativeExpenses": 183987000,
    "sellingAndMarketingExpenses": 0,
    "sellingGeneralAndAdministrativeExpenses": 183987000,
    "otherExpenses": 0,
    "operatingExpenses": 183987000,
    "costAndExpenses": 504410000,
    "interestIncome": 260292000,
    "interestExpense": 96618000,
    "depreciationAndAmortization": 0,
    "ebitda": 997929000,
    "ebitdaratio": 2.8944942686,
    "operatingIncome": -159642000,
    "operatingIncomeRatio": -0.4630418136,
    "totalOtherIncomeExpensesNet": 1060953000,
    "incomeBeforeTax": 901311000,
    "incomeBeforeTaxRatio": 2.614253643,
    "incomeTaxExpense": 29267000,
    "netIncome": 89938000,
    "netIncomeRatio": 0.2608652775,
    "eps": 0.21,
    "epsdiluted": 0.2,
    "weightedAverageShsOut": 419961455,
    "weightedAverageShsOutDil": 452019742,
    "link": "https://www.sec.gov/Archives/edgar/data/1404912/000110465914077770/0001104659-14-077770-index.htm",
    "finalLink": "https://www.sec.gov/Archives/edgar/data/1404912/000110465914077770/a14-19763_110q.htm"
  },
  {
    "date": "2014-06-30",
    "symbol": "KKR",
    "reportedCurrency": "USD",
    "cik": "0001404912",
    "fillingDate": "2014-08-07",
    "acceptedDate": "2014-08-07 06:02:02",
    "calendarYear": "2014",
    "period": "Q2",
    "revenue": 249370000,
    "costOfRevenue": 358730000,
    "grossProfit": -109360000,
    "grossProfitRatio": -0.4385451337,
    "researchAndDevelopmentExpenses": 0,
    "generalAndAdministrativeExpenses": 226595000,
    "sellingAndMarketingExpenses": 0,
    "sellingGeneralAndAdministrativeExpenses": 226595000,
    "otherExpenses": 0,
    "operatingExpenses": 226595000,
    "costAndExpenses": 585325000,
    "interestIncome": 215872000,
    "interestExpense": 65997000,
    "depreciationAndAmortization": 0,
    "ebitda": 2124669000,
    "ebitdaratio": 8.5201467699,
    "operatingIncome": -335955000,
    "operatingIncomeRatio": -1.3472149818,
    "totalOtherIncomeExpensesNet": 2394627000,
    "incomeBeforeTax": 2058672000,
    "incomeBeforeTaxRatio": 8.2554918394,
    "incomeTaxExpense": 6176000,
    "netIncome": 178215000,
    "netIncomeRatio": 0.7146609456,
    "eps": 0.47,
    "epsdiluted": 0.43,
    "weightedAverageShsOut": 377542161,
    "weightedAverageShsOutDil": 410179838,
    "link": "https://www.sec.gov/Archives/edgar/data/1404912/000110465914057776/0001104659-14-057776-index.htm",
    "finalLink": "https://www.sec.gov/Archives/edgar/data/1404912/000110465914057776/a14-14044_110q.htm"
  },
  {
    "date": "2014-03-31",
    "symbol": "KKR",
    "reportedCurrency": "USD",
    "cik": "0001404912",
    "fillingDate": "2014-05-07",
    "acceptedDate": "2014-05-06 19:13:54",
    "calendarYear": "2014",
    "period": "Q1",
    "revenue": 302926000,
    "costOfRevenue": 331038000,
    "grossProfit": -28112000,
    "grossProfitRatio": -0.0928015423,
    "researchAndDevelopmentExpenses": 0,
    "generalAndAdministrativeExpenses": 142133000,
    "sellingAndMarketingExpenses": 0,
    "sellingGeneralAndAdministrativeExpenses": 142133000,
    "otherExpenses": 0,
    "operatingExpenses": 142133000,
    "costAndExpenses": 473171000,
    "interestIncome": 161960000,
    "interestExpense": 34731000,
    "depreciationAndAmortization": 0,
    "ebitda": 2060599000,
    "ebitdaratio": 6.8023180579,
    "operatingIncome": -170245000,
    "operatingIncomeRatio": -0.5620019411,
    "totalOtherIncomeExpensesNet": 2196113000,
    "incomeBeforeTax": 2025868000,
    "incomeBeforeTaxRatio": 6.6876662947,
    "incomeTaxExpense": 21702000,
    "netIncome": 210041000,
    "netIncomeRatio": 0.6933739593,
    "eps": 0.72,
    "epsdiluted": 0.65,
    "weightedAverageShsOut": 293490461,
    "weightedAverageShsOutDil": 325104229,
    "link": "https://www.sec.gov/Archives/edgar/data/1404912/000110465914035344/0001104659-14-035344-index.htm",
    "finalLink": "https://www.sec.gov/Archives/edgar/data/1404912/000110465914035344/a14-9598_110q.htm"
  },
  {
    "date": "2013-12-31",
    "symbol": "KKR",
    "reportedCurrency": "USD",
    "cik": "0001404912",
    "fillingDate": "2014-02-24",
    "acceptedDate": "2014-02-24 06:19:24",
    "calendarYear": "2013",
    "period": "Q4",
    "revenue": 224902000,
    "costOfRevenue": 405687000,
    "grossProfit": -180785000,
    "grossProfitRatio": -0.8038390054,
    "researchAndDevelopmentExpenses": 0,
    "generalAndAdministrativeExpenses": 174604000,
    "sellingAndMarketingExpenses": 0,
    "sellingGeneralAndAdministrativeExpenses": 174604000,
    "otherExpenses": 0,
    "operatingExpenses": 174604000,
    "costAndExpenses": 580291000,
    "interestIncome": 122509000,
    "interestExpense": 26923000,
    "depreciationAndAmortization": 0,
    "ebitda": 3319954000,
    "ebitdaratio": 14.7617806867,
    "operatingIncome": -355389000,
    "operatingIncomeRatio": -1.5801949293,
    "totalOtherIncomeExpensesNet": 3648420000,
    "incomeBeforeTax": 3293031000,
    "incomeBeforeTaxRatio": 14.6420707686,
    "incomeTaxExpense": 12401000,
    "netIncome": 277913000,
    "netIncomeRatio": 1.235707108,
    "eps": 0.96,
    "epsdiluted": 0.89,
    "weightedAverageShsOut": 288045501,
    "weightedAverageShsOutDil": 312340336,
    "link": "https://www.sec.gov/Archives/edgar/data/1404912/000104746914001189/0001047469-14-001189-index.htm",
    "finalLink": "https://www.sec.gov/Archives/edgar/data/1404912/000104746914001189/a2218358z10-k.htm"
  },
  {
    "date": "2013-09-30",
    "symbol": "KKR",
    "reportedCurrency": "USD",
    "cik": "0001404912",
    "fillingDate": "2013-11-01",
    "acceptedDate": "2013-11-01 17:04:28",
    "calendarYear": "2013",
    "period": "Q3",
    "revenue": 220028000,
    "costOfRevenue": 329182000,
    "grossProfit": -109154000,
    "grossProfitRatio": -0.4960914065,
    "researchAndDevelopmentExpenses": 0,
    "generalAndAdministrativeExpenses": 126313000,
    "sellingAndMarketingExpenses": 0,
    "sellingGeneralAndAdministrativeExpenses": 126313000,
    "otherExpenses": 0,
    "operatingExpenses": 126313000,
    "costAndExpenses": 455495000,
    "interestIncome": 114861000,
    "interestExpense": 25056000,
    "depreciationAndAmortization": 0,
    "ebitda": 2230854000,
    "ebitdaratio": 10.1389550421,
    "operatingIncome": -235467000,
    "operatingIncomeRatio": -1.0701683422,
    "totalOtherIncomeExpensesNet": 2441265000,
    "incomeBeforeTax": 2205798000,
    "incomeBeforeTaxRatio": 10.0250786264,
    "incomeTaxExpense": 7644000,
    "netIncome": 204740000,
    "netIncomeRatio": 0.9305179341,
    "eps": 0.73,
    "epsdiluted": 0.66,
    "weightedAverageShsOut": 282148802,
    "weightedAverageShsOutDil": 308135191,
    "link": "https://www.sec.gov/Archives/edgar/data/1404912/000110465913080110/0001104659-13-080110-index.htm",
    "finalLink": "https://www.sec.gov/Archives/edgar/data/1404912/000110465913080110/a13-19514_110q.htm"
  },
  {
    "date": "2013-06-30",
    "symbol": "KKR",
    "reportedCurrency": "USD",
    "cik": "0001404912",
    "fillingDate": "2013-08-08",
    "acceptedDate": "2013-08-07 19:17:43",
    "calendarYear": "2013",
    "period": "Q2",
    "revenue": 166376000,
    "costOfRevenue": 200602000,
    "grossProfit": -34226000,
    "grossProfitRatio": -0.2057147666,
    "researchAndDevelopmentExpenses": 0,
    "generalAndAdministrativeExpenses": 91420000,
    "sellingAndMarketingExpenses": 0,
    "sellingGeneralAndAdministrativeExpenses": 91420000,
    "otherExpenses": 0,
    "operatingExpenses": 91420000,
    "costAndExpenses": 292022000,
    "interestIncome": 128020000,
    "interestExpense": 24614000,
    "depreciationAndAmortization": 0,
    "ebitda": 310397000,
    "ebitdaratio": 1.8656356686,
    "operatingIncome": -125646000,
    "operatingIncomeRatio": -0.7551930567,
    "totalOtherIncomeExpensesNet": 411429000,
    "incomeBeforeTax": 285783000,
    "incomeBeforeTaxRatio": 1.7176936577,
    "incomeTaxExpense": 8525000,
    "netIncome": 15134000,
    "netIncomeRatio": 0.0909626388,
    "eps": 0.06,
    "epsdiluted": 0.05,
    "weightedAverageShsOut": 271983811,
    "weightedAverageShsOutDil": 298078764,
    "link": "https://www.sec.gov/Archives/edgar/data/1404912/000110465913061181/0001104659-13-061181-index.htm",
    "finalLink": "https://www.sec.gov/Archives/edgar/data/1404912/000110465913061181/a13-13480_110q.htm"
  },
  {
    "date": "2013-03-31",
    "symbol": "KKR",
    "reportedCurrency": "USD",
    "cik": "0001404912",
    "fillingDate": "2013-05-02",
    "acceptedDate": "2013-05-02 17:16:48",
    "calendarYear": "2013",
    "period": "Q1",
    "revenue": 151240000,
    "costOfRevenue": 331121000,
    "grossProfit": -179881000,
    "grossProfitRatio": -1.1893745041,
    "researchAndDevelopmentExpenses": 0,
    "generalAndAdministrativeExpenses": 108209000,
    "sellingAndMarketingExpenses": 0,
    "sellingGeneralAndAdministrativeExpenses": 108209000,
    "otherExpenses": 0,
    "operatingExpenses": 108209000,
    "costAndExpenses": 439330000,
    "interestIncome": 109369000,
    "interestExpense": 23023000,
    "depreciationAndAmortization": 0,
    "ebitda": 2130565000,
    "ebitdaratio": 14.0873115578,
    "operatingIncome": -288090000,
    "operatingIncomeRatio": -1.9048532134,
    "totalOtherIncomeExpensesNet": 2395632000,
    "incomeBeforeTax": 2107542000,
    "incomeBeforeTaxRatio": 13.9350833113,
    "incomeTaxExpense": 9356000,
    "netIncome": 193439000,
    "netIncomeRatio": 1.2790201005,
    "eps": 0.75,
    "epsdiluted": 0.69,
    "weightedAverageShsOut": 257044184,
    "weightedAverageShsOutDil": 282042521,
    "link": "https://www.sec.gov/Archives/edgar/data/1404912/000110465913036662/0001104659-13-036662-index.htm",
    "finalLink": "https://www.sec.gov/Archives/edgar/data/1404912/000110465913036662/a13-8387_110q.htm"
  },
  {
    "date": "2012-12-31",
    "symbol": "KKR",
    "reportedCurrency": "USD",
    "cik": "0001404912",
    "fillingDate": "2013-02-22",
    "acceptedDate": "2013-02-22 16:04:58",
    "calendarYear": "2012",
    "period": "Q4",
    "revenue": -7289755000,
    "costOfRevenue": 0,
    "grossProfit": -7289755000,
    "grossProfitRatio": 1,
    "researchAndDevelopmentExpenses": 0,
    "generalAndAdministrativeExpenses": -878946000,
    "sellingAndMarketingExpenses": 0,
    "sellingGeneralAndAdministrativeExpenses": -878946000,
    "otherExpenses": 0,
    "operatingExpenses": -7289755000,
    "costAndExpenses": -7289755000,
    "interestIncome": 98929000,
    "interestExpense": 16407000,
    "depreciationAndAmortization": 0,
    "ebitda": 1470375000,
    "ebitdaratio": -0.2017043097,
    "operatingIncome": 0,
    "operatingIncomeRatio": 0,
    "totalOtherIncomeExpensesNet": 1453968000,
    "incomeBeforeTax": 1453968000,
    "incomeBeforeTaxRatio": -0.1994536168,
    "incomeTaxExpense": 5628000,
    "netIncome": 0,
    "netIncomeRatio": 0,
    "eps": 0.39,
    "epsdiluted": 0.36,
    "weightedAverageShsOut": 249303558,
    "weightedAverageShsOutDil": 268192128,
    "link": "https://www.sec.gov/Archives/edgar/data/1404912/000104746913001493/0001047469-13-001493-index.htm",
    "finalLink": "https://www.sec.gov/Archives/edgar/data/1404912/000104746913001493/a2213011z10-k.htm"
  },
  {
    "date": "2012-09-30",
    "symbol": "KKR",
    "reportedCurrency": "USD",
    "cik": "0001404912",
    "fillingDate": "2012-11-02",
    "acceptedDate": "2012-11-02 17:16:37",
    "calendarYear": "2012",
    "period": "Q3",
    "revenue": 162154000,
    "costOfRevenue": 366350000,
    "grossProfit": -204196000,
    "grossProfitRatio": -1.25927205,
    "researchAndDevelopmentExpenses": 0,
    "generalAndAdministrativeExpenses": 80169000,
    "sellingAndMarketingExpenses": 0,
    "sellingGeneralAndAdministrativeExpenses": 80169000,
    "otherExpenses": 0,
    "operatingExpenses": 80169000,
    "costAndExpenses": 446519000,
    "interestIncome": 95578000,
    "interestExpense": 17868000,
    "depreciationAndAmortization": 0,
    "ebitda": 2130266000,
    "ebitdaratio": 13.1373015775,
    "operatingIncome": -284365000,
    "operatingIncomeRatio": -1.7536724348,
    "totalOtherIncomeExpensesNet": 2396763000,
    "incomeBeforeTax": 2112398000,
    "incomeBeforeTaxRatio": 13.0271100312,
    "incomeTaxExpense": 9612000,
    "netIncome": 127411000,
    "netIncomeRatio": 0.7857407156,
    "eps": 0.53,
    "epsdiluted": 0.49,
    "weightedAverageShsOut": 239696358,
    "weightedAverageShsOutDil": 257646622,
    "link": "https://www.sec.gov/Archives/edgar/data/1404912/000110465912073758/0001104659-12-073758-index.htm",
    "finalLink": "https://www.sec.gov/Archives/edgar/data/1404912/000110465912073758/a12-19835_110q.htm"
  },
  {
    "date": "2012-06-30",
    "symbol": "KKR",
    "reportedCurrency": "USD",
    "cik": "0001404912",
    "fillingDate": "2012-08-03",
    "acceptedDate": "2012-08-02 18:50:00",
    "calendarYear": "2012",
    "period": "Q2",
    "revenue": 112360000,
    "costOfRevenue": 280640000,
    "grossProfit": -168280000,
    "grossProfitRatio": -1.4976860093,
    "researchAndDevelopmentExpenses": 0,
    "generalAndAdministrativeExpenses": 68099000,
    "sellingAndMarketingExpenses": 0,
    "sellingGeneralAndAdministrativeExpenses": 68099000,
    "otherExpenses": 0,
    "operatingExpenses": 68099000,
    "costAndExpenses": 348739000,
    "interestIncome": 87892000,
    "interestExpense": 16884000,
    "depreciationAndAmortization": 0,
    "ebitda": 1533120000,
    "ebitdaratio": 13.6447134211,
    "operatingIncome": -236379000,
    "operatingIncomeRatio": -2.1037646849,
    "totalOtherIncomeExpensesNet": 1752615000,
    "incomeBeforeTax": 1516236000,
    "incomeBeforeTaxRatio": 13.4944464222,
    "incomeTaxExpense": 11093000,
    "netIncome": 146261000,
    "netIncomeRatio": 1.3017176931,
    "eps": 0.62,
    "epsdiluted": 0.58,
    "weightedAverageShsOut": 235781983,
    "weightedAverageShsOutDil": 252507802,
    "link": "https://www.sec.gov/Archives/edgar/data/1404912/000110465912053817/0001104659-12-053817-index.htm",
    "finalLink": "https://www.sec.gov/Archives/edgar/data/1404912/000110465912053817/a12-11748_110q.htm"
  },
  {
    "date": "2012-03-31",
    "symbol": "KKR",
    "reportedCurrency": "USD",
    "cik": "0001404912",
    "fillingDate": "2012-05-04",
    "acceptedDate": "2012-05-04 17:01:07",
    "calendarYear": "2012",
    "period": "Q1",
    "revenue": 116307000,
    "costOfRevenue": 372410000,
    "grossProfit": -256103000,
    "grossProfitRatio": -2.20195689,
    "researchAndDevelopmentExpenses": 0,
    "generalAndAdministrativeExpenses": 72848000,
    "sellingAndMarketingExpenses": 0,
    "sellingGeneralAndAdministrativeExpenses": 72848000,
    "otherExpenses": 0,
    "operatingExpenses": 72848000,
    "costAndExpenses": 445258000,
    "interestIncome": 76199000,
    "interestExpense": 18005000,
    "depreciationAndAmortization": 0,
    "ebitda": 3007052000,
    "ebitdaratio": 25.8544369642,
    "operatingIncome": -328951000,
    "operatingIncomeRatio": -2.8282992425,
    "totalOtherIncomeExpensesNet": 3317998000,
    "incomeBeforeTax": 2989047000,
    "incomeBeforeTaxRatio": 25.6996311486,
    "incomeTaxExpense": 17072000,
    "netIncome": 190436000,
    "netIncomeRatio": 1.637356307,
    "eps": 0.83,
    "epsdiluted": 0.8,
    "weightedAverageShsOut": 229099335,
    "weightedAverageShsOutDil": 237832106,
    "link": "https://www.sec.gov/Archives/edgar/data/1404912/000110465912033287/0001104659-12-033287-index.htm",
    "finalLink": "https://www.sec.gov/Archives/edgar/data/1404912/000110465912033287/a12-6464_110q.htm"
  },
  {
    "date": "2011-12-31",
    "symbol": "KKR",
    "reportedCurrency": "USD",
    "cik": "0001404912",
    "fillingDate": "2012-02-27",
    "acceptedDate": "2012-02-24 19:22:51",
    "calendarYear": "2011",
    "period": "Q4",
    "revenue": 924456000,
    "costOfRevenue": 0,
    "grossProfit": 924456000,
    "grossProfitRatio": 1,
    "researchAndDevelopmentExpenses": 0,
    "generalAndAdministrativeExpenses": 314940000,
    "sellingAndMarketingExpenses": 0,
    "sellingGeneralAndAdministrativeExpenses": 314940000,
    "otherExpenses": 0,
    "operatingExpenses": 924456000,
    "costAndExpenses": 924456000,
    "interestIncome": 102968000,
    "interestExpense": 20393000,
    "depreciationAndAmortization": 0,
    "ebitda": 614712000,
    "ebitdaratio": 0.6649445728,
    "operatingIncome": 0,
    "operatingIncomeRatio": 0,
    "totalOtherIncomeExpensesNet": 594319000,
    "incomeBeforeTax": 594319000,
    "incomeBeforeTaxRatio": 0.642885113,
    "incomeTaxExpense": 21322000,
    "netIncome": 0,
    "netIncomeRatio": 0,
    "eps": 0,
    "epsdiluted": 0,
    "weightedAverageShsOut": 225438555,
    "weightedAverageShsOutDil": 229099335,
    "link": "https://www.sec.gov/Archives/edgar/data/1404912/000104746912001497/0001047469-12-001497-index.htm",
    "finalLink": "https://www.sec.gov/Archives/edgar/data/1404912/000104746912001497/a2207447z10-k.htm"
  },
  {
    "date": "2011-09-30",
    "symbol": "KKR",
    "reportedCurrency": "USD",
    "cik": "0001404912",
    "fillingDate": "2011-11-08",
    "acceptedDate": "2011-11-08 16:39:16",
    "calendarYear": "2011",
    "period": "Q3",
    "revenue": -3055990000,
    "costOfRevenue": 0,
    "grossProfit": -3055990000,
    "grossProfitRatio": 1,
    "researchAndDevelopmentExpenses": 0,
    "generalAndAdministrativeExpenses": 115128000,
    "sellingAndMarketingExpenses": 0,
    "sellingGeneralAndAdministrativeExpenses": 115128000,
    "otherExpenses": 0,
    "operatingExpenses": -3055990000,
    "costAndExpenses": -3055990000,
    "interestIncome": 64858000,
    "interestExpense": 17742000,
    "depreciationAndAmortization": 0,
    "ebitda": -3167078000,
    "ebitdaratio": 1.0363509043,
    "operatingIncome": 0,
    "operatingIncomeRatio": 0,
    "totalOtherIncomeExpensesNet": -3184820000,
    "incomeBeforeTax": -3184820000,
    "incomeBeforeTaxRatio": 1.0421565516,
    "incomeTaxExpense": 11535000,
    "netIncome": 0,
    "netIncomeRatio": 0,
    "eps": -1.09,
    "epsdiluted": -1.09,
    "weightedAverageShsOut": 222733648,
    "weightedAverageShsOutDil": 222733648,
    "link": "https://www.sec.gov/Archives/edgar/data/1404912/000110465911062174/0001104659-11-062174-index.htm",
    "finalLink": "https://www.sec.gov/Archives/edgar/data/1404912/000110465911062174/a11-25049_110q.htm"
  },
  {
    "date": "2011-06-30",
    "symbol": "KKR",
    "reportedCurrency": "USD",
    "cik": "0001404912",
    "fillingDate": "2011-08-05",
    "acceptedDate": "2011-08-04 19:29:37",
    "calendarYear": "2011",
    "period": "Q2",
    "revenue": 1539294000,
    "costOfRevenue": 0,
    "grossProfit": 1539294000,
    "grossProfitRatio": 1,
    "researchAndDevelopmentExpenses": 0,
    "generalAndAdministrativeExpenses": 318457000,
    "sellingAndMarketingExpenses": 0,
    "sellingGeneralAndAdministrativeExpenses": 318457000,
    "otherExpenses": 0,
    "operatingExpenses": 1539294000,
    "costAndExpenses": 1539294000,
    "interestIncome": 88749000,
    "interestExpense": 17371000,
    "depreciationAndAmortization": 0,
    "ebitda": 1225379000,
    "ebitdaratio": 0.7960655989,
    "operatingIncome": 0,
    "operatingIncomeRatio": 0,
    "totalOtherIncomeExpensesNet": 1208008000,
    "incomeBeforeTax": 1208008000,
    "incomeBeforeTaxRatio": 0.7847805552,
    "incomeTaxExpense": 25605000,
    "netIncome": 0,
    "netIncomeRatio": 0,
    "eps": 0.18,
    "epsdiluted": 0.18,
    "weightedAverageShsOut": 219188351,
    "weightedAverageShsOutDil": 220213799,
    "link": "https://www.sec.gov/Archives/edgar/data/1404912/000110465911043827/0001104659-11-043827-index.htm",
    "finalLink": "https://www.sec.gov/Archives/edgar/data/1404912/000110465911043827/a11-12443_110q.htm"
  },
  {
    "date": "2011-03-31",
    "symbol": "KKR",
    "reportedCurrency": "USD",
    "cik": "0001404912",
    "fillingDate": "2011-05-05",
    "acceptedDate": "2011-05-05 16:36:42",
    "calendarYear": "2011",
    "period": "Q1",
    "revenue": 2771976000,
    "costOfRevenue": 0,
    "grossProfit": 2771976000,
    "grossProfitRatio": 1,
    "researchAndDevelopmentExpenses": 0,
    "generalAndAdministrativeExpenses": 411198000,
    "sellingAndMarketingExpenses": 0,
    "sellingGeneralAndAdministrativeExpenses": 411198000,
    "otherExpenses": 0,
    "operatingExpenses": 2771976000,
    "costAndExpenses": 2771976000,
    "interestIncome": 65368000,
    "interestExpense": 17252000,
    "depreciationAndAmortization": 0,
    "ebitda": 2365476000,
    "ebitdaratio": 0.8533537087,
    "operatingIncome": 0,
    "operatingIncomeRatio": 0,
    "totalOtherIncomeExpensesNet": 2348224000,
    "incomeBeforeTax": 2348224000,
    "incomeBeforeTaxRatio": 0.8471299896,
    "incomeTaxExpense": 30783000,
    "netIncome": 0,
    "netIncomeRatio": 0,
    "eps": 0.75,
    "epsdiluted": 0.75,
    "weightedAverageShsOut": 213479630,
    "weightedAverageShsOutDil": 213509630,
    "link": "https://www.sec.gov/Archives/edgar/data/1404912/000104746911004640/0001047469-11-004640-index.htm",
    "finalLink": "https://www.sec.gov/Archives/edgar/data/1404912/000104746911004640/a2203796z10-q.htm"
  },
  {
    "date": "2010-12-31",
    "symbol": "KKR",
    "reportedCurrency": "USD",
    "cik": "0001404912",
    "fillingDate": "2011-03-07",
    "acceptedDate": "2011-03-07 16:27:22",
    "calendarYear": "2010",
    "period": "Q4",
    "revenue": 3611953000,
    "costOfRevenue": 0,
    "grossProfit": 3611953000,
    "grossProfitRatio": 1,
    "researchAndDevelopmentExpenses": 0,
    "generalAndAdministrativeExpenses": 408778000,
    "sellingAndMarketingExpenses": 0,
    "sellingGeneralAndAdministrativeExpenses": 408778000,
    "otherExpenses": 0,
    "operatingExpenses": 3611953000,
    "costAndExpenses": 3611953000,
    "interestIncome": 55766000,
    "interestExpense": 18706000,
    "depreciationAndAmortization": 0,
    "ebitda": 3211757000,
    "ebitdaratio": 0.8892023235,
    "operatingIncome": 0,
    "operatingIncomeRatio": 0,
    "totalOtherIncomeExpensesNet": 3193051000,
    "incomeBeforeTax": 3193051000,
    "incomeBeforeTaxRatio": 0.8840234078,
    "incomeTaxExpense": 14362000,
    "netIncome": 0,
    "netIncomeRatio": 0,
    "eps": 0,
    "epsdiluted": 0,
    "weightedAverageShsOut": 209420050,
    "weightedAverageShsOutDil": 213479630,
    "link": "https://www.sec.gov/Archives/edgar/data/1404912/000104746911001800/0001047469-11-001800-index.htm",
    "finalLink": "https://www.sec.gov/Archives/edgar/data/1404912/000104746911001800/a2202142z10-k.htm"
  },
  {
    "date": "2010-09-30",
    "symbol": "KKR",
    "reportedCurrency": "USD",
    "cik": "0001404912",
    "fillingDate": "2010-11-09",
    "acceptedDate": "2010-11-09 08:48:46",
    "calendarYear": "2010",
    "period": "Q3",
    "revenue": 1820545000,
    "costOfRevenue": 0,
    "grossProfit": 1820545000,
    "grossProfitRatio": 1,
    "researchAndDevelopmentExpenses": 0,
    "generalAndAdministrativeExpenses": 439494000,
    "sellingAndMarketingExpenses": 0,
    "sellingGeneralAndAdministrativeExpenses": 439494000,
    "otherExpenses": 0,
    "operatingExpenses": 1820545000,
    "costAndExpenses": 1820545000,
    "interestIncome": 66603000,
    "interestExpense": 10432000,
    "depreciationAndAmortization": 0,
    "ebitda": 1381110000,
    "ebitdaratio": 0.7586244778,
    "operatingIncome": 0,
    "operatingIncomeRatio": 0,
    "totalOtherIncomeExpensesNet": 1370678000,
    "incomeBeforeTax": 1370678000,
    "incomeBeforeTaxRatio": 0.7528943256,
    "incomeTaxExpense": 16263000,
    "netIncome": 0,
    "netIncomeRatio": 0,
    "eps": 0.04,
    "epsdiluted": 0.04,
    "weightedAverageShsOut": 204902226,
    "weightedAverageShsOutDil": 204902226,
    "link": "https://www.sec.gov/Archives/edgar/data/1404912/000104746910009441/0001047469-10-009441-index.htm",
    "finalLink": "https://www.sec.gov/Archives/edgar/data/1404912/000104746910009441/a2200557z10-q.htm"
  },
  {
    "date": "2010-06-30",
    "symbol": "KKR",
    "reportedCurrency": "USD",
    "cik": "0001404912",
    "fillingDate": "2010-08-12",
    "acceptedDate": "2010-08-12 14:06:36",
    "calendarYear": "2010",
    "period": "Q2",
    "revenue": 1312029000,
    "costOfRevenue": 0,
    "grossProfit": 1312029000,
    "grossProfitRatio": 1,
    "researchAndDevelopmentExpenses": 0,
    "generalAndAdministrativeExpenses": 421076000,
    "sellingAndMarketingExpenses": 0,
    "sellingGeneralAndAdministrativeExpenses": 421076000,
    "otherExpenses": 0,
    "operatingExpenses": 1312029000,
    "costAndExpenses": 1312029000,
    "interestIncome": 56152000,
    "interestExpense": 10134000,
    "depreciationAndAmortization": 0,
    "ebitda": 891577000,
    "ebitdaratio": 0.6795406199,
    "operatingIncome": 0,
    "operatingIncomeRatio": 0,
    "totalOtherIncomeExpensesNet": 881443000,
    "incomeBeforeTax": 881443000,
    "incomeBeforeTaxRatio": 0.6718167053,
    "incomeTaxExpense": 31283000,
    "netIncome": 0,
    "netIncomeRatio": 0,
    "eps": 0.15,
    "epsdiluted": 0.15,
    "weightedAverageShsOut": 204902226,
    "weightedAverageShsOutDil": 204902226,
    "link": "https://www.sec.gov/Archives/edgar/data/1404912/000104746910007428/0001047469-10-007428-index.htm",
    "finalLink": "https://www.sec.gov/Archives/edgar/data/1404912/000104746910007428/a2199809z10-q.htm"
  },
  {
    "date": "2010-03-31",
    "symbol": "KKR",
    "reportedCurrency": "USD",
    "cik": "0001404912",
    "fillingDate": "2010-03-31",
    "acceptedDate": "2010-03-30 20:00:00",
    "calendarYear": "2010",
    "period": "Q1",
    "revenue": 2869967000,
    "costOfRevenue": 0,
    "grossProfit": 2869967000,
    "grossProfitRatio": 1,
    "researchAndDevelopmentExpenses": 0,
    "generalAndAdministrativeExpenses": 453623000,
    "sellingAndMarketingExpenses": 0,
    "sellingGeneralAndAdministrativeExpenses": 453623000,
    "otherExpenses": -3189657000,
    "operatingExpenses": 2869967000,
    "costAndExpenses": 2869967000,
    "interestIncome": 48303000,
    "interestExpense": 13827000,
    "depreciationAndAmortization": 0,
    "ebitda": 2420486000,
    "ebitdaratio": 0.8433846103,
    "operatingIncome": 0,
    "operatingIncomeRatio": 0,
    "totalOtherIncomeExpensesNet": 2406659000,
    "incomeBeforeTax": 2406659000,
    "incomeBeforeTaxRatio": 0.8385667849,
    "incomeTaxExpense": 13452000,
    "netIncome": 113836000,
    "netIncomeRatio": 0.0396645676,
    "eps": 0.56,
    "epsdiluted": 0.56,
    "weightedAverageShsOut": 204902226,
    "weightedAverageShsOutDil": 204902226,
    "link": "",
    "finalLink": ""
  },
  {
    "date": "2009-12-31",
    "symbol": "KKR",
    "reportedCurrency": "USD",
    "cik": "0001404912",
    "fillingDate": "2009-12-31",
    "acceptedDate": "2009-12-30 19:00:00",
    "calendarYear": "2009",
    "period": "Q4",
    "revenue": 2119564000,
    "costOfRevenue": 0,
    "grossProfit": 2119564000,
    "grossProfitRatio": 1,
    "researchAndDevelopmentExpenses": 0,
    "generalAndAdministrativeExpenses": 828737000,
    "sellingAndMarketingExpenses": 0,
    "sellingGeneralAndAdministrativeExpenses": 828737000,
    "otherExpenses": -1648573000,
    "operatingExpenses": 2119564000,
    "costAndExpenses": 2119564000,
    "interestIncome": 45137000,
    "interestExpense": 18797000,
    "depreciationAndAmortization": 0,
    "ebitda": 1299728000,
    "ebitdaratio": 0.6132053573,
    "operatingIncome": 0,
    "operatingIncomeRatio": 0,
    "totalOtherIncomeExpensesNet": 1280931000,
    "incomeBeforeTax": 1280931000,
    "incomeBeforeTaxRatio": 0.604337024,
    "incomeTaxExpense": 31193000,
    "netIncome": 0,
    "netIncomeRatio": 0,
    "eps": 0,
    "epsdiluted": 0,
    "weightedAverageShsOut": 204902226,
    "weightedAverageShsOutDil": 204902226,
    "link": "",
    "finalLink": ""
  },
  {
    "date": "2009-09-30",
    "symbol": "KKR",
    "reportedCurrency": "USD",
    "cik": "0001404912",
    "fillingDate": "2009-09-30",
    "acceptedDate": "2009-09-29 20:00:00",
    "calendarYear": "2009",
    "period": "Q3",
    "revenue": 4282698000,
    "costOfRevenue": 0,
    "grossProfit": 4282698000,
    "grossProfitRatio": 1,
    "researchAndDevelopmentExpenses": 0,
    "generalAndAdministrativeExpenses": 145146000,
    "sellingAndMarketingExpenses": 0,
    "sellingGeneralAndAdministrativeExpenses": 145146000,
    "otherExpenses": -281272000,
    "operatingExpenses": 4282698000,
    "costAndExpenses": 4282698000,
    "interestIncome": 38118000,
    "interestExpense": 18471000,
    "depreciationAndAmortization": 0,
    "ebitda": 4146572000,
    "ebitdaratio": 0.9682148963,
    "operatingIncome": 0,
    "operatingIncomeRatio": 0,
    "totalOtherIncomeExpensesNet": 4128101000,
    "incomeBeforeTax": 4128101000,
    "incomeBeforeTaxRatio": 0.9639019609,
    "incomeTaxExpense": 4115000,
    "netIncome": 0,
    "netIncomeRatio": 0,
    "eps": 0,
    "epsdiluted": 0,
    "weightedAverageShsOut": 204902226,
    "weightedAverageShsOutDil": 204902226,
    "link": "",
    "finalLink": ""
  },
  {
    "date": "2009-06-30",
    "symbol": "KKR",
    "reportedCurrency": "USD",
    "cik": "0001404912",
    "fillingDate": "2009-06-30",
    "acceptedDate": "2009-06-29 20:00:00",
    "calendarYear": "2009",
    "period": "Q2",
    "revenue": 2359092000,
    "costOfRevenue": 0,
    "grossProfit": 2359092000,
    "grossProfitRatio": 1,
    "researchAndDevelopmentExpenses": 0,
    "generalAndAdministrativeExpenses": 87941000,
    "sellingAndMarketingExpenses": 0,
    "sellingGeneralAndAdministrativeExpenses": 87941000,
    "otherExpenses": -165571000,
    "operatingExpenses": 2359092000,
    "costAndExpenses": 2359092000,
    "interestIncome": 31780000,
    "interestExpense": 20092000,
    "depreciationAndAmortization": 0,
    "ebitda": 2281462000,
    "ebitdaratio": 0.9670932715,
    "operatingIncome": 0,
    "operatingIncomeRatio": 0,
    "totalOtherIncomeExpensesNet": 2261370000,
    "incomeBeforeTax": 2261370000,
    "incomeBeforeTaxRatio": 0.9585764353,
    "incomeTaxExpense": 159000,
    "netIncome": 0,
    "netIncomeRatio": 0,
    "eps": 0,
    "epsdiluted": 0,
    "weightedAverageShsOut": 204902226,
    "weightedAverageShsOutDil": 204902226,
    "link": "",
    "finalLink": ""
  },
  {
    "date": "2009-03-31",
    "symbol": "KKR",
    "reportedCurrency": "USD",
    "cik": "0001404912",
    "fillingDate": "2009-03-31",
    "acceptedDate": "2009-03-30 20:00:00",
    "calendarYear": "2009",
    "period": "Q1",
    "revenue": -676275000,
    "costOfRevenue": 0,
    "grossProfit": -676275000,
    "grossProfitRatio": 1,
    "researchAndDevelopmentExpenses": 0,
    "generalAndAdministrativeExpenses": 95873000,
    "sellingAndMarketingExpenses": 0,
    "sellingGeneralAndAdministrativeExpenses": 95873000,
    "otherExpenses": 542496000,
    "operatingExpenses": -676275000,
    "costAndExpenses": -676275000,
    "interestIncome": 27082000,
    "interestExpense": 22278000,
    "depreciationAndAmortization": 0,
    "ebitda": -758755000,
    "ebitdaratio": 1.1219622195,
    "operatingIncome": 0,
    "operatingIncomeRatio": 0,
    "totalOtherIncomeExpensesNet": -781033000,
    "incomeBeforeTax": -781033000,
    "incomeBeforeTaxRatio": 1.1549044398,
    "incomeTaxExpense": 1531000,
    "netIncome": -54583000,
    "netIncomeRatio": 0.0807112491,
    "eps": -0.27,
    "epsdiluted": -0.27,
    "weightedAverageShsOut": 204902226,
    "weightedAverageShsOutDil": 204902226,
    "link": "",
    "finalLink": ""
  }
]