[
  {
    "date": "2024-12-31",
    "symbol": "KKR",
    "reportedCurrency": "USD",
    "cik": "0001404912",
    "fillingDate": "2025-02-28",
    "acceptedDate": "2025-02-28 16:28:06",
    "calendarYear": "2024",
    "period": "FY",
    "revenue": 21640288000,
    "costOfRevenue": 17798412000,
    "grossProfit": 3841876000,
    "grossProfitRatio": 0.1775334968,
    "researchAndDevelopmentExpenses": 0,
    "generalAndAdministrativeExpenses": 2915679000,
    "sellingAndMarketingExpenses": 0,
    "sellingGeneralAndAdministrativeExpenses": 2915679000,
    "otherExpenses": 0,
    "operatingExpenses": 2915679000,
    "costAndExpenses": 20714091000,
    "interestIncome": 3458526000,
    "interestExpense": 0,
    "depreciationAndAmortization": 0,
    "ebitda": 9166347000,
    "ebitdaratio": 0.4235778655,
    "operatingIncome": 926197000,
    "operatingIncomeRatio": 0.0427996614,
    "totalOtherIncomeExpensesNet": 4934236000,
    "incomeBeforeTax": 5860433000,
    "incomeBeforeTaxRatio": 0.2708112295,
    "incomeTaxExpense": 954396000,
    "netIncome": 3076245000,
    "netIncomeRatio": 0.1421536072,
    "eps": 3.47,
    "epsdiluted": 3.28,
    "weightedAverageShsOut": 887021000,
    "weightedAverageShsOutDil": 938905000,
    "link": "https://www.sec.gov/Archives/edgar/data/1404912/000140491225000015/0001404912-25-000015-index.htm",
    "finalLink": "https://www.sec.gov/Archives/edgar/data/1404912/000140491225000015/kkr-20241231.htm"
  },
  {
    "date": "2023-12-31",
    "symbol": "KKR",
    "reportedCurrency": "USD",
    "cik": "0001404912",
    "fillingDate": "2024-02-29",
    "acceptedDate": "2024-02-29 16:21:46",
    "calendarYear": "2023",
    "period": "FY",
    "revenue": 14322870000,
    "costOfRevenue": 9462219000,
    "grossProfit": 4860651000,
    "grossProfitRatio": 0.339362921,
    "researchAndDevelopmentExpenses": 0,
    "generalAndAdministrativeExpenses": 2722503000,
    "sellingAndMarketingExpenses": 0,
    "sellingGeneralAndAdministrativeExpenses": 2722503000,
    "otherExpenses": 0,
    "operatingExpenses": 2722503000,
    "costAndExpenses": 12184722000,
    "interestIncome": 3369447000,
    "interestExpense": 0,
    "depreciationAndAmortization": 0,
    "ebitda": 9500580000,
    "ebitdaratio": 0.663315383,
    "operatingIncome": 2138148000,
    "operatingIncomeRatio": 0.1492820922,
    "totalOtherIncomeExpensesNet": 4416461000,
    "incomeBeforeTax": 6554609000,
    "incomeBeforeTaxRatio": 0.457632374,
    "incomeTaxExpense": 1197523000,
    "netIncome": 3732261000,
    "netIncomeRatio": 0.2605805261,
    "eps": 4.24,
    "epsdiluted": 4.09,
    "weightedAverageShsOut": 867497000,
    "weightedAverageShsOutDil": 911787000,
    "link": "https://www.sec.gov/Archives/edgar/data/1404912/000140491224000005/0001404912-24-000005-index.htm",
    "finalLink": "https://www.sec.gov/Archives/edgar/data/1404912/000140491224000005/kkr-20231231.htm"
  },
  {
    "date": "2022-12-31",
    "symbol": "KKR",
    "reportedCurrency": "USD",
    "cik": "0001404912",
    "fillingDate": "2023-02-27",
    "acceptedDate": "2023-02-27 17:10:42",
    "calendarYear": "2022",
    "period": "FY",
    "revenue": 5565056000,
    "costOfRevenue": 3558253000,
    "grossProfit": 2006803000,
    "grossProfitRatio": 0.3606078717,
    "researchAndDevelopmentExpenses": 0,
    "generalAndAdministrativeExpenses": 2352381000,
    "sellingAndMarketingExpenses": 0,
    "sellingGeneralAndAdministrativeExpenses": 2352381000,
    "otherExpenses": 0,
    "operatingExpenses": 2352381000,
    "costAndExpenses": 5910634000,
    "interestIncome": 1895282000,
    "interestExpense": 0,
    "depreciationAndAmortization": 0,
    "ebitda": 1345738000,
    "ebitdaratio": 0.2418193096,
    "operatingIncome": -345578000,
    "operatingIncomeRatio": -0.0620978477,
    "totalOtherIncomeExpensesNet": 53357000,
    "incomeBeforeTax": -292221000,
    "incomeBeforeTaxRatio": -0.0525099837,
    "incomeTaxExpense": 125393000,
    "netIncome": -521664000,
    "netIncomeRatio": -0.0937392184,
    "eps": -0.79,
    "epsdiluted": -0.79,
    "weightedAverageShsOut": 749504970,
    "weightedAverageShsOutDil": 749504970,
    "link": "https://www.sec.gov/Archives/edgar/data/1404912/000140491223000005/0001404912-23-000005-index.htm",
    "finalLink": "https://www.sec.gov/Archives/edgar/data/1404912/000140491223000005/kkr-20221231.htm"
  },
  {
    "date": "2021-12-31",
    "symbol": "KKR",
    "reportedCurrency": "USD",
    "cik": "0001404912",
    "fillingDate": "2022-02-28",
    "acceptedDate": "2022-02-28 06:16:51",
    "calendarYear": "2021",
    "period": "FY",
    "revenue": 16105827000,
    "costOfRevenue": 9210245000,
    "grossProfit": 6895582000,
    "grossProfitRatio": 0.4281420631,
    "researchAndDevelopmentExpenses": 0,
    "generalAndAdministrativeExpenses": 1942360000,
    "sellingAndMarketingExpenses": 0,
    "sellingGeneralAndAdministrativeExpenses": 1942360000,
    "otherExpenses": 0,
    "operatingExpenses": 1942360000,
    "costAndExpenses": 11152605000,
    "interestIncome": 1485470000,
    "interestExpense": 0,
    "depreciationAndAmortization": 0,
    "ebitda": 14978628000,
    "ebitdaratio": 0.9300129698,
    "operatingIncome": 4953222000,
    "operatingIncomeRatio": 0.307542233,
    "totalOtherIncomeExpensesNet": 8893377000,
    "incomeBeforeTax": 13846599000,
    "incomeBeforeTaxRatio": 0.8597260482,
    "incomeTaxExpense": 1394882000,
    "netIncome": 4732406000,
    "netIncomeRatio": 0.2938319156,
    "eps": 7.95,
    "epsdiluted": 7.42,
    "weightedAverageShsOut": 582259000,
    "weightedAverageShsOutDil": 633093000,
    "link": "https://www.sec.gov/Archives/edgar/data/1404912/000140491222000004/0001404912-22-000004-index.htm",
    "finalLink": "https://www.sec.gov/Archives/edgar/data/1404912/000140491222000004/kkr-20211231.htm"
  },
  {
    "date": "2020-12-31",
    "symbol": "KKR",
    "reportedCurrency": "USD",
    "cik": "0001404912",
    "fillingDate": "2021-02-19",
    "acceptedDate": "2021-02-19 16:43:12",
    "calendarYear": "2020",
    "period": "FY",
    "revenue": 4230891000,
    "costOfRevenue": 2152490000,
    "grossProfit": 2078401000,
    "grossProfitRatio": 0.4912442793,
    "researchAndDevelopmentExpenses": 0,
    "generalAndAdministrativeExpenses": 780642000,
    "sellingAndMarketingExpenses": 0,
    "sellingGeneralAndAdministrativeExpenses": 780642000,
    "otherExpenses": 0,
    "operatingExpenses": 780642000,
    "costAndExpenses": 2933132000,
    "interestIncome": 1403440000,
    "interestExpense": 0,
    "depreciationAndAmortization": 0,
    "ebitda": 6696566000,
    "ebitdaratio": 1.5827791356,
    "operatingIncome": 1297759000,
    "operatingIncomeRatio": 0.306734208,
    "totalOtherIncomeExpensesNet": 4428936000,
    "incomeBeforeTax": 5726695000,
    "incomeBeforeTaxRatio": 1.3535434971,
    "incomeTaxExpense": 609097000,
    "netIncome": 2002509000,
    "netIncomeRatio": 0.4733066865,
    "eps": 3.45,
    "epsdiluted": 3.37,
    "weightedAverageShsOut": 562812883,
    "weightedAverageShsOutDil": 583685352,
    "link": "https://www.sec.gov/Archives/edgar/data/1404912/000140491221000008/0001404912-21-000008-index.htm",
    "finalLink": "https://www.sec.gov/Archives/edgar/data/1404912/000140491221000008/kkr-20201231.htm"
  },
  {
    "date": "2019-12-31",
    "symbol": "KKR",
    "reportedCurrency": "USD",
    "cik": "0001404912",
    "fillingDate": "2020-02-18",
    "acceptedDate": "2020-02-14 18:25:15",
    "calendarYear": "2019",
    "period": "FY",
    "revenue": 4220900000,
    "costOfRevenue": 2116890000,
    "grossProfit": 2104010000,
    "grossProfitRatio": 0.498474259,
    "researchAndDevelopmentExpenses": 0,
    "generalAndAdministrativeExpenses": 791541000,
    "sellingAndMarketingExpenses": 0,
    "sellingGeneralAndAdministrativeExpenses": 791541000,
    "otherExpenses": 0,
    "operatingExpenses": 791541000,
    "costAndExpenses": 2908431000,
    "interestIncome": 1418516000,
    "interestExpense": 0,
    "depreciationAndAmortization": 0,
    "ebitda": 6211841000,
    "ebitdaratio": 1.4716863702,
    "operatingIncome": 1312469000,
    "operatingIncomeRatio": 0.310945296,
    "totalOtherIncomeExpensesNet": 3855821000,
    "incomeBeforeTax": 5168290000,
    "incomeBeforeTaxRatio": 1.2244521311,
    "incomeTaxExpense": 528750000,
    "netIncome": 2005049000,
    "netIncomeRatio": 0.4750287853,
    "eps": 3.62,
    "epsdiluted": 3.54,
    "weightedAverageShsOut": 545096999,
    "weightedAverageShsOutDil": 557687512,
    "link": "https://www.sec.gov/Archives/edgar/data/1404912/000140491220000006/0001404912-20-000006-index.htm",
    "finalLink": "https://www.sec.gov/Archives/edgar/data/1404912/000140491220000006/kkr-2019123110xk.htm"
  },
  {
    "date": "2018-12-31",
    "symbol": "KKR",
    "reportedCurrency": "USD",
    "cik": "0001404912",
    "fillingDate": "2019-02-15",
    "acceptedDate": "2019-02-15 16:57:52",
    "calendarYear": "2018",
    "period": "FY",
    "revenue": 2395836000,
    "costOfRevenue": 1374363000,
    "grossProfit": 1021473000,
    "grossProfitRatio": 0.4263534733,
    "researchAndDevelopmentExpenses": 0,
    "generalAndAdministrativeExpenses": 715114000,
    "sellingAndMarketingExpenses": 0,
    "sellingGeneralAndAdministrativeExpenses": 715114000,
    "otherExpenses": 0,
    "operatingExpenses": 715114000,
    "costAndExpenses": 2089477000,
    "interestIncome": 1396532000,
    "interestExpense": 0,
    "depreciationAndAmortization": 0,
    "ebitda": 3132877000,
    "ebitdaratio": 1.3076341619,
    "operatingIncome": 306359000,
    "operatingIncomeRatio": 0.1278714403,
    "totalOtherIncomeExpensesNet": 1950489000,
    "incomeBeforeTax": 2256848000,
    "incomeBeforeTaxRatio": 0.941987682,
    "incomeTaxExpense": -194098000,
    "netIncome": 1131063000,
    "netIncomeRatio": 0.4720953354,
    "eps": 2.14,
    "epsdiluted": 2.06,
    "weightedAverageShsOut": 514102571,
    "weightedAverageShsOutDil": 533707039,
    "link": "https://www.sec.gov/Archives/edgar/data/1404912/000140491219000006/0001404912-19-000006-index.htm",
    "finalLink": "https://www.sec.gov/Archives/edgar/data/1404912/000140491219000006/kkr-2018123110xk.htm"
  },
  {
    "date": "2017-12-31",
    "symbol": "KKR",
    "reportedCurrency": "USD",
    "cik": "0001404912",
    "fillingDate": "2018-02-23",
    "acceptedDate": "2018-02-23 16:40:17",
    "calendarYear": "2017",
    "period": "FY",
    "revenue": 3557280000,
    "costOfRevenue": 1695490000,
    "grossProfit": 1861790000,
    "grossProfitRatio": 0.5233746008,
    "researchAndDevelopmentExpenses": 0,
    "generalAndAdministrativeExpenses": 641202000,
    "sellingAndMarketingExpenses": 0,
    "sellingGeneralAndAdministrativeExpenses": 641202000,
    "otherExpenses": 0,
    "operatingExpenses": 641202000,
    "costAndExpenses": 2336692000,
    "interestIncome": 1242419000,
    "interestExpense": 0,
    "depreciationAndAmortization": 0,
    "ebitda": 3593266000,
    "ebitdaratio": 1.0101161562,
    "operatingIncome": 1220588000,
    "operatingIncomeRatio": 0.3431239599,
    "totalOtherIncomeExpensesNet": 1563780000,
    "incomeBeforeTax": 2784368000,
    "incomeBeforeTaxRatio": 0.7827238789,
    "incomeTaxExpense": 224326000,
    "netIncome": 1018305000,
    "netIncomeRatio": 0.2862594454,
    "eps": 2.1,
    "epsdiluted": 1.95,
    "weightedAverageShsOut": 468282642,
    "weightedAverageShsOutDil": 506288971,
    "link": "https://www.sec.gov/Archives/edgar/data/1404912/000140491218000005/0001404912-18-000005-index.htm",
    "finalLink": "https://www.sec.gov/Archives/edgar/data/1404912/000140491218000005/kkr-2017123110xk.htm"
  },
  {
    "date": "2016-12-31",
    "symbol": "KKR",
    "reportedCurrency": "USD",
    "cik": "0001404912",
    "fillingDate": "2017-02-24",
    "acceptedDate": "2017-02-24 16:33:50",
    "calendarYear": "2016",
    "period": "FY",
    "revenue": 2040018000,
    "costOfRevenue": 1063813000,
    "grossProfit": 976205000,
    "grossProfitRatio": 0.4785276404,
    "researchAndDevelopmentExpenses": 0,
    "generalAndAdministrativeExpenses": 631661000,
    "sellingAndMarketingExpenses": 0,
    "sellingGeneralAndAdministrativeExpenses": 631661000,
    "otherExpenses": 0,
    "operatingExpenses": 631661000,
    "costAndExpenses": 1695474000,
    "interestIncome": 1021809000,
    "interestExpense": 0,
    "depreciationAndAmortization": 0,
    "ebitda": 1765178000,
    "ebitdaratio": 0.8652756985,
    "operatingIncome": 344544000,
    "operatingIncomeRatio": 0.1688926274,
    "totalOtherIncomeExpensesNet": 630681000,
    "incomeBeforeTax": 975225000,
    "incomeBeforeTaxRatio": 0.4780472525,
    "incomeTaxExpense": 24561000,
    "netIncome": 309307000,
    "netIncomeRatio": 0.1516197406,
    "eps": 0.64,
    "epsdiluted": 0.59,
    "weightedAverageShsOut": 448905126,
    "weightedAverageShsOutDil": 483431048,
    "link": "https://www.sec.gov/Archives/edgar/data/1404912/000140491217000005/0001404912-17-000005-index.htm",
    "finalLink": "https://www.sec.gov/Archives/edgar/data/1404912/000140491217000005/kkr-2016123110xk.htm"
  },
  {
    "date": "2015-12-31",
    "symbol": "KKR",
    "reportedCurrency": "USD",
    "cik": "0001404912",
    "fillingDate": "2016-02-26",
    "acceptedDate": "2016-02-26 17:20:31",
    "calendarYear": "2015",
    "period": "FY",
    "revenue": 1043768000,
    "costOfRevenue": 1180591000,
    "grossProfit": -136823000,
    "grossProfitRatio": -0.1310856436,
    "researchAndDevelopmentExpenses": 0,
    "generalAndAdministrativeExpenses": 690634000,
    "sellingAndMarketingExpenses": 0,
    "sellingGeneralAndAdministrativeExpenses": 690634000,
    "otherExpenses": 0,
    "operatingExpenses": 690634000,
    "costAndExpenses": 1871225000,
    "interestIncome": 1219197000,
    "interestExpense": 0,
    "depreciationAndAmortization": 0,
    "ebitda": 5914894000,
    "ebitdaratio": 5.6668665834,
    "operatingIncome": -827457000,
    "operatingIncomeRatio": -0.7927595021,
    "totalOtherIncomeExpensesNet": 6169125000,
    "incomeBeforeTax": 5341668000,
    "incomeBeforeTaxRatio": 5.1176774915,
    "incomeTaxExpense": 66636000,
    "netIncome": 488482000,
    "netIncomeRatio": 0.4679986357,
    "eps": 1.09,
    "epsdiluted": 1.01,
    "weightedAverageShsOut": 448884185,
    "weightedAverageShsOutDil": 482699194,
    "link": "https://www.sec.gov/Archives/edgar/data/1404912/000140491216000009/0001404912-16-000009-index.htm",
    "finalLink": "https://www.sec.gov/Archives/edgar/data/1404912/000140491216000009/kkr-2015123110xk.htm"
  },
  {
    "date": "2014-12-31",
    "symbol": "KKR",
    "reportedCurrency": "USD",
    "cik": "0001404912",
    "fillingDate": "2015-02-27",
    "acceptedDate": "2015-02-27 17:07:52",
    "calendarYear": "2014",
    "period": "FY",
    "revenue": 1110008000,
    "costOfRevenue": 1263852000,
    "grossProfit": -153844000,
    "grossProfitRatio": -0.1385971993,
    "researchAndDevelopmentExpenses": 0,
    "generalAndAdministrativeExpenses": 932215000,
    "sellingAndMarketingExpenses": 0,
    "sellingGeneralAndAdministrativeExpenses": 932215000,
    "otherExpenses": 0,
    "operatingExpenses": 932215000,
    "costAndExpenses": 2196067000,
    "interestIncome": 909207000,
    "interestExpense": 0,
    "depreciationAndAmortization": 0,
    "ebitda": 5775881000,
    "ebitdaratio": 5.203458894,
    "operatingIncome": -1086059000,
    "operatingIncomeRatio": -0.9784244798,
    "totalOtherIncomeExpensesNet": 6544748000,
    "incomeBeforeTax": 5458689000,
    "incomeBeforeTaxRatio": 4.9177023949,
    "incomeTaxExpense": 63669000,
    "netIncome": 477611000,
    "netIncomeRatio": 0.4302770791,
    "eps": 1.25,
    "epsdiluted": 1.16,
    "weightedAverageShsOut": 381092394,
    "weightedAverageShsOutDil": 412049275,
    "link": "https://www.sec.gov/Archives/edgar/data/1404912/000104746915001418/0001047469-15-001418-index.htm",
    "finalLink": "https://www.sec.gov/Archives/edgar/data/1404912/000104746915001418/a2223180z10-k.htm"
  },
  {
    "date": "2013-12-31",
    "symbol": "KKR",
    "reportedCurrency": "USD",
    "cik": "0001404912",
    "fillingDate": "2014-02-24",
    "acceptedDate": "2014-02-24 06:19:24",
    "calendarYear": "2013",
    "period": "FY",
    "revenue": 762546000,
    "costOfRevenue": 1266592000,
    "grossProfit": -504046000,
    "grossProfitRatio": -0.6610040575,
    "researchAndDevelopmentExpenses": 0,
    "generalAndAdministrativeExpenses": 500546000,
    "sellingAndMarketingExpenses": 0,
    "sellingGeneralAndAdministrativeExpenses": 500546000,
    "otherExpenses": 0,
    "operatingExpenses": 500546000,
    "costAndExpenses": 1767138000,
    "interestIncome": 474759000,
    "interestExpense": 0,
    "depreciationAndAmortization": 0,
    "ebitda": 7991770000,
    "ebitdaratio": 10.4803775772,
    "operatingIncome": -1004592000,
    "operatingIncomeRatio": -1.3174182279,
    "totalOtherIncomeExpensesNet": 8896746000,
    "incomeBeforeTax": 7892154000,
    "incomeBeforeTaxRatio": 10.3497415238,
    "incomeTaxExpense": 37926000,
    "netIncome": 691226000,
    "netIncomeRatio": 0.9064712162,
    "eps": 2.51,
    "epsdiluted": 2.3,
    "weightedAverageShsOut": 274910628,
    "weightedAverageShsOutDil": 300254090,
    "link": "https://www.sec.gov/Archives/edgar/data/1404912/000104746914001189/0001047469-14-001189-index.htm",
    "finalLink": "https://www.sec.gov/Archives/edgar/data/1404912/000104746914001189/a2218358z10-k.htm"
  },
  {
    "date": "2012-12-31",
    "symbol": "KKR",
    "reportedCurrency": "USD",
    "cik": "0001404912",
    "fillingDate": "2013-02-22",
    "acceptedDate": "2013-02-22 16:04:58",
    "calendarYear": "2012",
    "period": "FY",
    "revenue": 568442000,
    "costOfRevenue": 1280854000,
    "grossProfit": -712412000,
    "grossProfitRatio": -1.253271222,
    "researchAndDevelopmentExpenses": 0,
    "generalAndAdministrativeExpenses": 317934000,
    "sellingAndMarketingExpenses": 0,
    "sellingGeneralAndAdministrativeExpenses": 317934000,
    "otherExpenses": 0,
    "operatingExpenses": 317934000,
    "costAndExpenses": 1598788000,
    "interestIncome": 358598000,
    "interestExpense": 0,
    "depreciationAndAmortization": 0,
    "ebitda": 8140813000,
    "ebitdaratio": 14.3212728827,
    "operatingIncome": -1030346000,
    "operatingIncomeRatio": -1.8125789439,
    "totalOtherIncomeExpensesNet": 9101995000,
    "incomeBeforeTax": 8071649000,
    "incomeBeforeTaxRatio": 14.1995999592,
    "incomeTaxExpense": 43405000,
    "netIncome": 560836000,
    "netIncomeRatio": 0.9866195672,
    "eps": 2.35,
    "epsdiluted": 2.21,
    "weightedAverageShsOut": 238503257,
    "weightedAverageShsOutDil": 254093160,
    "link": "https://www.sec.gov/Archives/edgar/data/1404912/000104746913001493/0001047469-13-001493-index.htm",
    "finalLink": "https://www.sec.gov/Archives/edgar/data/1404912/000104746913001493/a2213011z10-k.htm"
  },
  {
    "date": "2011-12-31",
    "symbol": "KKR",
    "reportedCurrency": "USD",
    "cik": "0001404912",
    "fillingDate": "2012-02-27",
    "acceptedDate": "2012-02-24 19:22:51",
    "calendarYear": "2011",
    "period": "FY",
    "revenue": 723620000,
    "costOfRevenue": 868749000,
    "grossProfit": -145129000,
    "grossProfitRatio": -0.200559686,
    "researchAndDevelopmentExpenses": 0,
    "generalAndAdministrativeExpenses": 345256000,
    "sellingAndMarketingExpenses": 0,
    "sellingGeneralAndAdministrativeExpenses": 345256000,
    "otherExpenses": 0,
    "operatingExpenses": 345256000,
    "costAndExpenses": 1214005000,
    "interestIncome": 0,
    "interestExpense": 0,
    "depreciationAndAmortization": 0,
    "ebitda": 1038489000,
    "ebitdaratio": 1.435130317,
    "operatingIncome": -490385000,
    "operatingIncomeRatio": -0.6776830381,
    "totalOtherIncomeExpensesNet": 1456116000,
    "incomeBeforeTax": 965731000,
    "incomeBeforeTaxRatio": 1.3345830685,
    "incomeTaxExpense": 89245000,
    "netIncome": 1921000,
    "netIncomeRatio": 0.0026547083,
    "eps": 0.01,
    "epsdiluted": 0.01,
    "weightedAverageShsOut": 220235469,
    "weightedAverageShsOutDil": 222519174,
    "link": "https://www.sec.gov/Archives/edgar/data/1404912/000104746912001497/0001047469-12-001497-index.htm",
    "finalLink": "https://www.sec.gov/Archives/edgar/data/1404912/000104746912001497/a2207447z10-k.htm"
  },
  {
    "date": "2010-12-31",
    "symbol": "KKR",
    "reportedCurrency": "USD",
    "cik": "0001404912",
    "fillingDate": "2011-03-07",
    "acceptedDate": "2011-03-07 16:27:22",
    "calendarYear": "2010",
    "period": "FY",
    "revenue": 435386000,
    "costOfRevenue": 1344455000,
    "grossProfit": -909069000,
    "grossProfitRatio": -2.0879610277,
    "researchAndDevelopmentExpenses": 0,
    "generalAndAdministrativeExpenses": 418208000,
    "sellingAndMarketingExpenses": 0,
    "sellingGeneralAndAdministrativeExpenses": 418208000,
    "otherExpenses": 0,
    "operatingExpenses": 418208000,
    "costAndExpenses": 1762663000,
    "interestIncome": 0,
    "interestExpense": 0,
    "depreciationAndAmortization": 0,
    "ebitda": 7904930000,
    "ebitdaratio": 18.1561419063,
    "operatingIncome": -1327277000,
    "operatingIncomeRatio": -3.0485063828,
    "totalOtherIncomeExpensesNet": 9179108000,
    "incomeBeforeTax": 7851831000,
    "incomeBeforeTaxRatio": 18.0341834602,
    "incomeTaxExpense": 75360000,
    "netIncome": 333178000,
    "netIncomeRatio": 0.7652473897,
    "eps": 1.62,
    "epsdiluted": 1.62,
    "weightedAverageShsOut": 206031682,
    "weightedAverageShsOutDil": 206039244,
    "link": "https://www.sec.gov/Archives/edgar/data/1404912/000104746911001800/0001047469-11-001800-index.htm",
    "finalLink": "https://www.sec.gov/Archives/edgar/data/1404912/000104746911001800/a2202142z10-k.htm"
  },
  {
    "date": "2009-12-31",
    "symbol": "KKR",
    "reportedCurrency": "USD",
    "cik": "0001404912",
    "fillingDate": "2009-12-31",
    "acceptedDate": "2009-12-31 00:00:00",
    "calendarYear": "2009",
    "period": "FY",
    "revenue": 8085079000,
    "costOfRevenue": 0,
    "grossProfit": 8085079000,
    "grossProfitRatio": 1,
    "researchAndDevelopmentExpenses": 0,
    "generalAndAdministrativeExpenses": 1157697000,
    "sellingAndMarketingExpenses": 0,
    "sellingGeneralAndAdministrativeExpenses": 1157697000,
    "otherExpenses": -9778774000,
    "operatingExpenses": 8085079000,
    "costAndExpenses": 8085079000,
    "interestIncome": 0,
    "interestExpense": 0,
    "depreciationAndAmortization": 0,
    "ebitda": 6969007000,
    "ebitdaratio": 0.8619590483,
    "operatingIncome": 0,
    "operatingIncomeRatio": 0,
    "totalOtherIncomeExpensesNet": 6889369000,
    "incomeBeforeTax": 6889369000,
    "incomeBeforeTaxRatio": 0.8521090517,
    "incomeTaxExpense": 36998000,
    "netIncome": 849685000,
    "netIncomeRatio": 0.1050929744,
    "eps": 4.15,
    "epsdiluted": 4.15,
    "weightedAverageShsOut": 204902226,
    "weightedAverageShsOutDil": 204902226,
    "link": null,
    "finalLink": null
  },
  {
    "date": "2008-12-31",
    "symbol": "KKR",
    "reportedCurrency": "USD",
    "cik": "0001404912",
    "fillingDate": "2008-12-31",
    "acceptedDate": "2008-12-31 00:00:00",
    "calendarYear": "2008",
    "period": "FY",
    "revenue": -12630058000,
    "costOfRevenue": 0,
    "grossProfit": -12630058000,
    "grossProfitRatio": 1,
    "researchAndDevelopmentExpenses": 0,
    "generalAndAdministrativeExpenses": 387958000,
    "sellingAndMarketingExpenses": 0,
    "sellingGeneralAndAdministrativeExpenses": 387958000,
    "otherExpenses": 12263935000,
    "operatingExpenses": -12630058000,
    "costAndExpenses": -12630058000,
    "interestIncome": 0,
    "interestExpense": 0,
    "depreciationAndAmortization": 0,
    "ebitda": -12922885000,
    "ebitdaratio": 1.0231849292,
    "operatingIncome": 0,
    "operatingIncomeRatio": 0,
    "totalOtherIncomeExpensesNet": -13048446000,
    "incomeBeforeTax": -13048446000,
    "incomeBeforeTaxRatio": 1.033126372,
    "incomeTaxExpense": 6786000,
    "netIncome": -1204471000,
    "netIncomeRatio": 0.095365437,
    "eps": -5.88,
    "epsdiluted": -5.88,
    "weightedAverageShsOut": 204902226,
    "weightedAverageShsOutDil": 204902226,
    "link": null,
    "finalLink": null
  },
  {
    "date": "2007-12-31",
    "symbol": "KKR",
    "reportedCurrency": "USD",
    "cik": "0001404912",
    "fillingDate": "2007-12-31",
    "acceptedDate": "2007-12-30 19:00:00",
    "calendarYear": "2007",
    "period": "FY",
    "revenue": 2854048000,
    "costOfRevenue": 0,
    "grossProfit": 2854048000,
    "grossProfitRatio": 1,
    "researchAndDevelopmentExpenses": 0,
    "generalAndAdministrativeExpenses": 420842000,
    "sellingAndMarketingExpenses": 0,
    "sellingGeneralAndAdministrativeExpenses": 420842000,
    "otherExpenses": -1887071000,
    "operatingExpenses": 2854048000,
    "costAndExpenses": 2854048000,
    "interestIncome": 0,
    "interestExpense": 0,
    "depreciationAndAmortization": 0,
    "ebitda": 2499391000,
    "ebitdaratio": 0.8757354466,
    "operatingIncome": 0,
    "operatingIncomeRatio": 0,
    "totalOtherIncomeExpensesNet": 2413138000,
    "incomeBeforeTax": 2413138000,
    "incomeBeforeTaxRatio": 0.8455141609,
    "incomeTaxExpense": 12064000,
    "netIncome": 802764000,
    "netIncomeRatio": 0.2812720739,
    "eps": 3.92,
    "epsdiluted": 3.92,
    "weightedAverageShsOut": 204902226,
    "weightedAverageShsOutDil": 204902226,
    "link": null,
    "finalLink": null
  }
]