[
  {
    "date": "2025-06-30",
    "symbol": "KLAC",
    "reportedCurrency": "USD",
    "cik": "0000319201",
    "fillingDate": "2025-08-08",
    "acceptedDate": "2025-08-08 16:10:51",
    "calendarYear": "2025",
    "period": "Q4",
    "revenue": 3174741000,
    "costOfRevenue": 1167029000,
    "grossProfit": 2007712000,
    "grossProfitRatio": 0.6324018243,
    "researchAndDevelopmentExpenses": 352992000,
    "generalAndAdministrativeExpenses": 0,
    "sellingAndMarketingExpenses": 0,
    "sellingGeneralAndAdministrativeExpenses": 250150000,
    "otherExpenses": 0,
    "operatingExpenses": 603142000,
    "costAndExpenses": 1770171000,
    "interestIncome": 0,
    "interestExpense": 73125000,
    "depreciationAndAmortization": 96252000,
    "ebitda": 1498176000,
    "ebitdaratio": 0.4719049522,
    "operatingIncome": 1404570000,
    "operatingIncomeRatio": 0.4424203423,
    "totalOtherIncomeExpensesNet": -75771000,
    "incomeBeforeTax": 1328799000,
    "incomeBeforeTaxRatio": 0.4185535135,
    "incomeTaxExpense": 125950000,
    "netIncome": 1202849000,
    "netIncomeRatio": 0.3788809859,
    "eps": 9.11,
    "epsdiluted": 9.06,
    "weightedAverageShsOut": 132032000,
    "weightedAverageShsOutDil": 132734000,
    "link": "https://www.sec.gov/Archives/edgar/data/319201/000031920125000024/0000319201-25-000024-index.htm",
    "finalLink": "https://www.sec.gov/Archives/edgar/data/319201/000031920125000024/klac-20250630.htm"
  },
  {
    "date": "2025-03-31",
    "symbol": "KLAC",
    "reportedCurrency": "USD",
    "cik": "0000319201",
    "fillingDate": "2025-05-01",
    "acceptedDate": "2025-05-01 16:03:49",
    "calendarYear": "2025",
    "period": "Q3",
    "revenue": 3063029000,
    "costOfRevenue": 1175689000,
    "grossProfit": 1887340000,
    "grossProfitRatio": 0.6161678521,
    "researchAndDevelopmentExpenses": 338043000,
    "generalAndAdministrativeExpenses": 0,
    "sellingAndMarketingExpenses": 0,
    "sellingGeneralAndAdministrativeExpenses": 248905000,
    "otherExpenses": 0,
    "operatingExpenses": 586948000,
    "costAndExpenses": 1762637000,
    "interestIncome": 0,
    "interestExpense": 71889000,
    "depreciationAndAmortization": -35930000,
    "ebitda": 1300392000,
    "ebitdaratio": 0.4245444624,
    "operatingIncome": 1300392000,
    "operatingIncomeRatio": 0.4245444624,
    "totalOtherIncomeExpensesNet": -35959000,
    "incomeBeforeTax": 1264433000,
    "incomeBeforeTaxRatio": 0.4128047759,
    "incomeTaxExpense": 176017000,
    "netIncome": 1088416000,
    "netIncomeRatio": 0.3553397634,
    "eps": 8.21,
    "epsdiluted": 8.16,
    "weightedAverageShsOut": 132607000,
    "weightedAverageShsOutDil": 133303000,
    "link": "https://www.sec.gov/Archives/edgar/data/319201/000031920125000012/0000319201-25-000012-index.htm",
    "finalLink": "https://www.sec.gov/Archives/edgar/data/319201/000031920125000012/klac-20250331.htm"
  },
  {
    "date": "2024-12-31",
    "symbol": "KLAC",
    "reportedCurrency": "USD",
    "cik": "0000319201",
    "fillingDate": "2025-01-31",
    "acceptedDate": "2025-01-31 16:05:22",
    "calendarYear": "2025",
    "period": "Q2",
    "revenue": 3076851000,
    "costOfRevenue": 1221461000,
    "grossProfit": 1855390000,
    "grossProfitRatio": 0.6030158756,
    "researchAndDevelopmentExpenses": 346157000,
    "generalAndAdministrativeExpenses": 0,
    "sellingAndMarketingExpenses": 0,
    "sellingGeneralAndAdministrativeExpenses": 267081000,
    "otherExpenses": 0,
    "operatingExpenses": 613238000,
    "costAndExpenses": 1834699000,
    "interestIncome": 0,
    "interestExpense": 74981000,
    "depreciationAndAmortization": 40935000,
    "ebitda": 1242152000,
    "ebitdaratio": 0.4037088569,
    "operatingIncome": 1242152000,
    "operatingIncomeRatio": 0.4037088569,
    "totalOtherIncomeExpensesNet": -269623000,
    "incomeBeforeTax": 972529000,
    "incomeBeforeTaxRatio": 0.3160793292,
    "incomeTaxExpense": 148002000,
    "netIncome": 824527000,
    "netIncomeRatio": 0.2679775524,
    "eps": 6.18,
    "epsdiluted": 6.13,
    "weightedAverageShsOut": 133327000,
    "weightedAverageShsOutDil": 134415000,
    "link": "https://www.sec.gov/Archives/edgar/data/319201/000031920125000006/0000319201-25-000006-index.htm",
    "finalLink": "https://www.sec.gov/Archives/edgar/data/319201/000031920125000006/klac-20241231.htm"
  },
  {
    "date": "2024-09-30",
    "symbol": "KLAC",
    "reportedCurrency": "USD",
    "cik": "0000319201",
    "fillingDate": "2024-10-31",
    "acceptedDate": "2024-10-31 16:04:59",
    "calendarYear": "2025",
    "period": "Q1",
    "revenue": 2841541000,
    "costOfRevenue": 1147431000,
    "grossProfit": 1694110000,
    "grossProfitRatio": 0.5961941074,
    "researchAndDevelopmentExpenses": 323145000,
    "generalAndAdministrativeExpenses": 0,
    "sellingAndMarketingExpenses": 0,
    "sellingGeneralAndAdministrativeExpenses": 251042000,
    "otherExpenses": 0,
    "operatingExpenses": 574187000,
    "costAndExpenses": 1721618000,
    "interestIncome": 0,
    "interestExpense": 82171000,
    "depreciationAndAmortization": 95823000,
    "ebitda": 1257628000,
    "ebitdaratio": 0.4425866106,
    "operatingIncome": 1119923000,
    "operatingIncomeRatio": 0.3941252299,
    "totalOtherIncomeExpensesNet": -41236000,
    "incomeBeforeTax": 1078687000,
    "incomeBeforeTaxRatio": 0.3796133858,
    "incomeTaxExpense": 132836000,
    "netIncome": 945851000,
    "netIncomeRatio": 0.3328655121,
    "eps": 7.05,
    "epsdiluted": 7.01,
    "weightedAverageShsOut": 134134000,
    "weightedAverageShsOutDil": 134858000,
    "link": "https://www.sec.gov/Archives/edgar/data/319201/000031920124000027/0000319201-24-000027-index.htm",
    "finalLink": "https://www.sec.gov/Archives/edgar/data/319201/000031920124000027/klac-20240930.htm"
  },
  {
    "date": "2024-06-30",
    "symbol": "KLAC",
    "reportedCurrency": "USD",
    "cik": "0000319201",
    "fillingDate": "2024-08-05",
    "acceptedDate": "2024-08-05 16:07:58",
    "calendarYear": "2024",
    "period": "Q4",
    "revenue": 2566232000,
    "costOfRevenue": 974055000,
    "grossProfit": 1592177000,
    "grossProfitRatio": 0.6204337722,
    "researchAndDevelopmentExpenses": 323529000,
    "generalAndAdministrativeExpenses": 0,
    "sellingAndMarketingExpenses": 0,
    "sellingGeneralAndAdministrativeExpenses": 216124000,
    "otherExpenses": 0,
    "operatingExpenses": 539653000,
    "costAndExpenses": 1513708000,
    "interestIncome": 160688000,
    "interestExpense": 82836000,
    "depreciationAndAmortization": 101001000,
    "ebitda": 1128880000,
    "ebitdaratio": 0.4398978736,
    "operatingIncome": 1052523999,
    "operatingIncomeRatio": 0.4101437434,
    "totalOtherIncomeExpensesNet": -107480999,
    "incomeBeforeTax": 945043000,
    "incomeBeforeTaxRatio": 0.3682609367,
    "incomeTaxExpense": 108597000,
    "netIncome": 836446000,
    "netIncomeRatio": 0.3259432506,
    "eps": 6.22,
    "epsdiluted": 6.18,
    "weightedAverageShsOut": 134462000,
    "weightedAverageShsOutDil": 135342000,
    "link": "https://www.sec.gov/Archives/edgar/data/319201/000031920124000021/0000319201-24-000021-index.htm",
    "finalLink": "https://www.sec.gov/Archives/edgar/data/319201/000031920124000021/klac-20240630.htm"
  },
  {
    "date": "2024-03-31",
    "symbol": "KLAC",
    "reportedCurrency": "USD",
    "cik": "0000319201",
    "fillingDate": "2024-04-26",
    "acceptedDate": "2024-04-26 16:05:41",
    "calendarYear": "2024",
    "period": "Q3",
    "revenue": 2355391000,
    "costOfRevenue": 963169000,
    "grossProfit": 1392222000,
    "grossProfitRatio": 0.5910789334,
    "researchAndDevelopmentExpenses": 321590000,
    "generalAndAdministrativeExpenses": 0,
    "sellingAndMarketingExpenses": 0,
    "sellingGeneralAndAdministrativeExpenses": 222298000,
    "otherExpenses": 0,
    "operatingExpenses": 543888000,
    "costAndExpenses": 1507057000,
    "interestIncome": 0,
    "interestExpense": 79981000,
    "depreciationAndAmortization": 99263000,
    "ebitda": 881252000,
    "ebitdaratio": 0.3741425521,
    "operatingIncome": 848334000,
    "operatingIncomeRatio": 0.3601669532,
    "totalOtherIncomeExpensesNet": -146326000,
    "incomeBeforeTax": 702008000,
    "incomeBeforeTaxRatio": 0.298043085,
    "incomeTaxExpense": 100467000,
    "netIncome": 601541000,
    "netIncomeRatio": 0.2553890203,
    "eps": 4.46,
    "epsdiluted": 4.43,
    "weightedAverageShsOut": 134954000,
    "weightedAverageShsOutDil": 135856000,
    "link": "https://www.sec.gov/Archives/edgar/data/319201/000031920124000012/0000319201-24-000012-index.htm",
    "finalLink": "https://www.sec.gov/Archives/edgar/data/319201/000031920124000012/klac-20240331.htm"
  },
  {
    "date": "2023-12-31",
    "symbol": "KLAC",
    "reportedCurrency": "USD",
    "cik": "0000319201",
    "fillingDate": "2024-01-26",
    "acceptedDate": "2024-01-26 16:10:28",
    "calendarYear": "2024",
    "period": "Q2",
    "revenue": 2486726000,
    "costOfRevenue": 976746000,
    "grossProfit": 1509980000,
    "grossProfitRatio": 0.6072160745,
    "researchAndDevelopmentExpenses": 320418000,
    "generalAndAdministrativeExpenses": 0,
    "sellingAndMarketingExpenses": 0,
    "sellingGeneralAndAdministrativeExpenses": 237244000,
    "otherExpenses": 0,
    "operatingExpenses": 557662000,
    "costAndExpenses": 1534408000,
    "interestIncome": 0,
    "interestExpense": 74202000,
    "depreciationAndAmortization": 99063000,
    "ebitda": 864535000,
    "ebitdaratio": 0.3476599352,
    "operatingIncome": 952318000,
    "operatingIncomeRatio": 0.3829605674,
    "totalOtherIncomeExpensesNet": -261048000,
    "incomeBeforeTax": 691270000,
    "incomeBeforeTaxRatio": 0.2779839838,
    "incomeTaxExpense": 108736000,
    "netIncome": 582534000,
    "netIncomeRatio": 0.2342574132,
    "eps": 4.3,
    "epsdiluted": 4.28,
    "weightedAverageShsOut": 135539000,
    "weightedAverageShsOutDil": 136254000,
    "link": "https://www.sec.gov/Archives/edgar/data/319201/000031920124000006/0000319201-24-000006-index.htm",
    "finalLink": "https://www.sec.gov/Archives/edgar/data/319201/000031920124000006/klac-20231231.htm"
  },
  {
    "date": "2023-09-30",
    "symbol": "KLAC",
    "reportedCurrency": "USD",
    "cik": "0000319201",
    "fillingDate": "2023-10-27",
    "acceptedDate": "2023-10-27 16:04:58",
    "calendarYear": "2024",
    "period": "Q1",
    "revenue": 2396956000,
    "costOfRevenue": 946891000,
    "grossProfit": 1450065000,
    "grossProfitRatio": 0.6049610423,
    "researchAndDevelopmentExpenses": 311214000,
    "generalAndAdministrativeExpenses": 0,
    "sellingAndMarketingExpenses": 0,
    "sellingGeneralAndAdministrativeExpenses": 239645000,
    "otherExpenses": 0,
    "operatingExpenses": 550859000,
    "costAndExpenses": 1497750000,
    "interestIncome": 0,
    "interestExpense": 74234000,
    "depreciationAndAmortization": 102403000,
    "ebitda": 1028348000,
    "ebitdaratio": 0.4290224768,
    "operatingIncome": 899206000,
    "operatingIncomeRatio": 0.3751449755,
    "totalOtherIncomeExpensesNet": -47495000,
    "incomeBeforeTax": 851711000,
    "incomeBeforeTaxRatio": 0.3553302605,
    "incomeTaxExpense": 110336000,
    "netIncome": 741375000,
    "netIncomeRatio": 0.3092985437,
    "eps": 5.43,
    "epsdiluted": 5.41,
    "weightedAverageShsOut": 136412000,
    "weightedAverageShsOutDil": 137104000,
    "link": "https://www.sec.gov/Archives/edgar/data/319201/000031920123000039/0000319201-23-000039-index.htm",
    "finalLink": "https://www.sec.gov/Archives/edgar/data/319201/000031920123000039/klac-20230930.htm"
  },
  {
    "date": "2023-06-30",
    "symbol": "KLAC",
    "reportedCurrency": "USD",
    "cik": "0000319201",
    "fillingDate": "2023-08-04",
    "acceptedDate": "2023-08-04 16:09:10",
    "calendarYear": "2023",
    "period": "Q4",
    "revenue": 2355137000,
    "costOfRevenue": 962949000,
    "grossProfit": 1392188000,
    "grossProfitRatio": 0.5911282443,
    "researchAndDevelopmentExpenses": 317110000,
    "generalAndAdministrativeExpenses": 0,
    "sellingAndMarketingExpenses": 0,
    "sellingGeneralAndAdministrativeExpenses": 250857000,
    "otherExpenses": 0,
    "operatingExpenses": 567967000,
    "costAndExpenses": 1530916000,
    "interestIncome": 604000,
    "interestExpense": 0,
    "depreciationAndAmortization": 104813000,
    "ebitda": 953810000,
    "ebitdaratio": 0.404991302,
    "operatingIncome": 824221000,
    "operatingIncomeRatio": 0.3499673267,
    "totalOtherIncomeExpensesNet": -48715000,
    "incomeBeforeTax": 775506000,
    "incomeBeforeTaxRatio": 0.3292827551,
    "incomeTaxExpense": 90852000,
    "netIncome": 684654000,
    "netIncomeRatio": 0.2907066553,
    "eps": 5,
    "epsdiluted": 4.97,
    "weightedAverageShsOut": 136873000,
    "weightedAverageShsOutDil": 137654000,
    "link": "https://www.sec.gov/Archives/edgar/data/319201/000031920123000031/0000319201-23-000031-index.htm",
    "finalLink": "https://www.sec.gov/Archives/edgar/data/319201/000031920123000031/klac-20230630.htm"
  },
  {
    "date": "2023-03-31",
    "symbol": "KLAC",
    "reportedCurrency": "USD",
    "cik": "0000319201",
    "fillingDate": "2023-04-28",
    "acceptedDate": "2023-04-28 16:28:31",
    "calendarYear": "2023",
    "period": "Q3",
    "revenue": 2432608000,
    "costOfRevenue": 1005346000,
    "grossProfit": 1427262000,
    "grossProfitRatio": 0.5867209185,
    "researchAndDevelopmentExpenses": 328276000,
    "generalAndAdministrativeExpenses": 0,
    "sellingAndMarketingExpenses": 0,
    "sellingGeneralAndAdministrativeExpenses": 238393000,
    "otherExpenses": 0,
    "operatingExpenses": 566669000,
    "costAndExpenses": 1572015000,
    "interestIncome": 0,
    "interestExpense": 74774000,
    "depreciationAndAmortization": 104854000,
    "ebitda": 980311000,
    "ebitdaratio": 0.4029876577,
    "operatingIncome": 860593000,
    "operatingIncomeRatio": 0.3537738098,
    "totalOtherIncomeExpensesNet": -59910000,
    "incomeBeforeTax": 800683000,
    "incomeBeforeTaxRatio": 0.3291459208,
    "incomeTaxExpense": 102846000,
    "netIncome": 697837000,
    "netIncomeRatio": 0.286867839,
    "eps": 5.06,
    "epsdiluted": 5.03,
    "weightedAverageShsOut": 137865000,
    "weightedAverageShsOutDil": 138645000,
    "link": "https://www.sec.gov/Archives/edgar/data/319201/000031920123000020/0000319201-23-000020-index.htm",
    "finalLink": "https://www.sec.gov/Archives/edgar/data/319201/000031920123000020/klac-20230331.htm"
  },
  {
    "date": "2022-12-31",
    "symbol": "KLAC",
    "reportedCurrency": "USD",
    "cik": "0000319201",
    "fillingDate": "2023-01-27",
    "acceptedDate": "2023-01-27 16:25:28",
    "calendarYear": "2023",
    "period": "Q2",
    "revenue": 2983887000,
    "costOfRevenue": 1208786000,
    "grossProfit": 1775101000,
    "grossProfitRatio": 0.5948955172,
    "researchAndDevelopmentExpenses": 332826000,
    "generalAndAdministrativeExpenses": 0,
    "sellingAndMarketingExpenses": 0,
    "sellingGeneralAndAdministrativeExpenses": 243096000,
    "otherExpenses": 0,
    "operatingExpenses": 575922000,
    "costAndExpenses": 1784708000,
    "interestIncome": 0,
    "interestExpense": 74280000,
    "depreciationAndAmortization": 103508000,
    "ebitda": 1320761000,
    "ebitdaratio": 0.442631038,
    "operatingIncome": 1199179000,
    "operatingIncomeRatio": 0.4018848569,
    "totalOtherIncomeExpensesNet": -56206000,
    "incomeBeforeTax": 1142973000,
    "incomeBeforeTaxRatio": 0.3830483527,
    "incomeTaxExpense": 164178000,
    "netIncome": 978795000,
    "netIncomeRatio": 0.3280268321,
    "eps": 6.93,
    "epsdiluted": 6.89,
    "weightedAverageShsOut": 141299000,
    "weightedAverageShsOutDil": 141966000,
    "link": "https://www.sec.gov/Archives/edgar/data/319201/000031920123000010/0000319201-23-000010-index.htm",
    "finalLink": "https://www.sec.gov/Archives/edgar/data/319201/000031920123000010/klac-20221231.htm"
  },
  {
    "date": "2022-09-30",
    "symbol": "KLAC",
    "reportedCurrency": "USD",
    "cik": "0000319201",
    "fillingDate": "2022-10-28",
    "acceptedDate": "2022-10-28 16:25:39",
    "calendarYear": "2023",
    "period": "Q1",
    "revenue": 2724424000,
    "costOfRevenue": 1041226000,
    "grossProfit": 1683198000,
    "grossProfitRatio": 0.6178179314,
    "researchAndDevelopmentExpenses": 318515000,
    "generalAndAdministrativeExpenses": 0,
    "sellingAndMarketingExpenses": 0,
    "sellingGeneralAndAdministrativeExpenses": 253980000,
    "otherExpenses": 0,
    "operatingExpenses": 572495000,
    "costAndExpenses": 1613721000,
    "interestIncome": 0,
    "interestExpense": 74395000,
    "depreciationAndAmortization": 101938000,
    "ebitda": 1246361000,
    "ebitdaratio": 0.4574768832,
    "operatingIncome": 1110703000,
    "operatingIncomeRatio": 0.4076836058,
    "totalOtherIncomeExpensesNet": -40675000,
    "incomeBeforeTax": 1070028000,
    "incomeBeforeTaxRatio": 0.3927538445,
    "incomeTaxExpense": 43963000,
    "netIncome": 1025991000,
    "netIncomeRatio": 0.3765900609,
    "eps": 7.23,
    "epsdiluted": 7.2,
    "weightedAverageShsOut": 141829000,
    "weightedAverageShsOutDil": 142563000,
    "link": "https://www.sec.gov/Archives/edgar/data/319201/000162828022027311/0001628280-22-027311-index.htm",
    "finalLink": "https://www.sec.gov/Archives/edgar/data/319201/000162828022027311/klac-20220930.htm"
  },
  {
    "date": "2022-06-30",
    "symbol": "KLAC",
    "reportedCurrency": "USD",
    "cik": "0000319201",
    "fillingDate": "2022-08-05",
    "acceptedDate": "2022-08-05 16:13:39",
    "calendarYear": "2022",
    "period": "Q4",
    "revenue": 2486739000,
    "costOfRevenue": 978564000,
    "grossProfit": 1508175000,
    "grossProfitRatio": 0.6064870499,
    "researchAndDevelopmentExpenses": 296881000,
    "generalAndAdministrativeExpenses": 0,
    "sellingAndMarketingExpenses": 0,
    "sellingGeneralAndAdministrativeExpenses": 236778000,
    "otherExpenses": 0,
    "operatingExpenses": 533659000,
    "costAndExpenses": 1512223000,
    "interestIncome": 8695000,
    "interestExpense": 44197000,
    "depreciationAndAmortization": 100848000,
    "ebitda": 1094574000,
    "ebitdaratio": 0.4401644081,
    "operatingIncome": 971945000,
    "operatingIncomeRatio": 0.3908512313,
    "totalOtherIncomeExpensesNet": -22246000,
    "incomeBeforeTax": 949699000,
    "incomeBeforeTaxRatio": 0.3819053789,
    "incomeTaxExpense": 144301000,
    "netIncome": 805374000,
    "netIncomeRatio": 0.3238675229,
    "eps": 5.43,
    "epsdiluted": 5.4,
    "weightedAverageShsOut": 148226000,
    "weightedAverageShsOutDil": 149182000,
    "link": "https://www.sec.gov/Archives/edgar/data/319201/000031920122000023/0000319201-22-000023-index.htm",
    "finalLink": "https://www.sec.gov/Archives/edgar/data/319201/000031920122000023/klac-20220630.htm"
  },
  {
    "date": "2022-03-31",
    "symbol": "KLAC",
    "reportedCurrency": "USD",
    "cik": "0000319201",
    "fillingDate": "2022-04-29",
    "acceptedDate": "2022-04-29 16:31:51",
    "calendarYear": "2022",
    "period": "Q3",
    "revenue": 2288676000,
    "costOfRevenue": 892091000,
    "grossProfit": 1396585000,
    "grossProfitRatio": 0.6102152511,
    "researchAndDevelopmentExpenses": 285189000,
    "generalAndAdministrativeExpenses": 0,
    "sellingAndMarketingExpenses": 0,
    "sellingGeneralAndAdministrativeExpenses": 216489000,
    "otherExpenses": 0,
    "operatingExpenses": 501678000,
    "costAndExpenses": 1393769000,
    "interestIncome": 0,
    "interestExpense": 39978000,
    "depreciationAndAmortization": 92127000,
    "ebitda": 978390000,
    "ebitdaratio": 0.4274917026,
    "operatingIncome": 894907000,
    "operatingIncomeRatio": 0.3910151546,
    "totalOtherIncomeExpensesNet": -48622000,
    "incomeBeforeTax": 846285000,
    "incomeBeforeTaxRatio": 0.3697705573,
    "incomeTaxExpense": 115625000,
    "netIncome": 730572000,
    "netIncomeRatio": 0.3192116315,
    "eps": 4.87,
    "epsdiluted": 4.83,
    "weightedAverageShsOut": 150145000,
    "weightedAverageShsOutDil": 151186000,
    "link": "https://www.sec.gov/Archives/edgar/data/319201/000031920122000012/0000319201-22-000012-index.htm",
    "finalLink": "https://www.sec.gov/Archives/edgar/data/319201/000031920122000012/klac-20220331.htm"
  },
  {
    "date": "2021-12-31",
    "symbol": "KLAC",
    "reportedCurrency": "USD",
    "cik": "0000319201",
    "fillingDate": "2022-01-28",
    "acceptedDate": "2022-01-28 16:24:00",
    "calendarYear": "2022",
    "period": "Q2",
    "revenue": 2352630000,
    "costOfRevenue": 908162000,
    "grossProfit": 1444468000,
    "grossProfitRatio": 0.6139800989,
    "researchAndDevelopmentExpenses": 265031000,
    "generalAndAdministrativeExpenses": 0,
    "sellingAndMarketingExpenses": 0,
    "sellingGeneralAndAdministrativeExpenses": 213479000,
    "otherExpenses": -1201000,
    "operatingExpenses": 478510000,
    "costAndExpenses": 1386672000,
    "interestIncome": 0,
    "interestExpense": 37852000,
    "depreciationAndAmortization": 85545000,
    "ebitda": 1050023000,
    "ebitdaratio": 0.4463188007,
    "operatingIncome": 965958000,
    "operatingIncomeRatio": 0.4105864501,
    "totalOtherIncomeExpensesNet": -39053000,
    "incomeBeforeTax": 926905000,
    "incomeBeforeTaxRatio": 0.3939867297,
    "incomeTaxExpense": 209388000,
    "netIncome": 717444000,
    "netIncomeRatio": 0.3049540302,
    "eps": 4.74,
    "epsdiluted": 4.71,
    "weightedAverageShsOut": 151251000,
    "weightedAverageShsOutDil": 152331000,
    "link": "https://www.sec.gov/Archives/edgar/data/319201/000031920122000006/0000319201-22-000006-index.htm",
    "finalLink": "https://www.sec.gov/Archives/edgar/data/319201/000031920122000006/klac-20211231.htm"
  },
  {
    "date": "2021-09-30",
    "symbol": "KLAC",
    "reportedCurrency": "USD",
    "cik": "0000319201",
    "fillingDate": "2021-10-28",
    "acceptedDate": "2021-10-28 16:45:50",
    "calendarYear": "2022",
    "period": "Q1",
    "revenue": 2083838000,
    "costOfRevenue": 813624000,
    "grossProfit": 1270214000,
    "grossProfitRatio": 0.6095550614,
    "researchAndDevelopmentExpenses": 258153000,
    "generalAndAdministrativeExpenses": 0,
    "sellingAndMarketingExpenses": 0,
    "sellingGeneralAndAdministrativeExpenses": 193261000,
    "otherExpenses": 0,
    "operatingExpenses": 451414000,
    "costAndExpenses": 1265038000,
    "interestIncome": 0,
    "interestExpense": 38312000,
    "depreciationAndAmortization": 84824000,
    "ebitda": 889484000,
    "ebitdaratio": 0.4268489201,
    "operatingIncome": 818800000,
    "operatingIncomeRatio": 0.3929288169,
    "totalOtherIncomeExpensesNet": -52452000,
    "incomeBeforeTax": 766348000,
    "incomeBeforeTaxRatio": 0.3677579543,
    "incomeTaxExpense": -302137000,
    "netIncome": 1068417000,
    "netIncomeRatio": 0.5127159597,
    "eps": 7.01,
    "epsdiluted": 6.96,
    "weightedAverageShsOut": 152330000,
    "weightedAverageShsOutDil": 153410000,
    "link": "https://www.sec.gov/Archives/edgar/data/319201/000031920121000037/0000319201-21-000037-index.htm",
    "finalLink": "https://www.sec.gov/Archives/edgar/data/319201/000031920121000037/klac-20210930.htm"
  },
  {
    "date": "2021-06-30",
    "symbol": "KLAC",
    "reportedCurrency": "USD",
    "cik": "0000319201",
    "fillingDate": "2021-08-06",
    "acceptedDate": "2021-08-06 16:53:10",
    "calendarYear": "2021",
    "period": "Q4",
    "revenue": 1925471000,
    "costOfRevenue": 772241000,
    "grossProfit": 1153230000,
    "grossProfitRatio": 0.5989339751,
    "researchAndDevelopmentExpenses": 241428000,
    "generalAndAdministrativeExpenses": 0,
    "sellingAndMarketingExpenses": 0,
    "sellingGeneralAndAdministrativeExpenses": 192022000,
    "otherExpenses": 0,
    "operatingExpenses": 433450000,
    "costAndExpenses": 1205691000,
    "interestIncome": 8929000,
    "interestExpense": 39970000,
    "depreciationAndAmortization": 84647000,
    "ebitda": 833181000,
    "ebitdaratio": 0.4327154239,
    "operatingIncome": 719780000,
    "operatingIncomeRatio": 0.3738202237,
    "totalOtherIncomeExpensesNet": -10937000,
    "incomeBeforeTax": 708843000,
    "incomeBeforeTaxRatio": 0.3681400551,
    "incomeTaxExpense": 75785000,
    "netIncome": 632978000,
    "netIncomeRatio": 0.3287393059,
    "eps": 4.14,
    "epsdiluted": 4.1,
    "weightedAverageShsOut": 152971000,
    "weightedAverageShsOutDil": 154283000,
    "link": "https://www.sec.gov/Archives/edgar/data/319201/000031920121000029/0000319201-21-000029-index.htm",
    "finalLink": "https://www.sec.gov/Archives/edgar/data/319201/000031920121000029/klac-20210630.htm"
  },
  {
    "date": "2021-03-31",
    "symbol": "KLAC",
    "reportedCurrency": "USD",
    "cik": "0000319201",
    "fillingDate": "2021-04-30",
    "acceptedDate": "2021-04-30 16:25:01",
    "calendarYear": "2021",
    "period": "Q3",
    "revenue": 1803773000,
    "costOfRevenue": 709629000,
    "grossProfit": 1094144000,
    "grossProfitRatio": 0.6065863055,
    "researchAndDevelopmentExpenses": 238957000,
    "generalAndAdministrativeExpenses": 0,
    "sellingAndMarketingExpenses": 0,
    "sellingGeneralAndAdministrativeExpenses": 183040000,
    "otherExpenses": 0,
    "operatingExpenses": 421997000,
    "costAndExpenses": 1131626000,
    "interestIncome": 0,
    "interestExpense": 39092000,
    "depreciationAndAmortization": 84365000,
    "ebitda": 763581000,
    "ebitdaratio": 0.4233243318,
    "operatingIncome": 672147000,
    "operatingIncomeRatio": 0.3726339179,
    "totalOtherIncomeExpensesNet": -31744000,
    "incomeBeforeTax": 640403000,
    "incomeBeforeTaxRatio": 0.3550352511,
    "incomeTaxExpense": 73233000,
    "netIncome": 567496000,
    "netIncomeRatio": 0.3146160853,
    "eps": 3.69,
    "epsdiluted": 3.66,
    "weightedAverageShsOut": 153801000,
    "weightedAverageShsOutDil": 155159000,
    "link": "https://www.sec.gov/Archives/edgar/data/319201/000031920121000017/0000319201-21-000017-index.htm",
    "finalLink": "https://www.sec.gov/Archives/edgar/data/319201/000031920121000017/klac-20210331.htm"
  },
  {
    "date": "2020-12-31",
    "symbol": "KLAC",
    "reportedCurrency": "USD",
    "cik": "0000319201",
    "fillingDate": "2021-02-04",
    "acceptedDate": "2021-02-04 16:39:37",
    "calendarYear": "2021",
    "period": "Q2",
    "revenue": 1650870000,
    "costOfRevenue": 669733000,
    "grossProfit": 981137000,
    "grossProfitRatio": 0.5943151187,
    "researchAndDevelopmentExpenses": 229064000,
    "generalAndAdministrativeExpenses": 0,
    "sellingAndMarketingExpenses": 0,
    "sellingGeneralAndAdministrativeExpenses": 181909000,
    "otherExpenses": 0,
    "operatingExpenses": 410973000,
    "costAndExpenses": 1080706000,
    "interestIncome": 0,
    "interestExpense": 38880000,
    "depreciationAndAmortization": 84257000,
    "ebitda": 650260000,
    "ebitdaratio": 0.3938892826,
    "operatingIncome": 570164000,
    "operatingIncomeRatio": 0.3453718342,
    "totalOtherIncomeExpensesNet": -42762000,
    "incomeBeforeTax": 527402000,
    "incomeBeforeTaxRatio": 0.3194691284,
    "incomeTaxExpense": 70419000,
    "netIncome": 457251000,
    "netIncomeRatio": 0.2769757764,
    "eps": 2.96,
    "epsdiluted": 2.94,
    "weightedAverageShsOut": 154273000,
    "weightedAverageShsOutDil": 155560000,
    "link": "https://www.sec.gov/Archives/edgar/data/319201/000031920121000008/0000319201-21-000008-index.htm",
    "finalLink": "https://www.sec.gov/Archives/edgar/data/319201/000031920121000008/klac-20201231.htm"
  },
  {
    "date": "2020-09-30",
    "symbol": "KLAC",
    "reportedCurrency": "USD",
    "cik": "0000319201",
    "fillingDate": "2020-10-30",
    "acceptedDate": "2020-10-30 16:36:28",
    "calendarYear": "2021",
    "period": "Q1",
    "revenue": 1538620000,
    "costOfRevenue": 620562000,
    "grossProfit": 918058000,
    "grossProfitRatio": 0.5966762423,
    "researchAndDevelopmentExpenses": 219038000,
    "generalAndAdministrativeExpenses": 0,
    "sellingAndMarketingExpenses": 0,
    "sellingGeneralAndAdministrativeExpenses": 172631000,
    "otherExpenses": 0,
    "operatingExpenses": 391669000,
    "costAndExpenses": 1012231000,
    "interestIncome": 0,
    "interestExpense": 39386000,
    "depreciationAndAmortization": 80066000,
    "ebitda": 603258000,
    "ebitdaratio": 0.392077316,
    "operatingIncome": 526389000,
    "operatingIncomeRatio": 0.3421176119,
    "totalOtherIncomeExpensesNet": -42583000,
    "incomeBeforeTax": 483806000,
    "incomeBeforeTaxRatio": 0.3144415125,
    "incomeTaxExpense": 63664000,
    "netIncome": 420567000,
    "netIncomeRatio": 0.2733403959,
    "eps": 2.71,
    "epsdiluted": 2.69,
    "weightedAverageShsOut": 155281000,
    "weightedAverageShsOutDil": 156442000,
    "link": "https://www.sec.gov/Archives/edgar/data/319201/000031920120000057/0000319201-20-000057-index.htm",
    "finalLink": "https://www.sec.gov/Archives/edgar/data/319201/000031920120000057/klac-20200930.htm"
  },
  {
    "date": "2020-06-30",
    "symbol": "KLAC",
    "reportedCurrency": "USD",
    "cik": "0000319201",
    "fillingDate": "2020-08-07",
    "acceptedDate": "2020-08-07 18:36:10",
    "calendarYear": "2020",
    "period": "Q4",
    "revenue": 1459593000,
    "costOfRevenue": 621544000,
    "grossProfit": 838049000,
    "grossProfitRatio": 0.574166223,
    "researchAndDevelopmentExpenses": 217100000,
    "generalAndAdministrativeExpenses": 566358000,
    "sellingAndMarketingExpenses": -398567000,
    "sellingGeneralAndAdministrativeExpenses": 167791000,
    "otherExpenses": 0,
    "operatingExpenses": 384891000,
    "costAndExpenses": 1006435000,
    "interestIncome": 0,
    "interestExpense": 39942000,
    "depreciationAndAmortization": 78937000,
    "ebitda": 524227000,
    "ebitdaratio": 0.359159711,
    "operatingIncome": 453158000,
    "operatingIncomeRatio": 0.3104687403,
    "totalOtherIncomeExpensesNet": -48089000,
    "incomeBeforeTax": 405069000,
    "incomeBeforeTaxRatio": 0.2775218845,
    "incomeTaxExpense": -5246000,
    "netIncome": 411253000,
    "netIncomeRatio": 0.281758682,
    "eps": 2.65,
    "epsdiluted": 2.63,
    "weightedAverageShsOut": 155106000,
    "weightedAverageShsOutDil": 156183000,
    "link": "https://www.sec.gov/Archives/edgar/data/319201/000031920120000047/0000319201-20-000047-index.htm",
    "finalLink": "https://www.sec.gov/Archives/edgar/data/319201/000031920120000047/klac-20200630.htm"
  },
  {
    "date": "2020-03-31",
    "symbol": "KLAC",
    "reportedCurrency": "USD",
    "cik": "0000319201",
    "fillingDate": "2020-05-06",
    "acceptedDate": "2020-05-06 16:26:18",
    "calendarYear": "2020",
    "period": "Q3",
    "revenue": 1423964000,
    "costOfRevenue": 590158000,
    "grossProfit": 833806000,
    "grossProfitRatio": 0.5855527246,
    "researchAndDevelopmentExpenses": 215433000,
    "generalAndAdministrativeExpenses": 185760000,
    "sellingAndMarketingExpenses": 0,
    "sellingGeneralAndAdministrativeExpenses": 185760000,
    "otherExpenses": 1004000,
    "operatingExpenses": 401193000,
    "costAndExpenses": 991351000,
    "interestIncome": 0,
    "interestExpense": 39231000,
    "depreciationAndAmortization": 81990000,
    "ebitda": 236261000,
    "ebitdaratio": 0.1659178181,
    "operatingIncome": 432613000,
    "operatingIncomeRatio": 0.3038089446,
    "totalOtherIncomeExpensesNet": -317414000,
    "incomeBeforeTax": 115199000,
    "incomeBeforeTaxRatio": 0.0809002194,
    "incomeTaxExpense": 37190000,
    "netIncome": 78452000,
    "netIncomeRatio": 0.0550940895,
    "eps": 0.5,
    "epsdiluted": 0.5,
    "weightedAverageShsOut": 156067000,
    "weightedAverageShsOutDil": 157172000,
    "link": "https://www.sec.gov/Archives/edgar/data/319201/000031920120000026/0000319201-20-000026-index.htm",
    "finalLink": "https://www.sec.gov/Archives/edgar/data/319201/000031920120000026/klac10q033120.htm"
  },
  {
    "date": "2019-12-31",
    "symbol": "KLAC",
    "reportedCurrency": "USD",
    "cik": "0000319201",
    "fillingDate": "2020-02-05",
    "acceptedDate": "2020-02-05 16:28:28",
    "calendarYear": "2020",
    "period": "Q2",
    "revenue": 1509453000,
    "costOfRevenue": 633618000,
    "grossProfit": 875835000,
    "grossProfitRatio": 0.5802333693,
    "researchAndDevelopmentExpenses": 220751000,
    "generalAndAdministrativeExpenses": 192253000,
    "sellingAndMarketingExpenses": 0,
    "sellingGeneralAndAdministrativeExpenses": 192253000,
    "otherExpenses": 0,
    "operatingExpenses": 413004000,
    "costAndExpenses": 1046622000,
    "interestIncome": 0,
    "interestExpense": 40472000,
    "depreciationAndAmortization": 88534000,
    "ebitda": 551365000,
    "ebitdaratio": 0.3652747055,
    "operatingIncome": 462831000,
    "operatingIncomeRatio": 0.3066216702,
    "totalOtherIncomeExpensesNet": -37904000,
    "incomeBeforeTax": 424927000,
    "incomeBeforeTaxRatio": 0.2815105869,
    "incomeTaxExpense": 44622000,
    "netIncome": 380555000,
    "netIncomeRatio": 0.2521145077,
    "eps": 2.42,
    "epsdiluted": 2.4,
    "weightedAverageShsOut": 157290000,
    "weightedAverageShsOutDil": 158620000,
    "link": "https://www.sec.gov/Archives/edgar/data/319201/000031920120000008/0000319201-20-000008-index.htm",
    "finalLink": "https://www.sec.gov/Archives/edgar/data/319201/000031920120000008/klac10q123119.htm"
  },
  {
    "date": "2019-09-30",
    "symbol": "KLAC",
    "reportedCurrency": "USD",
    "cik": "0000319201",
    "fillingDate": "2019-10-31",
    "acceptedDate": "2019-10-31 16:24:48",
    "calendarYear": "2020",
    "period": "Q1",
    "revenue": 1413414000,
    "costOfRevenue": 604241000,
    "grossProfit": 809173000,
    "grossProfitRatio": 0.5724953906,
    "researchAndDevelopmentExpenses": 210580000,
    "generalAndAdministrativeExpenses": 188345000,
    "sellingAndMarketingExpenses": 0,
    "sellingGeneralAndAdministrativeExpenses": 188345000,
    "otherExpenses": 1618000,
    "operatingExpenses": 398925000,
    "costAndExpenses": 1003166000,
    "interestIncome": 0,
    "interestExpense": 40350000,
    "depreciationAndAmortization": 98588000,
    "ebitda": 508836000,
    "ebitdaratio": 0.3600049242,
    "operatingIncome": 410248000,
    "operatingIncomeRatio": 0.290253245,
    "totalOtherIncomeExpensesNet": -38732000,
    "incomeBeforeTax": 371516000,
    "incomeBeforeTaxRatio": 0.262850092,
    "incomeTaxExpense": 25120000,
    "netIncome": 346525000,
    "netIncomeRatio": 0.2451687899,
    "eps": 2.18,
    "epsdiluted": 2.16,
    "weightedAverageShsOut": 158697000,
    "weightedAverageShsOutDil": 160131000,
    "link": "https://www.sec.gov/Archives/edgar/data/319201/000031920119000039/0000319201-19-000039-index.htm",
    "finalLink": "https://www.sec.gov/Archives/edgar/data/319201/000031920119000039/klac10q093019.htm"
  },
  {
    "date": "2019-06-30",
    "symbol": "KLAC",
    "reportedCurrency": "USD",
    "cik": "0000319201",
    "fillingDate": "2019-08-16",
    "acceptedDate": "2019-08-16 16:58:19",
    "calendarYear": "2019",
    "period": "Q4",
    "revenue": 1258435000,
    "costOfRevenue": 592785000,
    "grossProfit": 665650000,
    "grossProfitRatio": 0.5289506411,
    "researchAndDevelopmentExpenses": 206710000,
    "generalAndAdministrativeExpenses": 190040000,
    "sellingAndMarketingExpenses": 0,
    "sellingGeneralAndAdministrativeExpenses": 190040000,
    "otherExpenses": 0,
    "operatingExpenses": 396750000,
    "costAndExpenses": 989535000,
    "interestIncome": 0,
    "interestExpense": 37590000,
    "depreciationAndAmortization": 127886000,
    "ebitda": 396786000,
    "ebitdaratio": 0.3153011479,
    "operatingIncome": 268900000,
    "operatingIncomeRatio": 0.2136781002,
    "totalOtherIncomeExpensesNet": -37590000,
    "incomeBeforeTax": 231310000,
    "incomeBeforeTaxRatio": 0.1838076659,
    "incomeTaxExpense": 13982000,
    "netIncome": 217845000,
    "netIncomeRatio": 0.1731078681,
    "eps": 1.36,
    "epsdiluted": 1.35,
    "weightedAverageShsOut": 160546000,
    "weightedAverageShsOutDil": 161937000,
    "link": "https://www.sec.gov/Archives/edgar/data/319201/000031920119000031/0000319201-19-000031-index.htm",
    "finalLink": "https://www.sec.gov/Archives/edgar/data/319201/000031920119000031/klac10k2019.htm"
  },
  {
    "date": "2019-03-31",
    "symbol": "KLAC",
    "reportedCurrency": "USD",
    "cik": "0000319201",
    "fillingDate": "2019-05-08",
    "acceptedDate": "2019-05-08 08:48:30",
    "calendarYear": "2019",
    "period": "Q3",
    "revenue": 1097311000,
    "costOfRevenue": 486945000,
    "grossProfit": 610366000,
    "grossProfitRatio": 0.5562379307,
    "researchAndDevelopmentExpenses": 184887000,
    "generalAndAdministrativeExpenses": 182184000,
    "sellingAndMarketingExpenses": 0,
    "sellingGeneralAndAdministrativeExpenses": 182184000,
    "otherExpenses": 0,
    "operatingExpenses": 367071000,
    "costAndExpenses": 854016000,
    "interestIncome": 0,
    "interestExpense": 31187000,
    "depreciationAndAmortization": 73445000,
    "ebitda": 316740000,
    "ebitdaratio": 0.2886510752,
    "operatingIncome": 243295000,
    "operatingIncomeRatio": 0.2217192756,
    "totalOtherIncomeExpensesNet": -21905000,
    "incomeBeforeTax": 221390000,
    "incomeBeforeTaxRatio": 0.2017568401,
    "incomeTaxExpense": 28745000,
    "netIncome": 192728000,
    "netIncomeRatio": 0.1756366244,
    "eps": 1.23,
    "epsdiluted": 1.23,
    "weightedAverageShsOut": 156349000,
    "weightedAverageShsOutDil": 157182000,
    "link": "https://www.sec.gov/Archives/edgar/data/319201/000031920119000018/0000319201-19-000018-index.htm",
    "finalLink": "https://www.sec.gov/Archives/edgar/data/319201/000031920119000018/klac10q033119.htm"
  },
  {
    "date": "2018-12-31",
    "symbol": "KLAC",
    "reportedCurrency": "USD",
    "cik": "0000319201",
    "fillingDate": "2019-01-29",
    "acceptedDate": "2019-01-29 16:51:12",
    "calendarYear": "2019",
    "period": "Q2",
    "revenue": 1119898000,
    "costOfRevenue": 408260000,
    "grossProfit": 711638000,
    "grossProfitRatio": 0.6354489427,
    "researchAndDevelopmentExpenses": 165903000,
    "generalAndAdministrativeExpenses": 112462000,
    "sellingAndMarketingExpenses": 0,
    "sellingGeneralAndAdministrativeExpenses": 112462000,
    "otherExpenses": 0,
    "operatingExpenses": 278365000,
    "costAndExpenses": 686625000,
    "interestIncome": 0,
    "interestExpense": 26538000,
    "depreciationAndAmortization": 15806000,
    "ebitda": 449079000,
    "ebitdaratio": 0.4009999125,
    "operatingIncome": 433273000,
    "operatingIncomeRatio": 0.3868861271,
    "totalOtherIncomeExpensesNet": -17310000,
    "incomeBeforeTax": 415963000,
    "incomeBeforeTaxRatio": 0.3714293623,
    "incomeTaxExpense": 46863000,
    "netIncome": 369100000,
    "netIncomeRatio": 0.3295835871,
    "eps": 2.43,
    "epsdiluted": 2.42,
    "weightedAverageShsOut": 152148000,
    "weightedAverageShsOutDil": 152648000,
    "link": "https://www.sec.gov/Archives/edgar/data/319201/000031920119000009/0000319201-19-000009-index.htm",
    "finalLink": "https://www.sec.gov/Archives/edgar/data/319201/000031920119000009/klac10q123118.htm"
  },
  {
    "date": "2018-09-30",
    "symbol": "KLAC",
    "reportedCurrency": "USD",
    "cik": "0000319201",
    "fillingDate": "2018-10-31",
    "acceptedDate": "2018-10-31 16:34:02",
    "calendarYear": "2019",
    "period": "Q1",
    "revenue": 1093260000,
    "costOfRevenue": 381387000,
    "grossProfit": 711873000,
    "grossProfitRatio": 0.6511470282,
    "researchAndDevelopmentExpenses": 153530000,
    "generalAndAdministrativeExpenses": 114438000,
    "sellingAndMarketingExpenses": 0,
    "sellingGeneralAndAdministrativeExpenses": 114438000,
    "otherExpenses": 0,
    "operatingExpenses": 267968000,
    "costAndExpenses": 649355000,
    "interestIncome": 0,
    "interestExpense": 26362000,
    "depreciationAndAmortization": 16087000,
    "ebitda": 459992000,
    "ebitdaratio": 0.4207526115,
    "operatingIncome": 443905000,
    "operatingIncomeRatio": 0.406037905,
    "totalOtherIncomeExpensesNet": -16337000,
    "incomeBeforeTax": 427568000,
    "incomeBeforeTaxRatio": 0.3910945246,
    "incomeTaxExpense": 31624000,
    "netIncome": 395944000,
    "netIncomeRatio": 0.3621681942,
    "eps": 2.55,
    "epsdiluted": 2.54,
    "weightedAverageShsOut": 155221000,
    "weightedAverageShsOutDil": 156083000,
    "link": "https://www.sec.gov/Archives/edgar/data/319201/000031920118000055/0000319201-18-000055-index.htm",
    "finalLink": "https://www.sec.gov/Archives/edgar/data/319201/000031920118000055/klac10q093018.htm"
  },
  {
    "date": "2018-06-30",
    "symbol": "KLAC",
    "reportedCurrency": "USD",
    "cik": "0000319201",
    "fillingDate": "2018-08-06",
    "acceptedDate": "2018-08-06 16:48:30",
    "calendarYear": "2018",
    "period": "Q4",
    "revenue": 1070004000,
    "costOfRevenue": 377898000,
    "grossProfit": 692106000,
    "grossProfitRatio": 0.6468256193,
    "researchAndDevelopmentExpenses": 151951000,
    "generalAndAdministrativeExpenses": 116649000,
    "sellingAndMarketingExpenses": 0,
    "sellingGeneralAndAdministrativeExpenses": 116649000,
    "otherExpenses": 0,
    "operatingExpenses": 268600000,
    "costAndExpenses": 646498000,
    "interestIncome": 0,
    "interestExpense": 17017000,
    "depreciationAndAmortization": 14989000,
    "ebitda": 436521000,
    "ebitdaratio": 0.4079620263,
    "operatingIncome": 423506000,
    "operatingIncomeRatio": 0.3957985204,
    "totalOtherIncomeExpensesNet": -17017000,
    "incomeBeforeTax": 406489000,
    "incomeBeforeTaxRatio": 0.3798948415,
    "incomeTaxExpense": 57722000,
    "netIncome": 348767000,
    "netIncomeRatio": 0.3259492488,
    "eps": 2.24,
    "epsdiluted": 2.22,
    "weightedAverageShsOut": 155740000,
    "weightedAverageShsOutDil": 156822000,
    "link": "https://www.sec.gov/Archives/edgar/data/319201/000031920118000045/0000319201-18-000045-index.htm",
    "finalLink": "https://www.sec.gov/Archives/edgar/data/319201/000031920118000045/klac10k2018.htm"
  },
  {
    "date": "2018-03-31",
    "symbol": "KLAC",
    "reportedCurrency": "USD",
    "cik": "0000319201",
    "fillingDate": "2018-04-27",
    "acceptedDate": "2018-04-26 17:41:09",
    "calendarYear": "2018",
    "period": "Q3",
    "revenue": 1021294000,
    "costOfRevenue": 368688000,
    "grossProfit": 652606000,
    "grossProfitRatio": 0.6389991521,
    "researchAndDevelopmentExpenses": 153284000,
    "generalAndAdministrativeExpenses": 113518000,
    "sellingAndMarketingExpenses": 0,
    "sellingGeneralAndAdministrativeExpenses": 113518000,
    "otherExpenses": 0,
    "operatingExpenses": 266802000,
    "costAndExpenses": 635490000,
    "interestIncome": 0,
    "interestExpense": 28119000,
    "depreciationAndAmortization": 16283000,
    "ebitda": 402087000,
    "ebitdaratio": 0.3937034781,
    "operatingIncome": 385804000,
    "operatingIncomeRatio": 0.377759979,
    "totalOtherIncomeExpensesNet": -19821000,
    "incomeBeforeTax": 365983000,
    "incomeBeforeTaxRatio": 0.3583522472,
    "incomeTaxExpense": 59102000,
    "netIncome": 306881000,
    "netIncomeRatio": 0.3004825251,
    "eps": 1.96,
    "epsdiluted": 1.95,
    "weightedAverageShsOut": 156221000,
    "weightedAverageShsOutDil": 157201000,
    "link": "https://www.sec.gov/Archives/edgar/data/319201/000031920118000021/0000319201-18-000021-index.htm",
    "finalLink": "https://www.sec.gov/Archives/edgar/data/319201/000031920118000021/klac10q033118.htm"
  },
  {
    "date": "2017-12-31",
    "symbol": "KLAC",
    "reportedCurrency": "USD",
    "cik": "0000319201",
    "fillingDate": "2018-01-26",
    "acceptedDate": "2018-01-25 18:10:51",
    "calendarYear": "2018",
    "period": "Q2",
    "revenue": 975822000,
    "costOfRevenue": 347334000,
    "grossProfit": 628488000,
    "grossProfitRatio": 0.6440600847,
    "researchAndDevelopmentExpenses": 156745000,
    "generalAndAdministrativeExpenses": 105546000,
    "sellingAndMarketingExpenses": 0,
    "sellingGeneralAndAdministrativeExpenses": 105546000,
    "otherExpenses": 0,
    "operatingExpenses": 262291000,
    "costAndExpenses": 609625000,
    "interestIncome": 0,
    "interestExpense": 27372000,
    "depreciationAndAmortization": 16130000,
    "ebitda": 382327000,
    "ebitdaratio": 0.3917999389,
    "operatingIncome": 366197000,
    "operatingIncomeRatio": 0.3752702849,
    "totalOtherIncomeExpensesNet": -18890000,
    "incomeBeforeTax": 347307000,
    "incomeBeforeTaxRatio": 0.3559122463,
    "incomeTaxExpense": 481626000,
    "netIncome": -134319000,
    "netIncomeRatio": -0.1376470299,
    "eps": -0.86,
    "epsdiluted": -0.86,
    "weightedAverageShsOut": 156184883,
    "weightedAverageShsOutDil": 156587000,
    "link": "https://www.sec.gov/Archives/edgar/data/319201/000031920118000008/0000319201-18-000008-index.htm",
    "finalLink": "https://www.sec.gov/Archives/edgar/data/319201/000031920118000008/klac10q123117.htm"
  },
  {
    "date": "2017-09-30",
    "symbol": "KLAC",
    "reportedCurrency": "USD",
    "cik": "0000319201",
    "fillingDate": "2017-10-27",
    "acceptedDate": "2017-10-26 17:51:05",
    "calendarYear": "2018",
    "period": "Q1",
    "revenue": 969581000,
    "costOfRevenue": 353449000,
    "grossProfit": 616132000,
    "grossProfitRatio": 0.6354621223,
    "researchAndDevelopmentExpenses": 146732000,
    "generalAndAdministrativeExpenses": 107713000,
    "sellingAndMarketingExpenses": 0,
    "sellingGeneralAndAdministrativeExpenses": 107713000,
    "otherExpenses": 0,
    "operatingExpenses": 254445000,
    "costAndExpenses": 607894000,
    "interestIncome": 0,
    "interestExpense": 30576000,
    "depreciationAndAmortization": 15282000,
    "ebitda": 376969000,
    "ebitdaratio": 0.3887957788,
    "operatingIncome": 361687000,
    "operatingIncomeRatio": 0.3730343313,
    "totalOtherIncomeExpensesNet": -25535000,
    "incomeBeforeTax": 336152000,
    "incomeBeforeTaxRatio": 0.3466982129,
    "incomeTaxExpense": 55216000,
    "netIncome": 280936000,
    "netIncomeRatio": 0.2897499023,
    "eps": 1.79,
    "epsdiluted": 1.78,
    "weightedAverageShsOut": 156826000,
    "weightedAverageShsOutDil": 157846000,
    "link": "https://www.sec.gov/Archives/edgar/data/319201/000031920117000045/0000319201-17-000045-index.htm",
    "finalLink": "https://www.sec.gov/Archives/edgar/data/319201/000031920117000045/klac10q93017.htm"
  },
  {
    "date": "2017-06-30",
    "symbol": "KLAC",
    "reportedCurrency": "USD",
    "cik": "0000319201",
    "fillingDate": "2017-08-04",
    "acceptedDate": "2017-08-04 17:12:04",
    "calendarYear": "2017",
    "period": "Q4",
    "revenue": 938647000,
    "costOfRevenue": 347930000,
    "grossProfit": 590717000,
    "grossProfitRatio": 0.6293281713,
    "researchAndDevelopmentExpenses": 136555000,
    "generalAndAdministrativeExpenses": 105164000,
    "sellingAndMarketingExpenses": 0,
    "sellingGeneralAndAdministrativeExpenses": 105164000,
    "otherExpenses": 0,
    "operatingExpenses": 241719000,
    "costAndExpenses": 589649000,
    "interestIncome": 0,
    "interestExpense": 23966000,
    "depreciationAndAmortization": 14324000,
    "ebitda": 363322000,
    "ebitdaratio": 0.3870698995,
    "operatingIncome": 348998000,
    "operatingIncomeRatio": 0.3718096366,
    "totalOtherIncomeExpensesNet": -23966000,
    "incomeBeforeTax": 325032000,
    "incomeBeforeTaxRatio": 0.3462771415,
    "incomeTaxExpense": 68870000,
    "netIncome": 256162000,
    "netIncomeRatio": 0.2729055758,
    "eps": 1.64,
    "epsdiluted": 1.62,
    "weightedAverageShsOut": 156668000,
    "weightedAverageShsOutDil": 157931000,
    "link": "https://www.sec.gov/Archives/edgar/data/319201/000031920117000034/0000319201-17-000034-index.htm",
    "finalLink": "https://www.sec.gov/Archives/edgar/data/319201/000031920117000034/klac10k2017.htm"
  },
  {
    "date": "2017-03-31",
    "symbol": "KLAC",
    "reportedCurrency": "USD",
    "cik": "0000319201",
    "fillingDate": "2017-04-28",
    "acceptedDate": "2017-04-27 18:16:52",
    "calendarYear": "2017",
    "period": "Q3",
    "revenue": 913809000,
    "costOfRevenue": 343274000,
    "grossProfit": 570535000,
    "grossProfitRatio": 0.6243481953,
    "researchAndDevelopmentExpenses": 130170000,
    "generalAndAdministrativeExpenses": 96252000,
    "sellingAndMarketingExpenses": 0,
    "sellingGeneralAndAdministrativeExpenses": 96252000,
    "otherExpenses": 0,
    "operatingExpenses": 226422000,
    "costAndExpenses": 569696000,
    "interestIncome": 0,
    "interestExpense": 30472000,
    "depreciationAndAmortization": 14198000,
    "ebitda": 358311000,
    "ebitdaratio": 0.3921071033,
    "operatingIncome": 344113000,
    "operatingIncomeRatio": 0.3765699397,
    "totalOtherIncomeExpensesNet": -24964000,
    "incomeBeforeTax": 319149000,
    "incomeBeforeTaxRatio": 0.3492513206,
    "incomeTaxExpense": 65587000,
    "netIncome": 253562000,
    "netIncomeRatio": 0.2774781163,
    "eps": 1.62,
    "epsdiluted": 1.61,
    "weightedAverageShsOut": 156749000,
    "weightedAverageShsOutDil": 157746000,
    "link": "https://www.sec.gov/Archives/edgar/data/319201/000031920117000017/0000319201-17-000017-index.htm",
    "finalLink": "https://www.sec.gov/Archives/edgar/data/319201/000031920117000017/klac10q33117.htm"
  },
  {
    "date": "2016-12-31",
    "symbol": "KLAC",
    "reportedCurrency": "USD",
    "cik": "0000319201",
    "fillingDate": "2017-01-27",
    "acceptedDate": "2017-01-26 18:01:59",
    "calendarYear": "2017",
    "period": "Q2",
    "revenue": 876885000,
    "costOfRevenue": 318507000,
    "grossProfit": 558378000,
    "grossProfitRatio": 0.6367744915,
    "researchAndDevelopmentExpenses": 130912000,
    "generalAndAdministrativeExpenses": 93532000,
    "sellingAndMarketingExpenses": 0,
    "sellingGeneralAndAdministrativeExpenses": 93532000,
    "otherExpenses": 0,
    "operatingExpenses": 224444000,
    "costAndExpenses": 542951000,
    "interestIncome": 0,
    "interestExpense": 30624000,
    "depreciationAndAmortization": 14892000,
    "ebitda": 348826000,
    "ebitdaratio": 0.397801308,
    "operatingIncome": 333934000,
    "operatingIncomeRatio": 0.3808184654,
    "totalOtherIncomeExpensesNet": -27089000,
    "incomeBeforeTax": 306845000,
    "incomeBeforeTaxRatio": 0.3499261591,
    "incomeTaxExpense": 68594000,
    "netIncome": 238251000,
    "netIncomeRatio": 0.2717015344,
    "eps": 1.52,
    "epsdiluted": 1.52,
    "weightedAverageShsOut": 156335000,
    "weightedAverageShsOutDil": 157123000,
    "link": "https://www.sec.gov/Archives/edgar/data/319201/000031920117000006/0000319201-17-000006-index.htm",
    "finalLink": "https://www.sec.gov/Archives/edgar/data/319201/000031920117000006/klac10q123116.htm"
  },
  {
    "date": "2016-09-30",
    "symbol": "KLAC",
    "reportedCurrency": "USD",
    "cik": "0000319201",
    "fillingDate": "2016-10-20",
    "acceptedDate": "2016-10-20 17:06:56",
    "calendarYear": "2017",
    "period": "Q1",
    "revenue": 750673000,
    "costOfRevenue": 277836000,
    "grossProfit": 472837000,
    "grossProfitRatio": 0.6298841173,
    "researchAndDevelopmentExpenses": 129233000,
    "generalAndAdministrativeExpenses": 94388000,
    "sellingAndMarketingExpenses": 0,
    "sellingGeneralAndAdministrativeExpenses": 94388000,
    "otherExpenses": 0,
    "operatingExpenses": 223621000,
    "costAndExpenses": 501457000,
    "interestIncome": 0,
    "interestExpense": 30732000,
    "depreciationAndAmortization": 14422000,
    "ebitda": 267563000,
    "ebitdaratio": 0.3564308294,
    "operatingIncome": 249216000,
    "operatingIncomeRatio": 0.3319900942,
    "totalOtherIncomeExpensesNet": -26996000,
    "incomeBeforeTax": 222220000,
    "incomeBeforeTaxRatio": 0.2960276978,
    "incomeTaxExpense": 44119000,
    "netIncome": 178101000,
    "netIncomeRatio": 0.2372551031,
    "eps": 1.14,
    "epsdiluted": 1.13,
    "weightedAverageShsOut": 156129000,
    "weightedAverageShsOutDil": 157021000,
    "link": "https://www.sec.gov/Archives/edgar/data/319201/000031920116000104/0000319201-16-000104-index.htm",
    "finalLink": "https://www.sec.gov/Archives/edgar/data/319201/000031920116000104/klac10q93016.htm"
  },
  {
    "date": "2016-06-30",
    "symbol": "KLAC",
    "reportedCurrency": "USD",
    "cik": "0000319201",
    "fillingDate": "2016-08-05",
    "acceptedDate": "2016-08-05 17:00:53",
    "calendarYear": "2016",
    "period": "Q4",
    "revenue": 919171000,
    "costOfRevenue": 337568000,
    "grossProfit": 581603000,
    "grossProfitRatio": 0.6327473343,
    "researchAndDevelopmentExpenses": 127454000,
    "generalAndAdministrativeExpenses": 103797000,
    "sellingAndMarketingExpenses": 0,
    "sellingGeneralAndAdministrativeExpenses": 103797000,
    "otherExpenses": 0,
    "operatingExpenses": 231251000,
    "costAndExpenses": 568819000,
    "interestIncome": 5483000,
    "interestExpense": 21865000,
    "depreciationAndAmortization": 14888000,
    "ebitda": 365540000,
    "ebitdaratio": 0.3976844352,
    "operatingIncome": 350352000,
    "operatingIncomeRatio": 0.3811608504,
    "totalOtherIncomeExpensesNet": -21865000,
    "incomeBeforeTax": 328487000,
    "incomeBeforeTaxRatio": 0.3573731112,
    "incomeTaxExpense": 56946000,
    "netIncome": 271541000,
    "netIncomeRatio": 0.2954194595,
    "eps": 1.74,
    "epsdiluted": 1.73,
    "weightedAverageShsOut": 155712000,
    "weightedAverageShsOutDil": 156618000,
    "link": "https://www.sec.gov/Archives/edgar/data/319201/000031920116000090/0000319201-16-000090-index.htm",
    "finalLink": "https://www.sec.gov/Archives/edgar/data/319201/000031920116000090/klac10k2016.htm"
  },
  {
    "date": "2016-03-31",
    "symbol": "KLAC",
    "reportedCurrency": "USD",
    "cik": "0000319201",
    "fillingDate": "2016-04-26",
    "acceptedDate": "2016-04-26 17:01:44",
    "calendarYear": "2016",
    "period": "Q3",
    "revenue": 712433000,
    "costOfRevenue": 274599000,
    "grossProfit": 437834000,
    "grossProfitRatio": 0.61456165,
    "researchAndDevelopmentExpenses": 115589000,
    "generalAndAdministrativeExpenses": 87407000,
    "sellingAndMarketingExpenses": 0,
    "sellingGeneralAndAdministrativeExpenses": 87407000,
    "otherExpenses": 0,
    "operatingExpenses": 202996000,
    "costAndExpenses": 477595000,
    "interestIncome": 0,
    "interestExpense": 30895000,
    "depreciationAndAmortization": 15780000,
    "ebitda": 250618000,
    "ebitdaratio": 0.3517776408,
    "operatingIncome": 234838000,
    "operatingIncomeRatio": 0.3296281896,
    "totalOtherIncomeExpensesNet": -24907000,
    "incomeBeforeTax": 209931000,
    "incomeBeforeTaxRatio": 0.2946677091,
    "incomeTaxExpense": 34154000,
    "netIncome": 175777000,
    "netIncomeRatio": 0.2467277625,
    "eps": 1.13,
    "epsdiluted": 1.12,
    "weightedAverageShsOut": 155690000,
    "weightedAverageShsOutDil": 156429000,
    "link": "https://www.sec.gov/Archives/edgar/data/319201/000031920116000077/0000319201-16-000077-index.htm",
    "finalLink": "https://www.sec.gov/Archives/edgar/data/319201/000031920116000077/klac10q33116.htm"
  },
  {
    "date": "2015-12-31",
    "symbol": "KLAC",
    "reportedCurrency": "USD",
    "cik": "0000319201",
    "fillingDate": "2016-01-28",
    "acceptedDate": "2016-01-28 17:29:44",
    "calendarYear": "2016",
    "period": "Q2",
    "revenue": 710245000,
    "costOfRevenue": 280980000,
    "grossProfit": 429265000,
    "grossProfitRatio": 0.6043900344,
    "researchAndDevelopmentExpenses": 118272000,
    "generalAndAdministrativeExpenses": 96532000,
    "sellingAndMarketingExpenses": 0,
    "sellingGeneralAndAdministrativeExpenses": 96532000,
    "otherExpenses": 1553000,
    "operatingExpenses": 214804000,
    "costAndExpenses": 495784000,
    "interestIncome": 0,
    "interestExpense": 30539000,
    "depreciationAndAmortization": 16529000,
    "ebitda": 232390000,
    "ebitdaratio": 0.3271969532,
    "operatingIncome": 214461000,
    "operatingIncomeRatio": 0.3019535512,
    "totalOtherIncomeExpensesNet": -28986000,
    "incomeBeforeTax": 185475000,
    "incomeBeforeTaxRatio": 0.2611422819,
    "incomeTaxExpense": 33268000,
    "netIncome": 152207000,
    "netIncomeRatio": 0.214302107,
    "eps": 0.98,
    "epsdiluted": 0.98,
    "weightedAverageShsOut": 155252000,
    "weightedAverageShsOutDil": 155996000,
    "link": "https://www.sec.gov/Archives/edgar/data/319201/000031920116000065/0000319201-16-000065-index.htm",
    "finalLink": "https://www.sec.gov/Archives/edgar/data/319201/000031920116000065/klac10q123115.htm"
  },
  {
    "date": "2015-09-30",
    "symbol": "KLAC",
    "reportedCurrency": "USD",
    "cik": "0000319201",
    "fillingDate": "2015-10-22",
    "acceptedDate": "2015-10-22 17:20:05",
    "calendarYear": "2016",
    "period": "Q1",
    "revenue": 642644000,
    "costOfRevenue": 270244000,
    "grossProfit": 372400000,
    "grossProfitRatio": 0.579481019,
    "researchAndDevelopmentExpenses": 119943000,
    "generalAndAdministrativeExpenses": 91663000,
    "sellingAndMarketingExpenses": 0,
    "sellingGeneralAndAdministrativeExpenses": 91663000,
    "otherExpenses": 0,
    "operatingExpenses": 211606000,
    "costAndExpenses": 481850000,
    "interestIncome": 0,
    "interestExpense": 26495000,
    "depreciationAndAmortization": 19735000,
    "ebitda": 187629000,
    "ebitdaratio": 0.2919641357,
    "operatingIncome": 160794000,
    "operatingIncomeRatio": 0.2502069575,
    "totalOtherIncomeExpensesNet": -26495000,
    "incomeBeforeTax": 134299000,
    "incomeBeforeTaxRatio": 0.2089788437,
    "incomeTaxExpense": 29402000,
    "netIncome": 104897000,
    "netIncomeRatio": 0.16322723,
    "eps": 0.67,
    "epsdiluted": 0.66,
    "weightedAverageShsOut": 156820000,
    "weightedAverageShsOutDil": 157984000,
    "link": "https://www.sec.gov/Archives/edgar/data/319201/000031920115000060/0000319201-15-000060-index.htm",
    "finalLink": "https://www.sec.gov/Archives/edgar/data/319201/000031920115000060/klac10q93015.htm"
  },
  {
    "date": "2015-06-30",
    "symbol": "KLAC",
    "reportedCurrency": "USD",
    "cik": "0000319201",
    "fillingDate": "2015-08-07",
    "acceptedDate": "2015-08-07 16:31:43",
    "calendarYear": "2015",
    "period": "Q4",
    "revenue": 756332000,
    "costOfRevenue": 323267000,
    "grossProfit": 433065000,
    "grossProfitRatio": 0.5725858485,
    "researchAndDevelopmentExpenses": 128839000,
    "generalAndAdministrativeExpenses": 101739000,
    "sellingAndMarketingExpenses": 0,
    "sellingGeneralAndAdministrativeExpenses": 101739000,
    "otherExpenses": 0,
    "operatingExpenses": 230578000,
    "costAndExpenses": 553845000,
    "interestIncome": 5206000,
    "interestExpense": 27549000,
    "depreciationAndAmortization": 19966000,
    "ebitda": 258253000,
    "ebitdaratio": 0.3414545464,
    "operatingIncome": 202487000,
    "operatingIncomeRatio": 0.2677223759,
    "totalOtherIncomeExpensesNet": -27549000,
    "incomeBeforeTax": 174938000,
    "incomeBeforeTaxRatio": 0.2312978956,
    "incomeTaxExpense": 32919000,
    "netIncome": 142019000,
    "netIncomeRatio": 0.1877733588,
    "eps": 0.9,
    "epsdiluted": 0.89,
    "weightedAverageShsOut": 158635000,
    "weightedAverageShsOutDil": 159965000,
    "link": "https://www.sec.gov/Archives/edgar/data/319201/000031920115000053/0000319201-15-000053-index.htm",
    "finalLink": "https://www.sec.gov/Archives/edgar/data/319201/000031920115000053/klac10k2015.htm"
  },
  {
    "date": "2015-03-31",
    "symbol": "KLAC",
    "reportedCurrency": "USD",
    "cik": "0000319201",
    "fillingDate": "2015-04-24",
    "acceptedDate": "2015-04-23 18:05:32",
    "calendarYear": "2015",
    "period": "Q3",
    "revenue": 738459000,
    "costOfRevenue": 320282000,
    "grossProfit": 418177000,
    "grossProfitRatio": 0.5662833008,
    "researchAndDevelopmentExpenses": 124583000,
    "generalAndAdministrativeExpenses": 98608000,
    "sellingAndMarketingExpenses": 0,
    "sellingGeneralAndAdministrativeExpenses": 98608000,
    "otherExpenses": 0,
    "operatingExpenses": 223191000,
    "costAndExpenses": 543473000,
    "interestIncome": 1976000,
    "interestExpense": 28532000,
    "depreciationAndAmortization": 20510000,
    "ebitda": 215496000,
    "ebitdaratio": 0.2918185031,
    "operatingIncome": 194986000,
    "operatingIncomeRatio": 0.2640444493,
    "totalOtherIncomeExpensesNet": -28532000,
    "incomeBeforeTax": 166454000,
    "incomeBeforeTaxRatio": 0.2254072332,
    "incomeTaxExpense": 34816000,
    "netIncome": 131638000,
    "netIncomeRatio": 0.1782604044,
    "eps": 0.81,
    "epsdiluted": 0.81,
    "weightedAverageShsOut": 161559000,
    "weightedAverageShsOutDil": 162794000,
    "link": "https://www.sec.gov/Archives/edgar/data/319201/000031920115000029/0000319201-15-000029-index.htm",
    "finalLink": "https://www.sec.gov/Archives/edgar/data/319201/000031920115000029/klac10q33115.htm"
  },
  {
    "date": "2014-12-31",
    "symbol": "KLAC",
    "reportedCurrency": "USD",
    "cik": "0000319201",
    "fillingDate": "2015-01-23",
    "acceptedDate": "2015-01-22 18:05:05",
    "calendarYear": "2015",
    "period": "Q2",
    "revenue": 676357000,
    "costOfRevenue": 283213000,
    "grossProfit": 393144000,
    "grossProfitRatio": 0.5812669936,
    "researchAndDevelopmentExpenses": 133557000,
    "generalAndAdministrativeExpenses": 104873000,
    "sellingAndMarketingExpenses": 0,
    "sellingGeneralAndAdministrativeExpenses": 104873000,
    "otherExpenses": 0,
    "operatingExpenses": 238430000,
    "costAndExpenses": 521643000,
    "interestIncome": 1988000,
    "interestExpense": 29313000,
    "depreciationAndAmortization": 18901000,
    "ebitda": 176115000,
    "ebitdaratio": 0.2603876355,
    "operatingIncome": 154714000,
    "operatingIncomeRatio": 0.2287460616,
    "totalOtherIncomeExpensesNet": -160982000,
    "incomeBeforeTax": -6268000,
    "incomeBeforeTaxRatio": -0.0092672952,
    "incomeTaxExpense": -26536000,
    "netIncome": 20268000,
    "netIncomeRatio": 0.0299664231,
    "eps": 0.12,
    "epsdiluted": 0.12,
    "weightedAverageShsOut": 164036000,
    "weightedAverageShsOutDil": 165317000,
    "link": "https://www.sec.gov/Archives/edgar/data/319201/000031920115000013/0000319201-15-000013-index.htm",
    "finalLink": "https://www.sec.gov/Archives/edgar/data/319201/000031920115000013/klac10q123114.htm"
  },
  {
    "date": "2014-09-30",
    "symbol": "KLAC",
    "reportedCurrency": "USD",
    "cik": "0000319201",
    "fillingDate": "2014-10-24",
    "acceptedDate": "2014-10-23 20:39:15",
    "calendarYear": "2015",
    "period": "Q1",
    "revenue": 642901000,
    "costOfRevenue": 288467000,
    "grossProfit": 354434000,
    "grossProfitRatio": 0.5513041666,
    "researchAndDevelopmentExpenses": 143637000,
    "generalAndAdministrativeExpenses": 101644000,
    "sellingAndMarketingExpenses": 0,
    "sellingGeneralAndAdministrativeExpenses": 101644000,
    "otherExpenses": 0,
    "operatingExpenses": 245281000,
    "costAndExpenses": 533748000,
    "interestIncome": 0,
    "interestExpense": 10146000,
    "depreciationAndAmortization": 21159000,
    "ebitda": 130312000,
    "ebitdaratio": 0.2026937273,
    "operatingIncome": 109153000,
    "operatingIncomeRatio": 0.1697819727,
    "totalOtherIncomeExpensesNet": -10146000,
    "incomeBeforeTax": 99007000,
    "incomeBeforeTaxRatio": 0.1540003826,
    "incomeTaxExpense": 26774000,
    "netIncome": 72233000,
    "netIncomeRatio": 0.1123547794,
    "eps": 0.44,
    "epsdiluted": 0.43,
    "weightedAverageShsOut": 164845000,
    "weightedAverageShsOutDil": 166580000,
    "link": "https://www.sec.gov/Archives/edgar/data/319201/000031920114000051/0000319201-14-000051-index.htm",
    "finalLink": "https://www.sec.gov/Archives/edgar/data/319201/000031920114000051/klac10q93014.htm"
  },
  {
    "date": "2014-06-30",
    "symbol": "KLAC",
    "reportedCurrency": "USD",
    "cik": "0000319201",
    "fillingDate": "2014-08-08",
    "acceptedDate": "2014-08-08 16:20:32",
    "calendarYear": "2014",
    "period": "Q4",
    "revenue": 734343000,
    "costOfRevenue": 326665000,
    "grossProfit": 407678000,
    "grossProfitRatio": 0.5551601908,
    "researchAndDevelopmentExpenses": 138448000,
    "generalAndAdministrativeExpenses": 96216000,
    "sellingAndMarketingExpenses": 0,
    "sellingGeneralAndAdministrativeExpenses": 96216000,
    "otherExpenses": 0,
    "operatingExpenses": 234664000,
    "costAndExpenses": 561329000,
    "interestIncome": 13555000,
    "interestExpense": 6408000,
    "depreciationAndAmortization": 22010000,
    "ebitda": 191424000,
    "ebitdaratio": 0.2606738268,
    "operatingIncome": 173014000,
    "operatingIncomeRatio": 0.2356037982,
    "totalOtherIncomeExpensesNet": -6408000,
    "incomeBeforeTax": 166606000,
    "incomeBeforeTaxRatio": 0.2268776308,
    "incomeTaxExpense": 37875000,
    "netIncome": 128731000,
    "netIncomeRatio": 0.1753009152,
    "eps": 0.78,
    "epsdiluted": 0.77,
    "weightedAverageShsOut": 165510000,
    "weightedAverageShsOutDil": 167345000,
    "link": "https://www.sec.gov/Archives/edgar/data/319201/000031920114000038/0000319201-14-000038-index.htm",
    "finalLink": "https://www.sec.gov/Archives/edgar/data/319201/000031920114000038/klac10k2014.htm"
  },
  {
    "date": "2014-03-31",
    "symbol": "KLAC",
    "reportedCurrency": "USD",
    "cik": "0000319201",
    "fillingDate": "2014-04-25",
    "acceptedDate": "2014-04-24 19:15:12",
    "calendarYear": "2014",
    "period": "Q3",
    "revenue": 831599000,
    "costOfRevenue": 342826000,
    "grossProfit": 488773000,
    "grossProfitRatio": 0.587750827,
    "researchAndDevelopmentExpenses": 134161000,
    "generalAndAdministrativeExpenses": 93449000,
    "sellingAndMarketingExpenses": 0,
    "sellingGeneralAndAdministrativeExpenses": 93449000,
    "otherExpenses": 0,
    "operatingExpenses": 227610000,
    "costAndExpenses": 570436000,
    "interestIncome": 0,
    "interestExpense": 9917000,
    "depreciationAndAmortization": 20614000,
    "ebitda": 281777000,
    "ebitdaratio": 0.3388375888,
    "operatingIncome": 261163000,
    "operatingIncomeRatio": 0.3140491992,
    "totalOtherIncomeExpensesNet": -9917000,
    "incomeBeforeTax": 251246000,
    "incomeBeforeTaxRatio": 0.3021239804,
    "incomeTaxExpense": 47665000,
    "netIncome": 203581000,
    "netIncomeRatio": 0.2448066917,
    "eps": 1.22,
    "epsdiluted": 1.21,
    "weightedAverageShsOut": 166253000,
    "weightedAverageShsOutDil": 167989000,
    "link": "https://www.sec.gov/Archives/edgar/data/319201/000031920114000015/0000319201-14-000015-index.htm",
    "finalLink": "https://www.sec.gov/Archives/edgar/data/319201/000031920114000015/klac10q33114.htm"
  },
  {
    "date": "2013-12-31",
    "symbol": "KLAC",
    "reportedCurrency": "USD",
    "cik": "0000319201",
    "fillingDate": "2014-01-24",
    "acceptedDate": "2014-01-23 18:46:36",
    "calendarYear": "2014",
    "period": "Q2",
    "revenue": 705129000,
    "costOfRevenue": 285814000,
    "grossProfit": 419315000,
    "grossProfitRatio": 0.5946642387,
    "researchAndDevelopmentExpenses": 134587000,
    "generalAndAdministrativeExpenses": 96746000,
    "sellingAndMarketingExpenses": 0,
    "sellingGeneralAndAdministrativeExpenses": 96746000,
    "otherExpenses": 0,
    "operatingExpenses": 231333000,
    "costAndExpenses": 517147000,
    "interestIncome": 0,
    "interestExpense": 11237000,
    "depreciationAndAmortization": 19811000,
    "ebitda": 206693000,
    "ebitdaratio": 0.2931279241,
    "operatingIncome": 187982000,
    "operatingIncomeRatio": 0.266592354,
    "totalOtherIncomeExpensesNet": -11237000,
    "incomeBeforeTax": 176745000,
    "incomeBeforeTaxRatio": 0.2506562629,
    "incomeTaxExpense": 37499000,
    "netIncome": 139246000,
    "netIncomeRatio": 0.1974759228,
    "eps": 0.84,
    "epsdiluted": 0.83,
    "weightedAverageShsOut": 166414000,
    "weightedAverageShsOutDil": 168206000,
    "link": "https://www.sec.gov/Archives/edgar/data/319201/000031920114000007/0000319201-14-000007-index.htm",
    "finalLink": "https://www.sec.gov/Archives/edgar/data/319201/000031920114000007/klac10q123113.htm"
  },
  {
    "date": "2013-09-30",
    "symbol": "KLAC",
    "reportedCurrency": "USD",
    "cik": "0000319201",
    "fillingDate": "2013-10-25",
    "acceptedDate": "2013-10-24 18:17:39",
    "calendarYear": "2014",
    "period": "Q1",
    "revenue": 658337000,
    "costOfRevenue": 277657000,
    "grossProfit": 380680000,
    "grossProfitRatio": 0.5782448807,
    "researchAndDevelopmentExpenses": 132273000,
    "generalAndAdministrativeExpenses": 98496000,
    "sellingAndMarketingExpenses": 0,
    "sellingGeneralAndAdministrativeExpenses": 98496000,
    "otherExpenses": 0,
    "operatingExpenses": 230769000,
    "costAndExpenses": 508426000,
    "interestIncome": 0,
    "interestExpense": 10047000,
    "depreciationAndAmortization": 20637000,
    "ebitda": 170548000,
    "ebitdaratio": 0.2590588103,
    "operatingIncome": 149911000,
    "operatingIncomeRatio": 0.2277116431,
    "totalOtherIncomeExpensesNet": -10047000,
    "incomeBeforeTax": 139864000,
    "incomeBeforeTaxRatio": 0.2124504623,
    "incomeTaxExpense": 28667000,
    "netIncome": 111197000,
    "netIncomeRatio": 0.1689058947,
    "eps": 0.67,
    "epsdiluted": 0.66,
    "weightedAverageShsOut": 165886000,
    "weightedAverageShsOutDil": 168734000,
    "link": "https://www.sec.gov/Archives/edgar/data/319201/000031920113000040/0000319201-13-000040-index.htm",
    "finalLink": "https://www.sec.gov/Archives/edgar/data/319201/000031920113000040/klac10q93013.htm"
  },
  {
    "date": "2013-06-30",
    "symbol": "KLAC",
    "reportedCurrency": "USD",
    "cik": "0000319201",
    "fillingDate": "2013-08-08",
    "acceptedDate": "2013-08-08 16:10:34",
    "calendarYear": "2013",
    "period": "Q4",
    "revenue": 720032000,
    "costOfRevenue": 306804000,
    "grossProfit": 413228000,
    "grossProfitRatio": 0.573902271,
    "researchAndDevelopmentExpenses": 127694000,
    "generalAndAdministrativeExpenses": 97899000,
    "sellingAndMarketingExpenses": 0,
    "sellingGeneralAndAdministrativeExpenses": 97899000,
    "otherExpenses": 0,
    "operatingExpenses": 225593000,
    "costAndExpenses": 532397000,
    "interestIncome": 1203000,
    "interestExpense": 10545000,
    "depreciationAndAmortization": 20425000,
    "ebitda": 211288000,
    "ebitdaratio": 0.2934425137,
    "operatingIncome": 187635000,
    "operatingIncomeRatio": 0.2605925848,
    "totalOtherIncomeExpensesNet": -10545000,
    "incomeBeforeTax": 177090000,
    "incomeBeforeTaxRatio": 0.2459474023,
    "incomeTaxExpense": 42320000,
    "netIncome": 134770000,
    "netIncomeRatio": 0.1871722368,
    "eps": 0.81,
    "epsdiluted": 0.8,
    "weightedAverageShsOut": 165463000,
    "weightedAverageShsOutDil": 168685000,
    "link": "https://www.sec.gov/Archives/edgar/data/319201/000031920113000033/0000319201-13-000033-index.htm",
    "finalLink": "https://www.sec.gov/Archives/edgar/data/319201/000031920113000033/klac10k2013.htm"
  },
  {
    "date": "2013-03-31",
    "symbol": "KLAC",
    "reportedCurrency": "USD",
    "cik": "0000319201",
    "fillingDate": "2013-04-26",
    "acceptedDate": "2013-04-25 18:04:49",
    "calendarYear": "2013",
    "period": "Q3",
    "revenue": 729029000,
    "costOfRevenue": 309508000,
    "grossProfit": 419521000,
    "grossProfitRatio": 0.575451731,
    "researchAndDevelopmentExpenses": 118788000,
    "generalAndAdministrativeExpenses": 98487000,
    "sellingAndMarketingExpenses": 0,
    "sellingGeneralAndAdministrativeExpenses": 98487000,
    "otherExpenses": 0,
    "operatingExpenses": 217275000,
    "costAndExpenses": 526783000,
    "interestIncome": 3338000,
    "interestExpense": 10131000,
    "depreciationAndAmortization": 21168000,
    "ebitda": 226752000,
    "ebitdaratio": 0.3110328944,
    "operatingIncome": 202246000,
    "operatingIncomeRatio": 0.2774183194,
    "totalOtherIncomeExpensesNet": -10131000,
    "incomeBeforeTax": 192115000,
    "incomeBeforeTaxRatio": 0.2635217529,
    "incomeTaxExpense": 25733000,
    "netIncome": 166382000,
    "netIncomeRatio": 0.2282241173,
    "eps": 1,
    "epsdiluted": 0.98,
    "weightedAverageShsOut": 166234000,
    "weightedAverageShsOutDil": 169180000,
    "link": "https://www.sec.gov/Archives/edgar/data/319201/000031920113000016/0000319201-13-000016-index.htm",
    "finalLink": "https://www.sec.gov/Archives/edgar/data/319201/000031920113000016/klac10q33113.htm"
  },
  {
    "date": "2012-12-31",
    "symbol": "KLAC",
    "reportedCurrency": "USD",
    "cik": "0000319201",
    "fillingDate": "2013-01-25",
    "acceptedDate": "2013-01-24 18:21:34",
    "calendarYear": "2013",
    "period": "Q2",
    "revenue": 673011000,
    "costOfRevenue": 303915000,
    "grossProfit": 369096000,
    "grossProfitRatio": 0.5484249143,
    "researchAndDevelopmentExpenses": 121608000,
    "generalAndAdministrativeExpenses": 94241000,
    "sellingAndMarketingExpenses": 0,
    "sellingGeneralAndAdministrativeExpenses": 94241000,
    "otherExpenses": 0,
    "operatingExpenses": 215849000,
    "costAndExpenses": 519764000,
    "interestIncome": 5058000,
    "interestExpense": 8373000,
    "depreciationAndAmortization": 21925000,
    "ebitda": 180230000,
    "ebitdaratio": 0.2677965145,
    "operatingIncome": 153247000,
    "operatingIncomeRatio": 0.2277035591,
    "totalOtherIncomeExpensesNet": -8373000,
    "incomeBeforeTax": 144874000,
    "incomeBeforeTaxRatio": 0.2152624548,
    "incomeTaxExpense": 38244000,
    "netIncome": 106630000,
    "netIncomeRatio": 0.1584372321,
    "eps": 0.64,
    "epsdiluted": 0.63,
    "weightedAverageShsOut": 166268000,
    "weightedAverageShsOutDil": 169076000,
    "link": "https://www.sec.gov/Archives/edgar/data/319201/000031920113000007/0000319201-13-000007-index.htm",
    "finalLink": "https://www.sec.gov/Archives/edgar/data/319201/000031920113000007/klac10q123112.htm"
  },
  {
    "date": "2012-09-30",
    "symbol": "KLAC",
    "reportedCurrency": "USD",
    "cik": "0000319201",
    "fillingDate": "2012-10-26",
    "acceptedDate": "2012-10-25 18:20:04",
    "calendarYear": "2013",
    "period": "Q1",
    "revenue": 720709000,
    "costOfRevenue": 317225000,
    "grossProfit": 403484000,
    "grossProfitRatio": 0.5598431544,
    "researchAndDevelopmentExpenses": 119742000,
    "generalAndAdministrativeExpenses": 97185000,
    "sellingAndMarketingExpenses": 0,
    "sellingGeneralAndAdministrativeExpenses": 97185000,
    "otherExpenses": 0,
    "operatingExpenses": 216927000,
    "costAndExpenses": 534152000,
    "interestIncome": 3488000,
    "interestExpense": 10015000,
    "depreciationAndAmortization": 24016000,
    "ebitda": 214061000,
    "ebitdaratio": 0.2970144677,
    "operatingIncome": 186557000,
    "operatingIncomeRatio": 0.2588520471,
    "totalOtherIncomeExpensesNet": -10015000,
    "incomeBeforeTax": 176542000,
    "incomeBeforeTaxRatio": 0.2449560086,
    "incomeTaxExpense": 41175000,
    "netIncome": 135367000,
    "netIncomeRatio": 0.187824767,
    "eps": 0.81,
    "epsdiluted": 0.8,
    "weightedAverageShsOut": 166531000,
    "weightedAverageShsOutDil": 169824000,
    "link": "https://www.sec.gov/Archives/edgar/data/319201/000031920112000011/0000319201-12-000011-index.htm",
    "finalLink": "https://www.sec.gov/Archives/edgar/data/319201/000031920112000011/klac10q093012.htm"
  },
  {
    "date": "2012-06-30",
    "symbol": "KLAC",
    "reportedCurrency": "USD",
    "cik": "0000319201",
    "fillingDate": "2012-08-06",
    "acceptedDate": "2012-08-06 17:18:59",
    "calendarYear": "2012",
    "period": "Q4",
    "revenue": 892465000,
    "costOfRevenue": 361663000,
    "grossProfit": 530802000,
    "grossProfitRatio": 0.5947594584,
    "researchAndDevelopmentExpenses": 118710000,
    "generalAndAdministrativeExpenses": 93793000,
    "sellingAndMarketingExpenses": 0,
    "sellingGeneralAndAdministrativeExpenses": 93793000,
    "otherExpenses": 0,
    "operatingExpenses": 212503000,
    "costAndExpenses": 574166000,
    "interestIncome": 4451000,
    "interestExpense": 12407000,
    "depreciationAndAmortization": 23282000,
    "ebitda": 250544000,
    "ebitdaratio": 0.2807325777,
    "operatingIncome": 318299000,
    "operatingIncomeRatio": 0.3566515213,
    "totalOtherIncomeExpensesNet": -12407000,
    "incomeBeforeTax": 305892000,
    "incomeBeforeTaxRatio": 0.3427495756,
    "incomeTaxExpense": 58015000,
    "netIncome": 247877000,
    "netIncomeRatio": 0.2777442253,
    "eps": 1.48,
    "epsdiluted": 1.46,
    "weightedAverageShsOut": 166938000,
    "weightedAverageShsOutDil": 170178000,
    "link": "https://www.sec.gov/Archives/edgar/data/319201/000031920112000008/0000319201-12-000008-index.htm",
    "finalLink": "https://www.sec.gov/Archives/edgar/data/319201/000031920112000008/klac10k2012.htm"
  },
  {
    "date": "2012-03-31",
    "symbol": "KLAC",
    "reportedCurrency": "USD",
    "cik": "0000319201",
    "fillingDate": "2012-04-27",
    "acceptedDate": "2012-04-26 18:51:03",
    "calendarYear": "2012",
    "period": "Q3",
    "revenue": 840521000,
    "costOfRevenue": 355149000,
    "grossProfit": 485372000,
    "grossProfitRatio": 0.5774656433,
    "researchAndDevelopmentExpenses": 110102000,
    "generalAndAdministrativeExpenses": 90996000,
    "sellingAndMarketingExpenses": 0,
    "sellingGeneralAndAdministrativeExpenses": 90996000,
    "otherExpenses": 0,
    "operatingExpenses": 201098000,
    "costAndExpenses": 556247000,
    "interestIncome": 3264000,
    "interestExpense": 13505000,
    "depreciationAndAmortization": 22400000,
    "ebitda": 309938000,
    "ebitdaratio": 0.3687450998,
    "operatingIncome": 284274000,
    "operatingIncomeRatio": 0.3382116568,
    "totalOtherIncomeExpensesNet": -10241000,
    "incomeBeforeTax": 274033000,
    "incomeBeforeTaxRatio": 0.3260275472,
    "incomeTaxExpense": 68687000,
    "netIncome": 205346000,
    "netIncomeRatio": 0.2443079947,
    "eps": 1.23,
    "epsdiluted": 1.21,
    "weightedAverageShsOut": 167070000,
    "weightedAverageShsOutDil": 170146000,
    "link": "https://www.sec.gov/Archives/edgar/data/319201/000031920112000006/0000319201-12-000006-index.htm",
    "finalLink": "https://www.sec.gov/Archives/edgar/data/319201/000031920112000006/klac10q033112.htm"
  },
  {
    "date": "2011-12-31",
    "symbol": "KLAC",
    "reportedCurrency": "USD",
    "cik": "0000319201",
    "fillingDate": "2012-01-27",
    "acceptedDate": "2012-01-26 18:18:10",
    "calendarYear": "2012",
    "period": "Q2",
    "revenue": 642482000,
    "costOfRevenue": 272855000,
    "grossProfit": 369627000,
    "grossProfitRatio": 0.5753110593,
    "researchAndDevelopmentExpenses": 116363000,
    "generalAndAdministrativeExpenses": 93801000,
    "sellingAndMarketingExpenses": 0,
    "sellingGeneralAndAdministrativeExpenses": 93801000,
    "otherExpenses": 0,
    "operatingExpenses": 210164000,
    "costAndExpenses": 483019000,
    "interestIncome": 740000,
    "interestExpense": 13296000,
    "depreciationAndAmortization": 23267000,
    "ebitda": 183470000,
    "ebitdaratio": 0.2855644205,
    "operatingIncome": 159463000,
    "operatingIncomeRatio": 0.2481983931,
    "totalOtherIncomeExpensesNet": -12556000,
    "incomeBeforeTax": 146907000,
    "incomeBeforeTaxRatio": 0.2286554331,
    "incomeTaxExpense": 36110000,
    "netIncome": 110797000,
    "netIncomeRatio": 0.1724515239,
    "eps": 0.67,
    "epsdiluted": 0.66,
    "weightedAverageShsOut": 166343000,
    "weightedAverageShsOutDil": 169103000,
    "link": "https://www.sec.gov/Archives/edgar/data/319201/000031920112000003/0000319201-12-000003-index.htm",
    "finalLink": "https://www.sec.gov/Archives/edgar/data/319201/000031920112000003/klac10q123111.htm"
  },
  {
    "date": "2011-09-30",
    "symbol": "KLAC",
    "reportedCurrency": "USD",
    "cik": "0000319201",
    "fillingDate": "2011-10-28",
    "acceptedDate": "2011-10-27 18:09:45",
    "calendarYear": "2012",
    "period": "Q1",
    "revenue": 796476000,
    "costOfRevenue": 340349000,
    "grossProfit": 456127000,
    "grossProfitRatio": 0.5726814116,
    "researchAndDevelopmentExpenses": 107762000,
    "generalAndAdministrativeExpenses": 94076000,
    "sellingAndMarketingExpenses": 0,
    "sellingGeneralAndAdministrativeExpenses": 94076000,
    "otherExpenses": 0,
    "operatingExpenses": 201838000,
    "costAndExpenses": 542187000,
    "interestIncome": 6866000,
    "interestExpense": 13893000,
    "depreciationAndAmortization": 23184000,
    "ebitda": 284339000,
    "ebitdaratio": 0.3569963188,
    "operatingIncome": 254289000,
    "operatingIncomeRatio": 0.3192676239,
    "totalOtherIncomeExpensesNet": -7027000,
    "incomeBeforeTax": 247262000,
    "incomeBeforeTaxRatio": 0.3104450103,
    "incomeTaxExpense": 55267000,
    "netIncome": 191995000,
    "netIncomeRatio": 0.2410555999,
    "eps": 1.15,
    "epsdiluted": 1.13,
    "weightedAverageShsOut": 166684000,
    "weightedAverageShsOutDil": 169835000,
    "link": "https://www.sec.gov/Archives/edgar/data/319201/000031920111000006/0000319201-11-000006-index.htm",
    "finalLink": "https://www.sec.gov/Archives/edgar/data/319201/000031920111000006/klac10q093011.htm"
  },
  {
    "date": "2011-06-30",
    "symbol": "KLAC",
    "reportedCurrency": "USD",
    "cik": "0000319201",
    "fillingDate": "2011-08-05",
    "acceptedDate": "2011-08-05 17:09:55",
    "calendarYear": "2011",
    "period": "Q4",
    "revenue": 892439000,
    "costOfRevenue": 356180000,
    "grossProfit": 536259000,
    "grossProfitRatio": 0.6008914895,
    "researchAndDevelopmentExpenses": 100929000,
    "generalAndAdministrativeExpenses": 91261000,
    "sellingAndMarketingExpenses": 0,
    "sellingGeneralAndAdministrativeExpenses": 91261000,
    "otherExpenses": 0,
    "operatingExpenses": 192190000,
    "costAndExpenses": 548370000,
    "interestIncome": 15320000,
    "interestExpense": 13897000,
    "depreciationAndAmortization": 22533000,
    "ebitda": 370473000,
    "ebitdaratio": 0.415124171,
    "operatingIncome": 344069000,
    "operatingIncomeRatio": 0.3855378351,
    "totalOtherIncomeExpensesNet": -10026000,
    "incomeBeforeTax": 334043000,
    "incomeBeforeTaxRatio": 0.3743034538,
    "incomeTaxExpense": 89026000,
    "netIncome": 245017000,
    "netIncomeRatio": 0.2745476161,
    "eps": 1.46,
    "epsdiluted": 1.43,
    "weightedAverageShsOut": 167350000,
    "weightedAverageShsOutDil": 170884000,
    "link": "https://www.sec.gov/Archives/edgar/data/319201/000144530511002394/0001445305-11-002394-index.htm",
    "finalLink": "https://www.sec.gov/Archives/edgar/data/319201/000144530511002394/klac10k2011.htm"
  },
  {
    "date": "2011-03-31",
    "symbol": "KLAC",
    "reportedCurrency": "USD",
    "cik": "0000319201",
    "fillingDate": "2011-04-29",
    "acceptedDate": "2011-04-28 20:27:38",
    "calendarYear": "2011",
    "period": "Q3",
    "revenue": 834059000,
    "costOfRevenue": 327696000,
    "grossProfit": 506363000,
    "grossProfitRatio": 0.6071069313,
    "researchAndDevelopmentExpenses": 95617000,
    "generalAndAdministrativeExpenses": 98967000,
    "sellingAndMarketingExpenses": 0,
    "sellingGeneralAndAdministrativeExpenses": 98967000,
    "otherExpenses": 0,
    "operatingExpenses": 194584000,
    "costAndExpenses": 522280000,
    "interestIncome": 3150000,
    "interestExpense": 13409000,
    "depreciationAndAmortization": 21075000,
    "ebitda": 336004000,
    "ebitdaratio": 0.4028539947,
    "operatingIncome": 311779000,
    "operatingIncomeRatio": 0.3738092869,
    "totalOtherIncomeExpensesNet": -10259000,
    "incomeBeforeTax": 301520000,
    "incomeBeforeTaxRatio": 0.3615091978,
    "incomeTaxExpense": 91737000,
    "netIncome": 209783000,
    "netIncomeRatio": 0.2515205759,
    "eps": 1.25,
    "epsdiluted": 1.22,
    "weightedAverageShsOut": 167629000,
    "weightedAverageShsOutDil": 171313000,
    "link": "https://www.sec.gov/Archives/edgar/data/319201/000144530511000754/0001445305-11-000754-index.htm",
    "finalLink": "https://www.sec.gov/Archives/edgar/data/319201/000144530511000754/klac10q33111.htm"
  },
  {
    "date": "2010-12-31",
    "symbol": "KLAC",
    "reportedCurrency": "USD",
    "cik": "0000319201",
    "fillingDate": "2011-01-28",
    "acceptedDate": "2011-01-27 21:20:16",
    "calendarYear": "2011",
    "period": "Q2",
    "revenue": 766327000,
    "costOfRevenue": 311398000,
    "grossProfit": 454929000,
    "grossProfitRatio": 0.5936486643,
    "researchAndDevelopmentExpenses": 94897000,
    "generalAndAdministrativeExpenses": 91166000,
    "sellingAndMarketingExpenses": 0,
    "sellingGeneralAndAdministrativeExpenses": 91166000,
    "otherExpenses": 0,
    "operatingExpenses": 186063000,
    "costAndExpenses": 497461000,
    "interestIncome": 17675000,
    "interestExpense": 17675000,
    "depreciationAndAmortization": 21653000,
    "ebitda": 286337000,
    "ebitdaratio": 0.373648586,
    "operatingIncome": 268866000,
    "operatingIncomeRatio": 0.3508502245,
    "totalOtherIncomeExpensesNet": -17675000,
    "incomeBeforeTax": 251191000,
    "incomeBeforeTaxRatio": 0.3277856581,
    "incomeTaxExpense": 65699000,
    "netIncome": 185492000,
    "netIncomeRatio": 0.2420533271,
    "eps": 1.11,
    "epsdiluted": 1.09,
    "weightedAverageShsOut": 166886000,
    "weightedAverageShsOutDil": 169513000,
    "link": "https://www.sec.gov/Archives/edgar/data/319201/000119312511016303/0001193125-11-016303-index.htm",
    "finalLink": "https://www.sec.gov/Archives/edgar/data/319201/000119312511016303/d10q.htm"
  },
  {
    "date": "2010-09-30",
    "symbol": "KLAC",
    "reportedCurrency": "USD",
    "cik": "0000319201",
    "fillingDate": "2010-11-24",
    "acceptedDate": "2010-11-23 17:51:11",
    "calendarYear": "2011",
    "period": "Q1",
    "revenue": 682342000,
    "costOfRevenue": 263969000,
    "grossProfit": 418373000,
    "grossProfitRatio": 0.6131426763,
    "researchAndDevelopmentExpenses": 94720000,
    "generalAndAdministrativeExpenses": 88037000,
    "sellingAndMarketingExpenses": 0,
    "sellingGeneralAndAdministrativeExpenses": 88037000,
    "otherExpenses": 0,
    "operatingExpenses": 182757000,
    "costAndExpenses": 446726000,
    "interestIncome": 1225000,
    "interestExpense": 13529000,
    "depreciationAndAmortization": 20783000,
    "ebitda": 257624000,
    "ebitdaratio": 0.3775584677,
    "operatingIncome": 235616000,
    "operatingIncomeRatio": 0.3453048471,
    "totalOtherIncomeExpensesNet": -12304000,
    "incomeBeforeTax": 223312000,
    "incomeBeforeTaxRatio": 0.3272728339,
    "incomeTaxExpense": 69116000,
    "netIncome": 154196000,
    "netIncomeRatio": 0.22598052,
    "eps": 0.92,
    "epsdiluted": 0.91,
    "weightedAverageShsOut": 167187000,
    "weightedAverageShsOutDil": 169839000,
    "link": "https://www.sec.gov/Archives/edgar/data/319201/000119312510267778/0001193125-10-267778-index.htm",
    "finalLink": "https://www.sec.gov/Archives/edgar/data/319201/000119312510267778/d10qa.htm"
  },
  {
    "date": "2010-06-30",
    "symbol": "KLAC",
    "reportedCurrency": "USD",
    "cik": "0000319201",
    "fillingDate": "2010-08-06",
    "acceptedDate": "2010-08-05 19:25:05",
    "calendarYear": "2010",
    "period": "Q4",
    "revenue": 559419000,
    "costOfRevenue": 227919000,
    "grossProfit": 331500000,
    "grossProfitRatio": 0.5925790865,
    "researchAndDevelopmentExpenses": 83309000,
    "generalAndAdministrativeExpenses": 87349000,
    "sellingAndMarketingExpenses": 0,
    "sellingGeneralAndAdministrativeExpenses": 87349000,
    "otherExpenses": 0,
    "operatingExpenses": 170658000,
    "costAndExpenses": 398577000,
    "interestIncome": -11334000,
    "interestExpense": 13426000,
    "depreciationAndAmortization": 19554000,
    "ebitda": 95734000,
    "ebitdaratio": 0.17113112,
    "operatingIncome": 160842000,
    "operatingIncomeRatio": 0.2875161552,
    "totalOtherIncomeExpensesNet": -10740000,
    "incomeBeforeTax": 150102000,
    "incomeBeforeTaxRatio": 0.2683176653,
    "incomeTaxExpense": 37017000,
    "netIncome": 113085000,
    "netIncomeRatio": 0.2021472277,
    "eps": 0.68,
    "epsdiluted": 0.68,
    "weightedAverageShsOut": 167187000,
    "weightedAverageShsOutDil": 167187000,
    "link": "https://www.sec.gov/Archives/edgar/data/319201/000119312510179757/0001193125-10-179757-index.htm",
    "finalLink": "https://www.sec.gov/Archives/edgar/data/319201/000119312510179757/d10k.htm"
  },
  {
    "date": "2010-03-31",
    "symbol": "KLAC",
    "reportedCurrency": "USD",
    "cik": "0000319201",
    "fillingDate": "2010-04-30",
    "acceptedDate": "2010-04-29 18:44:11",
    "calendarYear": "2010",
    "period": "Q3",
    "revenue": 478299000,
    "costOfRevenue": 208565000,
    "grossProfit": 269734000,
    "grossProfitRatio": 0.563944311,
    "researchAndDevelopmentExpenses": 84741000,
    "generalAndAdministrativeExpenses": 93714000,
    "sellingAndMarketingExpenses": 0,
    "sellingGeneralAndAdministrativeExpenses": 93714000,
    "otherExpenses": 0,
    "operatingExpenses": 178455000,
    "costAndExpenses": 387020000,
    "interestIncome": 3084000,
    "interestExpense": 14092000,
    "depreciationAndAmortization": 21420000,
    "ebitda": 115783000,
    "ebitdaratio": 0.2420724275,
    "operatingIncome": 91279000,
    "operatingIncomeRatio": 0.1908408757,
    "totalOtherIncomeExpensesNet": -11008000,
    "incomeBeforeTax": 80271000,
    "incomeBeforeTaxRatio": 0.1678259833,
    "incomeTaxExpense": 23255000,
    "netIncome": 57016000,
    "netIncomeRatio": 0.1192057688,
    "eps": 0.33,
    "epsdiluted": 0.33,
    "weightedAverageShsOut": 171506000,
    "weightedAverageShsOutDil": 173357000,
    "link": "https://www.sec.gov/Archives/edgar/data/319201/000119312510099767/0001193125-10-099767-index.htm",
    "finalLink": "https://www.sec.gov/Archives/edgar/data/319201/000119312510099767/d10q.htm"
  },
  {
    "date": "2009-12-31",
    "symbol": "KLAC",
    "reportedCurrency": "USD",
    "cik": "0000319201",
    "fillingDate": "2010-01-29",
    "acceptedDate": "2010-01-28 19:21:11",
    "calendarYear": "2010",
    "period": "Q2",
    "revenue": 440355000,
    "costOfRevenue": 207286000,
    "grossProfit": 233069000,
    "grossProfitRatio": 0.5292752438,
    "researchAndDevelopmentExpenses": 83301000,
    "generalAndAdministrativeExpenses": 102673000,
    "sellingAndMarketingExpenses": 0,
    "sellingGeneralAndAdministrativeExpenses": 102673000,
    "otherExpenses": 0,
    "operatingExpenses": 185974000,
    "costAndExpenses": 393260000,
    "interestIncome": 4463000,
    "interestExpense": 13542000,
    "depreciationAndAmortization": 23240000,
    "ebitda": 74798000,
    "ebitdaratio": 0.1698584097,
    "operatingIncome": 47095000,
    "operatingIncomeRatio": 0.1069478035,
    "totalOtherIncomeExpensesNet": -9079000,
    "incomeBeforeTax": 38016000,
    "incomeBeforeTaxRatio": 0.0863303471,
    "incomeTaxExpense": 16222000,
    "netIncome": 21794000,
    "netIncomeRatio": 0.0494918872,
    "eps": 0.13,
    "epsdiluted": 0.13,
    "weightedAverageShsOut": 171408000,
    "weightedAverageShsOutDil": 173808000,
    "link": "https://www.sec.gov/Archives/edgar/data/319201/000119312510015997/0001193125-10-015997-index.htm",
    "finalLink": "https://www.sec.gov/Archives/edgar/data/319201/000119312510015997/d10q.htm"
  },
  {
    "date": "2009-09-30",
    "symbol": "KLAC",
    "reportedCurrency": "USD",
    "cik": "0000319201",
    "fillingDate": "2009-10-30",
    "acceptedDate": "2009-10-29 20:26:27",
    "calendarYear": "2010",
    "period": "Q1",
    "revenue": 342687000,
    "costOfRevenue": 171892000,
    "grossProfit": 170795000,
    "grossProfitRatio": 0.498399414,
    "researchAndDevelopmentExpenses": 78209000,
    "generalAndAdministrativeExpenses": 77636000,
    "sellingAndMarketingExpenses": 0,
    "sellingGeneralAndAdministrativeExpenses": 77636000,
    "otherExpenses": 0,
    "operatingExpenses": 155845000,
    "costAndExpenses": 327737000,
    "interestIncome": 7842000,
    "interestExpense": 13457000,
    "depreciationAndAmortization": 23134000,
    "ebitda": 59383000,
    "ebitdaratio": 0.17328641,
    "operatingIncome": 14950000,
    "operatingIncomeRatio": 0.043625816,
    "totalOtherIncomeExpensesNet": 7842000,
    "incomeBeforeTax": 22792000,
    "incomeBeforeTaxRatio": 0.0665096721,
    "incomeTaxExpense": 2387000,
    "netIncome": 20405000,
    "netIncomeRatio": 0.0595441321,
    "eps": 0.12,
    "epsdiluted": 0.12,
    "weightedAverageShsOut": 170698000,
    "weightedAverageShsOutDil": 172718000,
    "link": "https://www.sec.gov/Archives/edgar/data/319201/000119312509217736/0001193125-09-217736-index.htm",
    "finalLink": "https://www.sec.gov/Archives/edgar/data/319201/000119312509217736/d10q.htm"
  },
  {
    "date": "2009-06-30",
    "symbol": "KLAC",
    "reportedCurrency": "USD",
    "cik": "0000319201",
    "fillingDate": "2009-08-07",
    "acceptedDate": "2009-08-06 18:47:45",
    "calendarYear": "2009",
    "period": "Q4",
    "revenue": 281502000,
    "costOfRevenue": 164621000,
    "grossProfit": 116881000,
    "grossProfitRatio": 0.4152048653,
    "researchAndDevelopmentExpenses": 79227000,
    "generalAndAdministrativeExpenses": 72621000,
    "sellingAndMarketingExpenses": 0,
    "sellingGeneralAndAdministrativeExpenses": 72621000,
    "otherExpenses": 0,
    "operatingExpenses": 151848000,
    "costAndExpenses": 316469000,
    "interestIncome": 2595000,
    "interestExpense": 14004000,
    "depreciationAndAmortization": 25732000,
    "ebitda": -6640000,
    "ebitdaratio": -0.0235877543,
    "operatingIncome": -34967000,
    "operatingIncomeRatio": -0.1242158137,
    "totalOtherIncomeExpensesNet": -11409000,
    "incomeBeforeTax": -46376000,
    "incomeBeforeTaxRatio": -0.1647448331,
    "incomeTaxExpense": -20800000,
    "netIncome": -25576000,
    "netIncomeRatio": -0.0908554824,
    "eps": -0.15,
    "epsdiluted": -0.15,
    "weightedAverageShsOut": 169965000,
    "weightedAverageShsOutDil": 170698000,
    "link": "https://www.sec.gov/Archives/edgar/data/319201/000119312509167528/0001193125-09-167528-index.htm",
    "finalLink": "https://www.sec.gov/Archives/edgar/data/319201/000119312509167528/d10k.htm"
  },
  {
    "date": "2009-03-31",
    "symbol": "KLAC",
    "reportedCurrency": "USD",
    "cik": "0000319201",
    "fillingDate": "2009-04-24",
    "acceptedDate": "2009-04-23 18:08:54",
    "calendarYear": "2009",
    "period": "Q3",
    "revenue": 309612000,
    "costOfRevenue": 209223000,
    "grossProfit": 100389000,
    "grossProfitRatio": 0.3242413085,
    "researchAndDevelopmentExpenses": 82609000,
    "generalAndAdministrativeExpenses": 90061000,
    "sellingAndMarketingExpenses": 0,
    "sellingGeneralAndAdministrativeExpenses": 90061000,
    "otherExpenses": 0,
    "operatingExpenses": 172670000,
    "costAndExpenses": 381893000,
    "interestIncome": 8723000,
    "interestExpense": 13609000,
    "depreciationAndAmortization": 31762000,
    "ebitda": -31796000,
    "ebitdaratio": -0.1026962779,
    "operatingIncome": -72281000,
    "operatingIncomeRatio": -0.2334567136,
    "totalOtherIncomeExpensesNet": -4886000,
    "incomeBeforeTax": -77167000,
    "incomeBeforeTaxRatio": -0.2492377556,
    "incomeTaxExpense": 5660000,
    "netIncome": -82827000,
    "netIncomeRatio": -0.2675187008,
    "eps": -0.49,
    "epsdiluted": -0.49,
    "weightedAverageShsOut": 169934000,
    "weightedAverageShsOutDil": 169934000,
    "link": "https://www.sec.gov/Archives/edgar/data/319201/000119312509085952/0001193125-09-085952-index.htm",
    "finalLink": "https://www.sec.gov/Archives/edgar/data/319201/000119312509085952/d10q.htm"
  },
  {
    "date": "2008-12-31",
    "symbol": "KLAC",
    "reportedCurrency": "USD",
    "cik": "0000319201",
    "fillingDate": "2009-01-30",
    "acceptedDate": "2009-01-29 21:00:10",
    "calendarYear": "2009",
    "period": "Q2",
    "revenue": 396589000,
    "costOfRevenue": 238167000,
    "grossProfit": 158422000,
    "grossProfitRatio": 0.3994614071,
    "researchAndDevelopmentExpenses": 95266000,
    "generalAndAdministrativeExpenses": 568787000,
    "sellingAndMarketingExpenses": 0,
    "sellingGeneralAndAdministrativeExpenses": 568787000,
    "otherExpenses": 0,
    "operatingExpenses": 664053000,
    "costAndExpenses": 902220000,
    "interestIncome": 1381000,
    "interestExpense": 13853000,
    "depreciationAndAmortization": 35646000,
    "ebitda": -468604000,
    "ebitdaratio": -1.1815859744,
    "operatingIncome": -505631000,
    "operatingIncomeRatio": -1.274949633,
    "totalOtherIncomeExpensesNet": -12472000,
    "incomeBeforeTax": -518103000,
    "incomeBeforeTaxRatio": -1.3063978073,
    "incomeTaxExpense": -83849000,
    "netIncome": -434254000,
    "netIncomeRatio": -1.0949723769,
    "eps": -2.57,
    "epsdiluted": -2.57,
    "weightedAverageShsOut": 169022000,
    "weightedAverageShsOutDil": 169022000,
    "link": "https://www.sec.gov/Archives/edgar/data/319201/000119312509014499/0001193125-09-014499-index.htm",
    "finalLink": "https://www.sec.gov/Archives/edgar/data/319201/000119312509014499/d10q.htm"
  },
  {
    "date": "2008-09-30",
    "symbol": "KLAC",
    "reportedCurrency": "USD",
    "cik": "0000319201",
    "fillingDate": "2008-10-31",
    "acceptedDate": "2008-10-31 16:22:48",
    "calendarYear": "2009",
    "period": "Q1",
    "revenue": 532513000,
    "costOfRevenue": 258203000,
    "grossProfit": 274310000,
    "grossProfitRatio": 0.5151235744,
    "researchAndDevelopmentExpenses": 114361000,
    "generalAndAdministrativeExpenses": 125011000,
    "sellingAndMarketingExpenses": 0,
    "sellingGeneralAndAdministrativeExpenses": 125011000,
    "otherExpenses": 0,
    "operatingExpenses": 239372000,
    "costAndExpenses": 497575000,
    "interestIncome": 0,
    "interestExpense": 13873000,
    "depreciationAndAmortization": 42708000,
    "ebitda": 34938000,
    "ebitdaratio": 0.0656096659,
    "operatingIncome": 34938000,
    "operatingIncomeRatio": 0.0656096659,
    "totalOtherIncomeExpensesNet": 4177000,
    "incomeBeforeTax": 39115000,
    "incomeBeforeTaxRatio": 0.0734536058,
    "incomeTaxExpense": 19826000,
    "netIncome": 19289000,
    "netIncomeRatio": 0.0362225899,
    "eps": 0.11,
    "epsdiluted": 0.11,
    "weightedAverageShsOut": 172088000,
    "weightedAverageShsOutDil": 174386000,
    "link": "https://www.sec.gov/Archives/edgar/data/319201/000119312508221615/0001193125-08-221615-index.htm",
    "finalLink": "https://www.sec.gov/Archives/edgar/data/319201/000119312508221615/d10q.htm"
  },
  {
    "date": "2008-06-30",
    "symbol": "KLAC",
    "reportedCurrency": "USD",
    "cik": "0000319201",
    "fillingDate": "2008-08-07",
    "acceptedDate": "2008-08-07 06:16:46",
    "calendarYear": "2008",
    "period": "Q4",
    "revenue": 590694000,
    "costOfRevenue": 268868000,
    "grossProfit": 321826000,
    "grossProfitRatio": 0.5448269324,
    "researchAndDevelopmentExpenses": 116470000,
    "generalAndAdministrativeExpenses": 101945000,
    "sellingAndMarketingExpenses": 0,
    "sellingGeneralAndAdministrativeExpenses": 101945000,
    "otherExpenses": 0,
    "operatingExpenses": 218415000,
    "costAndExpenses": 487283000,
    "interestIncome": 0,
    "interestExpense": 10767000,
    "depreciationAndAmortization": 46469000,
    "ebitda": 149880000,
    "ebitdaratio": 0.2537354366,
    "operatingIncome": 103411000,
    "operatingIncomeRatio": 0.1750669551,
    "totalOtherIncomeExpensesNet": -5894000,
    "incomeBeforeTax": 97517000,
    "incomeBeforeTaxRatio": 0.1650888616,
    "incomeTaxExpense": 21507000,
    "netIncome": 76010000,
    "netIncomeRatio": 0.1286791469,
    "eps": 0.44,
    "epsdiluted": 0.44,
    "weightedAverageShsOut": 172088000,
    "weightedAverageShsOutDil": 172088000,
    "link": "https://www.sec.gov/Archives/edgar/data/319201/000119312508169062/0001193125-08-169062-index.htm",
    "finalLink": "https://www.sec.gov/Archives/edgar/data/319201/000119312508169062/d10k.htm"
  },
  {
    "date": "2008-03-31",
    "symbol": "KLAC",
    "reportedCurrency": "USD",
    "cik": "0000319201",
    "fillingDate": "2008-04-28",
    "acceptedDate": "2008-04-28 06:17:08",
    "calendarYear": "2008",
    "period": "Q3",
    "revenue": 602219000,
    "costOfRevenue": 285650000,
    "grossProfit": 316569000,
    "grossProfitRatio": 0.5256708938,
    "researchAndDevelopmentExpenses": 96646000,
    "generalAndAdministrativeExpenses": 94723000,
    "sellingAndMarketingExpenses": 0,
    "sellingGeneralAndAdministrativeExpenses": 94723000,
    "otherExpenses": 0,
    "operatingExpenses": 191369000,
    "costAndExpenses": 477019000,
    "interestIncome": 0,
    "interestExpense": 0,
    "depreciationAndAmortization": 26610000,
    "ebitda": 125200000,
    "ebitdaratio": 0.2078977913,
    "operatingIncome": 125200000,
    "operatingIncomeRatio": 0.2078977913,
    "totalOtherIncomeExpensesNet": 36009000,
    "incomeBeforeTax": 161209000,
    "incomeBeforeTaxRatio": 0.2676916537,
    "incomeTaxExpense": 50229000,
    "netIncome": 110980000,
    "netIncomeRatio": 0.1842851189,
    "eps": 0.62,
    "epsdiluted": 0.61,
    "weightedAverageShsOut": 178112000,
    "weightedAverageShsOutDil": 180617000,
    "link": "https://www.sec.gov/Archives/edgar/data/319201/000119312508091840/0001193125-08-091840-index.htm",
    "finalLink": "https://www.sec.gov/Archives/edgar/data/319201/000119312508091840/d10q.htm"
  },
  {
    "date": "2007-12-31",
    "symbol": "KLAC",
    "reportedCurrency": "USD",
    "cik": "0000319201",
    "fillingDate": "2008-01-28",
    "acceptedDate": "2008-01-28 17:06:19",
    "calendarYear": "2008",
    "period": "Q2",
    "revenue": 635783000,
    "costOfRevenue": 285005000,
    "grossProfit": 350778000,
    "grossProfitRatio": 0.551725982,
    "researchAndDevelopmentExpenses": 97513000,
    "generalAndAdministrativeExpenses": 159778000,
    "sellingAndMarketingExpenses": 0,
    "sellingGeneralAndAdministrativeExpenses": 159778000,
    "otherExpenses": 0,
    "operatingExpenses": 257291000,
    "costAndExpenses": 542296000,
    "interestIncome": 0,
    "interestExpense": 0,
    "depreciationAndAmortization": 28345000,
    "ebitda": 93487000,
    "ebitdaratio": 0.1470423085,
    "operatingIncome": 93487000,
    "operatingIncomeRatio": 0.1470423085,
    "totalOtherIncomeExpensesNet": 13269000,
    "incomeBeforeTax": 106756000,
    "incomeBeforeTaxRatio": 0.1679126369,
    "incomeTaxExpense": 22821000,
    "netIncome": 83935000,
    "netIncomeRatio": 0.1320183144,
    "eps": 0.46,
    "epsdiluted": 0.45,
    "weightedAverageShsOut": 181241000,
    "weightedAverageShsOutDil": 185199000,
    "link": "https://www.sec.gov/Archives/edgar/data/319201/000119312508013481/0001193125-08-013481-index.htm",
    "finalLink": "https://www.sec.gov/Archives/edgar/data/319201/000119312508013481/d10q.htm"
  },
  {
    "date": "2007-09-30",
    "symbol": "KLAC",
    "reportedCurrency": "USD",
    "cik": "0000319201",
    "fillingDate": "2007-10-31",
    "acceptedDate": "2007-10-31 17:07:58",
    "calendarYear": "2008",
    "period": "Q1",
    "revenue": 693020000,
    "costOfRevenue": 305893000,
    "grossProfit": 387127000,
    "grossProfitRatio": 0.5586086982,
    "researchAndDevelopmentExpenses": 99344000,
    "generalAndAdministrativeExpenses": 110505000,
    "sellingAndMarketingExpenses": 0,
    "sellingGeneralAndAdministrativeExpenses": 110505000,
    "otherExpenses": 0,
    "operatingExpenses": 209849000,
    "costAndExpenses": 515742000,
    "interestIncome": 0,
    "interestExpense": 0,
    "depreciationAndAmortization": 24952000,
    "ebitda": 177278000,
    "ebitdaratio": 0.2558050273,
    "operatingIncome": 177278000,
    "operatingIncomeRatio": 0.2558050273,
    "totalOtherIncomeExpensesNet": 17474000,
    "incomeBeforeTax": 194752000,
    "incomeBeforeTaxRatio": 0.2810193068,
    "incomeTaxExpense": 106594000,
    "netIncome": 88158000,
    "netIncomeRatio": 0.12720845,
    "eps": 0.47,
    "epsdiluted": 0.46,
    "weightedAverageShsOut": 187789000,
    "weightedAverageShsOutDil": 193043000,
    "link": "https://www.sec.gov/Archives/edgar/data/319201/000119312507231240/0001193125-07-231240-index.htm",
    "finalLink": "https://www.sec.gov/Archives/edgar/data/319201/000119312507231240/d10q.htm"
  },
  {
    "date": "2007-06-30",
    "symbol": "KLAC",
    "reportedCurrency": "USD",
    "cik": "0000319201",
    "fillingDate": "2007-08-20",
    "acceptedDate": "2007-08-17 18:30:31",
    "calendarYear": "2007",
    "period": "Q4",
    "revenue": 736388000,
    "costOfRevenue": 315681000,
    "grossProfit": 420707000,
    "grossProfitRatio": 0.5713115912,
    "researchAndDevelopmentExpenses": 123854000,
    "generalAndAdministrativeExpenses": 121989000,
    "sellingAndMarketingExpenses": 0,
    "sellingGeneralAndAdministrativeExpenses": 121989000,
    "otherExpenses": 0,
    "operatingExpenses": 245843000,
    "costAndExpenses": 561524000,
    "interestIncome": 0,
    "interestExpense": 0,
    "depreciationAndAmortization": 36138000,
    "ebitda": 211002000,
    "ebitdaratio": 0.2865364455,
    "operatingIncome": 174864000,
    "operatingIncomeRatio": 0.2374617729,
    "totalOtherIncomeExpensesNet": 21436000,
    "incomeBeforeTax": 196300000,
    "incomeBeforeTaxRatio": 0.266571427,
    "incomeTaxExpense": 48958000,
    "netIncome": 147342000,
    "netIncomeRatio": 0.2000874539,
    "eps": 0.78,
    "epsdiluted": 0.78,
    "weightedAverageShsOut": 187789000,
    "weightedAverageShsOutDil": 187789000,
    "link": "https://www.sec.gov/Archives/edgar/data/319201/000119312507185381/0001193125-07-185381-index.htm",
    "finalLink": "https://www.sec.gov/Archives/edgar/data/319201/000119312507185381/d10k.htm"
  },
  {
    "date": "2007-03-31",
    "symbol": "KLAC",
    "reportedCurrency": "USD",
    "cik": "0000319201",
    "fillingDate": "2007-05-07",
    "acceptedDate": "2007-05-07 13:45:02",
    "calendarYear": "2007",
    "period": "Q3",
    "revenue": 716208000,
    "costOfRevenue": 306751000,
    "grossProfit": 409457000,
    "grossProfitRatio": 0.5717012376,
    "researchAndDevelopmentExpenses": 106265000,
    "generalAndAdministrativeExpenses": 120537000,
    "sellingAndMarketingExpenses": 0,
    "sellingGeneralAndAdministrativeExpenses": 120537000,
    "otherExpenses": 0,
    "operatingExpenses": 226802000,
    "costAndExpenses": 533553000,
    "interestIncome": 0,
    "interestExpense": 0,
    "depreciationAndAmortization": 29305000,
    "ebitda": 182655000,
    "ebitdaratio": 0.2550306615,
    "operatingIncome": 182655000,
    "operatingIncomeRatio": 0.2550306615,
    "totalOtherIncomeExpensesNet": 20676000,
    "incomeBeforeTax": 203472000,
    "incomeBeforeTaxRatio": 0.2840962402,
    "incomeTaxExpense": 48546000,
    "netIncome": 154785000,
    "netIncomeRatio": 0.2161173849,
    "eps": 0.78,
    "epsdiluted": 0.76,
    "weightedAverageShsOut": 197930000,
    "weightedAverageShsOutDil": 203474000,
    "link": "https://www.sec.gov/Archives/edgar/data/319201/000119312507104090/0001193125-07-104090-index.htm",
    "finalLink": "https://www.sec.gov/Archives/edgar/data/319201/000119312507104090/d10q.htm"
  },
  {
    "date": "2006-12-31",
    "symbol": "KLAC",
    "reportedCurrency": "USD",
    "cik": "0000319201",
    "fillingDate": "2007-02-09",
    "acceptedDate": "2007-02-09 06:11:58",
    "calendarYear": "2007",
    "period": "Q2",
    "revenue": 649270000,
    "costOfRevenue": 297772000,
    "grossProfit": 351498000,
    "grossProfitRatio": 0.5413741587,
    "researchAndDevelopmentExpenses": 108101000,
    "generalAndAdministrativeExpenses": 165038000,
    "sellingAndMarketingExpenses": 0,
    "sellingGeneralAndAdministrativeExpenses": 165038000,
    "otherExpenses": 0,
    "operatingExpenses": 273139000,
    "costAndExpenses": 570911000,
    "interestIncome": 0,
    "interestExpense": 0,
    "depreciationAndAmortization": 29049000,
    "ebitda": 78359000,
    "ebitdaratio": 0.1206878494,
    "operatingIncome": 78359000,
    "operatingIncomeRatio": 0.1206878494,
    "totalOtherIncomeExpensesNet": 23327000,
    "incomeBeforeTax": 101016000,
    "incomeBeforeTaxRatio": 0.1555839635,
    "incomeTaxExpense": 11637000,
    "netIncome": 90049000,
    "netIncomeRatio": 0.1386926856,
    "eps": 0.45,
    "epsdiluted": 0.44,
    "weightedAverageShsOut": 199789000,
    "weightedAverageShsOutDil": 204955000,
    "link": "https://www.sec.gov/Archives/edgar/data/319201/000119312507024847/0001193125-07-024847-index.htm",
    "finalLink": "https://www.sec.gov/Archives/edgar/data/319201/000119312507024847/d10q.htm"
  },
  {
    "date": "2006-09-30",
    "symbol": "KLAC",
    "reportedCurrency": "USD",
    "cik": "0000319201",
    "fillingDate": "2007-01-29",
    "acceptedDate": "2007-01-29 08:05:03",
    "calendarYear": "2007",
    "period": "Q1",
    "revenue": 629363000,
    "costOfRevenue": 270119000,
    "grossProfit": 359244000,
    "grossProfitRatio": 0.5708057194,
    "researchAndDevelopmentExpenses": 99293000,
    "generalAndAdministrativeExpenses": 105961000,
    "sellingAndMarketingExpenses": 0,
    "sellingGeneralAndAdministrativeExpenses": 105961000,
    "otherExpenses": 0,
    "operatingExpenses": 205254000,
    "costAndExpenses": 475373000,
    "interestIncome": 0,
    "interestExpense": 0,
    "depreciationAndAmortization": 14798000,
    "ebitda": 153990000,
    "ebitdaratio": 0.244675966,
    "operatingIncome": 153990000,
    "operatingIncomeRatio": 0.244675966,
    "totalOtherIncomeExpensesNet": 23300000,
    "incomeBeforeTax": 176447000,
    "incomeBeforeTaxRatio": 0.2803580763,
    "incomeTaxExpense": 41368000,
    "netIncome": 135922000,
    "netIncomeRatio": 0.2159675736,
    "eps": 0.68,
    "epsdiluted": 0.67,
    "weightedAverageShsOut": 199416000,
    "weightedAverageShsOutDil": 203323000,
    "link": "https://www.sec.gov/Archives/edgar/data/319201/000119312507014659/0001193125-07-014659-index.htm",
    "finalLink": "https://www.sec.gov/Archives/edgar/data/319201/000119312507014659/d10q.htm"
  },
  {
    "date": "2006-06-30",
    "symbol": "KLAC",
    "reportedCurrency": "USD",
    "cik": "0000319201",
    "fillingDate": "2007-01-29",
    "acceptedDate": "2007-01-29 08:02:41",
    "calendarYear": "2006",
    "period": "Q4",
    "revenue": 580541000,
    "costOfRevenue": 284148000,
    "grossProfit": 296393000,
    "grossProfitRatio": 0.5105461974,
    "researchAndDevelopmentExpenses": 102818000,
    "generalAndAdministrativeExpenses": 128482000,
    "sellingAndMarketingExpenses": 0,
    "sellingGeneralAndAdministrativeExpenses": 128482000,
    "otherExpenses": 0,
    "operatingExpenses": 231300000,
    "costAndExpenses": 515448000,
    "interestIncome": 0,
    "interestExpense": 0,
    "depreciationAndAmortization": 17941000,
    "ebitda": 83034000,
    "ebitdaratio": 0.1430286578,
    "operatingIncome": 65093000,
    "operatingIncomeRatio": 0.112124725,
    "totalOtherIncomeExpensesNet": 19381000,
    "incomeBeforeTax": 84474000,
    "incomeBeforeTaxRatio": 0.1455091027,
    "incomeTaxExpense": -43327000,
    "netIncome": 128982000,
    "netIncomeRatio": 0.2221755225,
    "eps": 0.65,
    "epsdiluted": 0.65,
    "weightedAverageShsOut": 199006000,
    "weightedAverageShsOutDil": 199416000,
    "link": "https://www.sec.gov/Archives/edgar/data/319201/000119312507014655/0001193125-07-014655-index.htm",
    "finalLink": "https://www.sec.gov/Archives/edgar/data/319201/000119312507014655/d10k.htm"
  },
  {
    "date": "2006-03-31",
    "symbol": "KLAC",
    "reportedCurrency": "USD",
    "cik": "0000319201",
    "fillingDate": "2006-05-04",
    "acceptedDate": "2006-05-04 17:24:17",
    "calendarYear": "2006",
    "period": "Q3",
    "revenue": 518256000,
    "costOfRevenue": 226620000,
    "grossProfit": 291636000,
    "grossProfitRatio": 0.5627257572,
    "researchAndDevelopmentExpenses": 95927000,
    "generalAndAdministrativeExpenses": 108364000,
    "sellingAndMarketingExpenses": 0,
    "sellingGeneralAndAdministrativeExpenses": 108364000,
    "otherExpenses": 0,
    "operatingExpenses": 204291000,
    "costAndExpenses": 430911000,
    "interestIncome": 0,
    "interestExpense": 0,
    "depreciationAndAmortization": 16629000,
    "ebitda": 103974000,
    "ebitdaratio": 0.2006228582,
    "operatingIncome": 87345000,
    "operatingIncomeRatio": 0.168536399,
    "totalOtherIncomeExpensesNet": 17225000,
    "incomeBeforeTax": 104570000,
    "incomeBeforeTaxRatio": 0.201772869,
    "incomeTaxExpense": 7347000,
    "netIncome": 98143000,
    "netIncomeRatio": 0.1893716619,
    "eps": 0.48,
    "epsdiluted": 0.47,
    "weightedAverageShsOut": 199876000,
    "weightedAverageShsOutDil": 205361000,
    "link": "https://www.sec.gov/Archives/edgar/data/319201/000120677406001038/0001206774-06-001038-index.htm",
    "finalLink": "https://www.sec.gov/Archives/edgar/data/319201/000120677406001038/kt125871.htm"
  },
  {
    "date": "2005-12-31",
    "symbol": "KLAC",
    "reportedCurrency": "USD",
    "cik": "0000319201",
    "fillingDate": "2006-02-02",
    "acceptedDate": "2006-02-01 21:18:41",
    "calendarYear": "2006",
    "period": "Q2",
    "revenue": 487970000,
    "costOfRevenue": 217103000,
    "grossProfit": 270867000,
    "grossProfitRatio": 0.5550894522,
    "researchAndDevelopmentExpenses": 98327000,
    "generalAndAdministrativeExpenses": 96025000,
    "sellingAndMarketingExpenses": 0,
    "sellingGeneralAndAdministrativeExpenses": 96025000,
    "otherExpenses": 0,
    "operatingExpenses": 194352000,
    "costAndExpenses": 411455000,
    "interestIncome": 0,
    "interestExpense": 0,
    "depreciationAndAmortization": 17752000,
    "ebitda": 94267000,
    "ebitdaratio": 0.1931819579,
    "operatingIncome": 76515000,
    "operatingIncomeRatio": 0.1568026723,
    "totalOtherIncomeExpensesNet": 16685000,
    "incomeBeforeTax": 93200000,
    "incomeBeforeTaxRatio": 0.1909953481,
    "incomeTaxExpense": 17806000,
    "netIncome": 76649000,
    "netIncomeRatio": 0.1570772793,
    "eps": 0.39,
    "epsdiluted": 0.38,
    "weightedAverageShsOut": 198236000,
    "weightedAverageShsOutDil": 203926000,
    "link": "https://www.sec.gov/Archives/edgar/data/319201/000120677406000147/0001206774-06-000147-index.htm",
    "finalLink": "https://www.sec.gov/Archives/edgar/data/319201/000120677406000147/kt120335.htm"
  },
  {
    "date": "2005-09-30",
    "symbol": "KLAC",
    "reportedCurrency": "USD",
    "cik": "0000319201",
    "fillingDate": "2005-11-08",
    "acceptedDate": "2005-11-07 20:44:07",
    "calendarYear": "2006",
    "period": "Q1",
    "revenue": 483860000,
    "costOfRevenue": 214220000,
    "grossProfit": 269640000,
    "grossProfitRatio": 0.5572686314,
    "researchAndDevelopmentExpenses": 96751000,
    "generalAndAdministrativeExpenses": 92051000,
    "sellingAndMarketingExpenses": 0,
    "sellingGeneralAndAdministrativeExpenses": 92051000,
    "otherExpenses": 0,
    "operatingExpenses": 188802000,
    "costAndExpenses": 403022000,
    "interestIncome": 0,
    "interestExpense": 0,
    "depreciationAndAmortization": 17114000,
    "ebitda": 97952000,
    "ebitdaratio": 0.2024387219,
    "operatingIncome": 80838000,
    "operatingIncomeRatio": 0.1670689869,
    "totalOtherIncomeExpensesNet": 14776000,
    "incomeBeforeTax": 95614000,
    "incomeBeforeTaxRatio": 0.1976067458,
    "incomeTaxExpense": 19681000,
    "netIncome": 76678000,
    "netIncomeRatio": 0.1584714587,
    "eps": 0.38,
    "epsdiluted": 0.37,
    "weightedAverageShsOut": 197408000,
    "weightedAverageShsOutDil": 203292000,
    "link": "https://www.sec.gov/Archives/edgar/data/319201/000120677405001764/0001206774-05-001764-index.htm",
    "finalLink": "https://www.sec.gov/Archives/edgar/data/319201/000120677405001764/kl108032.htm"
  },
  {
    "date": "2005-06-30",
    "symbol": "KLAC",
    "reportedCurrency": "USD",
    "cik": "0000319201",
    "fillingDate": "2005-09-02",
    "acceptedDate": "2005-09-02 12:48:09",
    "calendarYear": "2005",
    "period": "Q4",
    "revenue": 491916000,
    "costOfRevenue": 207311000,
    "grossProfit": 284605000,
    "grossProfitRatio": 0.5785642264,
    "researchAndDevelopmentExpenses": 87157000,
    "generalAndAdministrativeExpenses": 82208000,
    "sellingAndMarketingExpenses": 0,
    "sellingGeneralAndAdministrativeExpenses": 82208000,
    "otherExpenses": 0,
    "operatingExpenses": 169365000,
    "costAndExpenses": 376676000,
    "interestIncome": 0,
    "interestExpense": 0,
    "depreciationAndAmortization": 17455000,
    "ebitda": 132695000,
    "ebitdaratio": 0.2697513397,
    "operatingIncome": 115240000,
    "operatingIncomeRatio": 0.2342676392,
    "totalOtherIncomeExpensesNet": 15701000,
    "incomeBeforeTax": 130941000,
    "incomeBeforeTaxRatio": 0.2661856902,
    "incomeTaxExpense": 26945000,
    "netIncome": 105050000,
    "netIncomeRatio": 0.2135527204,
    "eps": 0.53,
    "epsdiluted": 0.53,
    "weightedAverageShsOut": 196652000,
    "weightedAverageShsOutDil": 197408000,
    "link": "https://www.sec.gov/Archives/edgar/data/319201/000120677405001516/0001206774-05-001516-index.htm",
    "finalLink": "https://www.sec.gov/Archives/edgar/data/319201/000120677405001516/kt71640.htm"
  },
  {
    "date": "2005-03-31",
    "symbol": "KLAC",
    "reportedCurrency": "USD",
    "cik": "0000319201",
    "fillingDate": "2005-05-09",
    "acceptedDate": "2005-05-09 17:06:32",
    "calendarYear": "2005",
    "period": "Q3",
    "revenue": 541611000,
    "costOfRevenue": 221838000,
    "grossProfit": 319773000,
    "grossProfitRatio": 0.5904108299,
    "researchAndDevelopmentExpenses": 88812000,
    "generalAndAdministrativeExpenses": 76114000,
    "sellingAndMarketingExpenses": 0,
    "sellingGeneralAndAdministrativeExpenses": 76114000,
    "otherExpenses": 0,
    "operatingExpenses": 164926000,
    "costAndExpenses": 386764000,
    "interestIncome": 0,
    "interestExpense": 0,
    "depreciationAndAmortization": 16739000,
    "ebitda": 154847000,
    "ebitdaratio": 0.2859007664,
    "operatingIncome": 154847000,
    "operatingIncomeRatio": 0.2859007664,
    "totalOtherIncomeExpensesNet": 8381000,
    "incomeBeforeTax": 162139000,
    "incomeBeforeTaxRatio": 0.2993643039,
    "incomeTaxExpense": 40065000,
    "netIncome": 123163000,
    "netIncomeRatio": 0.227401216,
    "eps": 0.63,
    "epsdiluted": 0.61,
    "weightedAverageShsOut": 196883000,
    "weightedAverageShsOutDil": 202329000,
    "link": "https://www.sec.gov/Archives/edgar/data/319201/000120677405000877/0001206774-05-000877-index.htm",
    "finalLink": "https://www.sec.gov/Archives/edgar/data/319201/000120677405000877/kl71491.htm"
  },
  {
    "date": "2004-12-31",
    "symbol": "KLAC",
    "reportedCurrency": "USD",
    "cik": "0000319201",
    "fillingDate": "2005-02-03",
    "acceptedDate": "2005-02-03 16:33:40",
    "calendarYear": "2005",
    "period": "Q2",
    "revenue": 532853000,
    "costOfRevenue": 217735000,
    "grossProfit": 315118000,
    "grossProfitRatio": 0.5913788606,
    "researchAndDevelopmentExpenses": 87161000,
    "generalAndAdministrativeExpenses": 72449000,
    "sellingAndMarketingExpenses": 0,
    "sellingGeneralAndAdministrativeExpenses": 72449000,
    "otherExpenses": 0,
    "operatingExpenses": 159610000,
    "costAndExpenses": 377345000,
    "interestIncome": 0,
    "interestExpense": 0,
    "depreciationAndAmortization": 18069000,
    "ebitda": 155508000,
    "ebitdaratio": 0.2918403387,
    "operatingIncome": 155508000,
    "operatingIncomeRatio": 0.2918403387,
    "totalOtherIncomeExpensesNet": 9012000,
    "incomeBeforeTax": 163285000,
    "incomeBeforeTaxRatio": 0.3064353583,
    "incomeTaxExpense": 42443000,
    "netIncome": 122077000,
    "netIncomeRatio": 0.2291007088,
    "eps": 0.62,
    "epsdiluted": 0.61,
    "weightedAverageShsOut": 195681000,
    "weightedAverageShsOutDil": 200946000,
    "link": "https://www.sec.gov/Archives/edgar/data/319201/000120677405000097/0001206774-05-000097-index.htm",
    "finalLink": "https://www.sec.gov/Archives/edgar/data/319201/000120677405000097/kl71400.htm"
  },
  {
    "date": "2004-09-30",
    "symbol": "KLAC",
    "reportedCurrency": "USD",
    "cik": "0000319201",
    "fillingDate": "2004-11-03",
    "acceptedDate": "2004-11-03 14:39:28",
    "calendarYear": "2005",
    "period": "Q1",
    "revenue": 518773000,
    "costOfRevenue": 215469000,
    "grossProfit": 303304000,
    "grossProfitRatio": 0.5846564875,
    "researchAndDevelopmentExpenses": 77147000,
    "generalAndAdministrativeExpenses": 69190000,
    "sellingAndMarketingExpenses": 0,
    "sellingGeneralAndAdministrativeExpenses": 69190000,
    "otherExpenses": 0,
    "operatingExpenses": 146337000,
    "costAndExpenses": 361806000,
    "interestIncome": 0,
    "interestExpense": 0,
    "depreciationAndAmortization": 18590000,
    "ebitda": 156967000,
    "ebitdaratio": 0.3025735726,
    "operatingIncome": 156967000,
    "operatingIncomeRatio": 0.3025735726,
    "totalOtherIncomeExpensesNet": 6985000,
    "incomeBeforeTax": 163952000,
    "incomeBeforeTaxRatio": 0.3160380359,
    "incomeTaxExpense": 47547000,
    "netIncome": 116405000,
    "netIncomeRatio": 0.2243852321,
    "eps": 0.59,
    "epsdiluted": 0.58,
    "weightedAverageShsOut": 196110000,
    "weightedAverageShsOutDil": 199969000,
    "link": "https://www.sec.gov/Archives/edgar/data/319201/000120677404001581/0001206774-04-001581-index.htm",
    "finalLink": "https://www.sec.gov/Archives/edgar/data/319201/000120677404001581/kt71320.htm"
  },
  {
    "date": "2004-06-30",
    "symbol": "KLAC",
    "reportedCurrency": "USD",
    "cik": "0000319201",
    "fillingDate": "2004-08-30",
    "acceptedDate": "2004-08-30 17:27:34",
    "calendarYear": "2004",
    "period": "Q4",
    "revenue": 450438000,
    "costOfRevenue": 187498000,
    "grossProfit": 262940000,
    "grossProfitRatio": 0.5837429347,
    "researchAndDevelopmentExpenses": 77110000,
    "generalAndAdministrativeExpenses": 64255000,
    "sellingAndMarketingExpenses": 0,
    "sellingGeneralAndAdministrativeExpenses": 64255000,
    "otherExpenses": 0,
    "operatingExpenses": 141365000,
    "costAndExpenses": 328863000,
    "interestIncome": 0,
    "interestExpense": 0,
    "depreciationAndAmortization": 21258000,
    "ebitda": 142833000,
    "ebitdaratio": 0.3170980246,
    "operatingIncome": 121575000,
    "operatingIncomeRatio": 0.2699039601,
    "totalOtherIncomeExpensesNet": 6716000,
    "incomeBeforeTax": 128291000,
    "incomeBeforeTaxRatio": 0.2848138923,
    "incomeTaxExpense": 32124000,
    "netIncome": 96167000,
    "netIncomeRatio": 0.213496641,
    "eps": 0.49,
    "epsdiluted": 0.49,
    "weightedAverageShsOut": 196110000,
    "weightedAverageShsOutDil": 196110000,
    "link": "https://www.sec.gov/Archives/edgar/data/319201/000120677404001081/0001206774-04-001081-index.htm",
    "finalLink": "https://www.sec.gov/Archives/edgar/data/319201/000120677404001081/kl71293.htm"
  },
  {
    "date": "2004-03-31",
    "symbol": "KLAC",
    "reportedCurrency": "USD",
    "cik": "0000319201",
    "fillingDate": "2004-05-05",
    "acceptedDate": "2004-05-05 17:27:34",
    "calendarYear": "2004",
    "period": "Q3",
    "revenue": 389772000,
    "costOfRevenue": 170605000,
    "grossProfit": 219167000,
    "grossProfitRatio": 0.5622953932,
    "researchAndDevelopmentExpenses": 69149000,
    "generalAndAdministrativeExpenses": 62265000,
    "sellingAndMarketingExpenses": 0,
    "sellingGeneralAndAdministrativeExpenses": 62265000,
    "otherExpenses": 0,
    "operatingExpenses": 131414000,
    "costAndExpenses": 302019000,
    "interestIncome": 0,
    "interestExpense": 0,
    "depreciationAndAmortization": 20274000,
    "ebitda": 87753000,
    "ebitdaratio": 0.2251393122,
    "operatingIncome": 87753000,
    "operatingIncomeRatio": 0.2251393122,
    "totalOtherIncomeExpensesNet": 4909000,
    "incomeBeforeTax": 92662000,
    "incomeBeforeTaxRatio": 0.2377338547,
    "incomeTaxExpense": 26480000,
    "netIncome": 66182000,
    "netIncomeRatio": 0.1697967017,
    "eps": 0.34,
    "epsdiluted": 0.33,
    "weightedAverageShsOut": 196159000,
    "weightedAverageShsOutDil": 203150000,
    "link": "https://www.sec.gov/Archives/edgar/data/319201/000120677404000452/0001206774-04-000452-index.htm",
    "finalLink": "https://www.sec.gov/Archives/edgar/data/319201/000120677404000452/kla123456.htm"
  },
  {
    "date": "2003-12-31",
    "symbol": "KLAC",
    "reportedCurrency": "USD",
    "cik": "0000319201",
    "fillingDate": "2004-02-06",
    "acceptedDate": "2004-02-06 09:04:24",
    "calendarYear": "2004",
    "period": "Q2",
    "revenue": 338538000,
    "costOfRevenue": 156369000,
    "grossProfit": 182169000,
    "grossProfitRatio": 0.5381050281,
    "researchAndDevelopmentExpenses": 68930000,
    "generalAndAdministrativeExpenses": 62177000,
    "sellingAndMarketingExpenses": 0,
    "sellingGeneralAndAdministrativeExpenses": 62177000,
    "otherExpenses": 0,
    "operatingExpenses": 131107000,
    "costAndExpenses": 287476000,
    "interestIncome": 0,
    "interestExpense": 0,
    "depreciationAndAmortization": 21450000,
    "ebitda": 51062000,
    "ebitdaratio": 0.1508309259,
    "operatingIncome": 51062000,
    "operatingIncomeRatio": 0.1508309259,
    "totalOtherIncomeExpensesNet": 7332000,
    "incomeBeforeTax": 58394000,
    "incomeBeforeTaxRatio": 0.1724887605,
    "incomeTaxExpense": 13879000,
    "netIncome": 44515000,
    "netIncomeRatio": 0.1314918857,
    "eps": 0.23,
    "epsdiluted": 0.22,
    "weightedAverageShsOut": 194872000,
    "weightedAverageShsOutDil": 202450000,
    "link": "https://www.sec.gov/Archives/edgar/data/319201/000114043704000090/0001140437-04-000090-index.htm",
    "finalLink": "https://www.sec.gov/Archives/edgar/data/319201/000114043704000090/kl906262.htm"
  },
  {
    "date": "2003-09-30",
    "symbol": "KLAC",
    "reportedCurrency": "USD",
    "cik": "0000319201",
    "fillingDate": "2003-11-07",
    "acceptedDate": "2003-11-06 20:43:31",
    "calendarYear": "2004",
    "period": "Q1",
    "revenue": 317970000,
    "costOfRevenue": 155541000,
    "grossProfit": 162429000,
    "grossProfitRatio": 0.5108312105,
    "researchAndDevelopmentExpenses": 65452000,
    "generalAndAdministrativeExpenses": 60009000,
    "sellingAndMarketingExpenses": 0,
    "sellingGeneralAndAdministrativeExpenses": 60009000,
    "otherExpenses": 0,
    "operatingExpenses": 125461000,
    "costAndExpenses": 281002000,
    "interestIncome": 0,
    "interestExpense": 0,
    "depreciationAndAmortization": 19944000,
    "ebitda": 36968000,
    "ebitdaratio": 0.1162625405,
    "operatingIncome": 36968000,
    "operatingIncomeRatio": 0.1162625405,
    "totalOtherIncomeExpensesNet": 8401000,
    "incomeBeforeTax": 45369000,
    "incomeBeforeTaxRatio": 0.142683272,
    "incomeTaxExpense": 8532000,
    "netIncome": 36837000,
    "netIncomeRatio": 0.1158505519,
    "eps": 0.19,
    "epsdiluted": 0.18,
    "weightedAverageShsOut": 192699000,
    "weightedAverageShsOutDil": 200334000,
    "link": "https://www.sec.gov/Archives/edgar/data/319201/000120677403000806/0001206774-03-000806-index.htm",
    "finalLink": "https://www.sec.gov/Archives/edgar/data/319201/000120677403000806/d13511.htm"
  },
  {
    "date": "2003-06-30",
    "symbol": "KLAC",
    "reportedCurrency": "USD",
    "cik": "0000319201",
    "fillingDate": "2003-09-16",
    "acceptedDate": "2003-09-15 20:20:05",
    "calendarYear": "2003",
    "period": "Q4",
    "revenue": 308313000,
    "costOfRevenue": 157292000,
    "grossProfit": 151021000,
    "grossProfitRatio": 0.4898301401,
    "researchAndDevelopmentExpenses": 64084000,
    "generalAndAdministrativeExpenses": 57855000,
    "sellingAndMarketingExpenses": 0,
    "sellingGeneralAndAdministrativeExpenses": 57855000,
    "otherExpenses": 19961000,
    "operatingExpenses": 141900000,
    "costAndExpenses": 299192000,
    "interestIncome": 0,
    "interestExpense": 0,
    "depreciationAndAmortization": 16267000,
    "ebitda": 25388000,
    "ebitdaratio": 0.0823448898,
    "operatingIncome": 29082000,
    "operatingIncomeRatio": 0.0943262204,
    "totalOtherIncomeExpensesNet": 9552000,
    "incomeBeforeTax": 38634000,
    "incomeBeforeTaxRatio": 0.125307723,
    "incomeTaxExpense": 9275000,
    "netIncome": 29359000,
    "netIncomeRatio": 0.0952246581,
    "eps": 0.15,
    "epsdiluted": 0.15,
    "weightedAverageShsOut": 189511000,
    "weightedAverageShsOutDil": 192699000,
    "link": "https://www.sec.gov/Archives/edgar/data/319201/000031920103000112/0000319201-03-000112-index.htm",
    "finalLink": "https://www.sec.gov/Archives/edgar/data/319201/000031920103000112/fy2003kla10k.htm"
  },
  {
    "date": "2003-03-31",
    "symbol": "KLAC",
    "reportedCurrency": "USD",
    "cik": "0000319201",
    "fillingDate": "2003-05-14",
    "acceptedDate": "2003-05-14 16:50:39",
    "calendarYear": "2003",
    "period": "Q3",
    "revenue": 304298000,
    "costOfRevenue": 156731000,
    "grossProfit": 147567000,
    "grossProfitRatio": 0.484942392,
    "researchAndDevelopmentExpenses": 61419000,
    "generalAndAdministrativeExpenses": 60548000,
    "sellingAndMarketingExpenses": 0,
    "sellingGeneralAndAdministrativeExpenses": 60548000,
    "otherExpenses": 0,
    "operatingExpenses": 121967000,
    "costAndExpenses": 278698000,
    "interestIncome": 0,
    "interestExpense": 0,
    "depreciationAndAmortization": 19747000,
    "ebitda": 25600000,
    "ebitdaratio": 0.0841280587,
    "operatingIncome": 25600000,
    "operatingIncomeRatio": 0.0841280587,
    "totalOtherIncomeExpensesNet": 10372000,
    "incomeBeforeTax": 35972000,
    "incomeBeforeTaxRatio": 0.1182130675,
    "incomeTaxExpense": 8633000,
    "netIncome": 27339000,
    "netIncomeRatio": 0.0898428514,
    "eps": 0.14,
    "epsdiluted": 0.14,
    "weightedAverageShsOut": 190064000,
    "weightedAverageShsOutDil": 194393000,
    "link": "https://www.sec.gov/Archives/edgar/data/319201/000031920103000018/0000319201-03-000018-index.htm",
    "finalLink": "https://www.sec.gov/Archives/edgar/data/319201/000031920103000018/q3fy2003kla10q.htm"
  },
  {
    "date": "2002-12-31",
    "symbol": "KLAC",
    "reportedCurrency": "USD",
    "cik": "0000319201",
    "fillingDate": "2003-02-13",
    "acceptedDate": "2003-02-12 18:08:45",
    "calendarYear": "2003",
    "period": "Q2",
    "revenue": 334918000,
    "costOfRevenue": 171138000,
    "grossProfit": 163780000,
    "grossProfitRatio": 0.4890152216,
    "researchAndDevelopmentExpenses": 71935000,
    "generalAndAdministrativeExpenses": 65089000,
    "sellingAndMarketingExpenses": 0,
    "sellingGeneralAndAdministrativeExpenses": 65089000,
    "otherExpenses": 0,
    "operatingExpenses": 137024000,
    "costAndExpenses": 308162000,
    "interestIncome": 0,
    "interestExpense": 0,
    "depreciationAndAmortization": 17795000,
    "ebitda": 44551000,
    "ebitdaratio": 0.13302062,
    "operatingIncome": 26756000,
    "operatingIncomeRatio": 0.0798882114,
    "totalOtherIncomeExpensesNet": 11702000,
    "incomeBeforeTax": 38458000,
    "incomeBeforeTaxRatio": 0.1148281072,
    "incomeTaxExpense": 9230000,
    "netIncome": 29228000,
    "netIncomeRatio": 0.0872691226,
    "eps": 0.15,
    "epsdiluted": 0.15,
    "weightedAverageShsOut": 189018000,
    "weightedAverageShsOutDil": 193519000,
    "link": "https://www.sec.gov/Archives/edgar/data/319201/000031920103000008/0000319201-03-000008-index.htm",
    "finalLink": "https://www.sec.gov/Archives/edgar/data/319201/000031920103000008/q2fy2003kla.txt"
  },
  {
    "date": "2002-09-30",
    "symbol": "KLAC",
    "reportedCurrency": "USD",
    "cik": "0000319201",
    "fillingDate": "2002-11-13",
    "acceptedDate": "2002-11-12 21:27:21",
    "calendarYear": "2003",
    "period": "Q1",
    "revenue": 375520000,
    "costOfRevenue": 186344000,
    "grossProfit": 189176000,
    "grossProfitRatio": 0.5037707712,
    "researchAndDevelopmentExpenses": 70853000,
    "generalAndAdministrativeExpenses": 70441000,
    "sellingAndMarketingExpenses": 0,
    "sellingGeneralAndAdministrativeExpenses": 70441000,
    "otherExpenses": 0,
    "operatingExpenses": 141294000,
    "costAndExpenses": 327638000,
    "interestIncome": 0,
    "interestExpense": 0,
    "depreciationAndAmortization": 17639000,
    "ebitda": 65521000,
    "ebitdaratio": 0.1744807201,
    "operatingIncome": 57284000,
    "operatingIncomeRatio": 0.1525458032,
    "totalOtherIncomeExpensesNet": 10170000,
    "incomeBeforeTax": 67454000,
    "incomeBeforeTaxRatio": 0.1796282488,
    "incomeTaxExpense": 16189000,
    "netIncome": 51265000,
    "netIncomeRatio": 0.1365173626,
    "eps": 0.27,
    "epsdiluted": 0.26,
    "weightedAverageShsOut": 189279000,
    "weightedAverageShsOutDil": 194090000,
    "link": "https://www.sec.gov/Archives/edgar/data/319201/000031920102000052/0000319201-02-000052-index.htm",
    "finalLink": "https://www.sec.gov/Archives/edgar/data/319201/000031920102000052/q1fy2003kla.txt"
  },
  {
    "date": "2002-06-30",
    "symbol": "KLAC",
    "reportedCurrency": "USD",
    "cik": "0000319201",
    "fillingDate": "2002-09-20",
    "acceptedDate": "2002-09-20 13:45:11",
    "calendarYear": "2002",
    "period": "Q4",
    "revenue": 373194000,
    "costOfRevenue": 186112000,
    "grossProfit": 187082000,
    "grossProfitRatio": 0.5012995922,
    "researchAndDevelopmentExpenses": 68945000,
    "generalAndAdministrativeExpenses": 70914000,
    "sellingAndMarketingExpenses": 0,
    "sellingGeneralAndAdministrativeExpenses": 70914000,
    "otherExpenses": 0,
    "operatingExpenses": 139859000,
    "costAndExpenses": 325971000,
    "interestIncome": 0,
    "interestExpense": 0,
    "depreciationAndAmortization": 18048000,
    "ebitda": 65271000,
    "ebitdaratio": 0.1748983103,
    "operatingIncome": 47223000,
    "operatingIncomeRatio": 0.1265374041,
    "totalOtherIncomeExpensesNet": 10960000,
    "incomeBeforeTax": 58183000,
    "incomeBeforeTaxRatio": 0.1559055076,
    "incomeTaxExpense": 11679000,
    "netIncome": 46504000,
    "netIncomeRatio": 0.1246107922,
    "eps": 0.25,
    "epsdiluted": 0.25,
    "weightedAverageShsOut": 187997000,
    "weightedAverageShsOutDil": 189279000,
    "link": "https://www.sec.gov/Archives/edgar/data/319201/000031920102000008/0000319201-02-000008-index.htm",
    "finalLink": "https://www.sec.gov/Archives/edgar/data/319201/000031920102000008/fy02_10k0920.txt"
  },
  {
    "date": "2002-03-31",
    "symbol": "KLAC",
    "reportedCurrency": "USD",
    "cik": "0000319201",
    "fillingDate": "2002-05-13",
    "acceptedDate": "2002-05-13 15:28:01",
    "calendarYear": "2002",
    "period": "Q3",
    "revenue": 357108000,
    "costOfRevenue": 182102000,
    "grossProfit": 175006000,
    "grossProfitRatio": 0.4900646303,
    "researchAndDevelopmentExpenses": 71479000,
    "generalAndAdministrativeExpenses": 66430000,
    "sellingAndMarketingExpenses": 0,
    "sellingGeneralAndAdministrativeExpenses": 66430000,
    "otherExpenses": 0,
    "operatingExpenses": 137909000,
    "costAndExpenses": 320011000,
    "interestIncome": 0,
    "interestExpense": 0,
    "depreciationAndAmortization": 18197000,
    "ebitda": 37097000,
    "ebitdaratio": 0.1038817389,
    "operatingIncome": 37097000,
    "operatingIncomeRatio": 0.1038817389,
    "totalOtherIncomeExpensesNet": 9050000,
    "incomeBeforeTax": 46147000,
    "incomeBeforeTaxRatio": 0.1292242123,
    "incomeTaxExpense": 11998000,
    "netIncome": 34149000,
    "netIncomeRatio": 0.0956265331,
    "eps": 0.18,
    "epsdiluted": 0.17,
    "weightedAverageShsOut": 187443000,
    "weightedAverageShsOutDil": 197669000,
    "link": "https://www.sec.gov/Archives/edgar/data/319201/000089161802002335/0000891618-02-002335-index.htm",
    "finalLink": "https://www.sec.gov/Archives/edgar/data/319201/000089161802002335/f81544e10-q.htm"
  },
  {
    "date": "2001-12-31",
    "symbol": "KLAC",
    "reportedCurrency": "USD",
    "cik": "0000319201",
    "fillingDate": "2002-02-13",
    "acceptedDate": "2002-02-13 00:00:00",
    "calendarYear": "2002",
    "period": "Q2",
    "revenue": 404148000,
    "costOfRevenue": 201811000,
    "grossProfit": 202337000,
    "grossProfitRatio": 0.5006507517,
    "researchAndDevelopmentExpenses": 74061000,
    "generalAndAdministrativeExpenses": 71996000,
    "sellingAndMarketingExpenses": 0,
    "sellingGeneralAndAdministrativeExpenses": 71996000,
    "otherExpenses": 0,
    "operatingExpenses": 146057000,
    "costAndExpenses": 347868000,
    "interestIncome": 0,
    "interestExpense": 0,
    "depreciationAndAmortization": 15456000,
    "ebitda": 71736000,
    "ebitdaratio": 0.1774993319,
    "operatingIncome": 56280000,
    "operatingIncomeRatio": 0.1392559161,
    "totalOtherIncomeExpensesNet": 10001000,
    "incomeBeforeTax": 66281000,
    "incomeBeforeTaxRatio": 0.1640018013,
    "incomeTaxExpense": 17233000,
    "netIncome": 49048000,
    "netIncomeRatio": 0.1213614814,
    "eps": 0.26,
    "epsdiluted": 0.25,
    "weightedAverageShsOut": 186200000,
    "weightedAverageShsOutDil": 194637000,
    "link": "https://www.sec.gov/Archives/edgar/data/319201/000089161802000664/0000891618-02-000664-index.htm",
    "finalLink": "https://www.sec.gov/Archives/edgar/data/319201/000089161802000664/f79118e10-q.txt"
  },
  {
    "date": "2001-09-30",
    "symbol": "KLAC",
    "reportedCurrency": "USD",
    "cik": "0000319201",
    "fillingDate": "2001-11-14",
    "acceptedDate": "2001-11-14 00:00:00",
    "calendarYear": "2002",
    "period": "Q1",
    "revenue": 502832000,
    "costOfRevenue": 244368000,
    "grossProfit": 258464000,
    "grossProfitRatio": 0.5140166099,
    "researchAndDevelopmentExpenses": 72923000,
    "generalAndAdministrativeExpenses": 81248000,
    "sellingAndMarketingExpenses": 0,
    "sellingGeneralAndAdministrativeExpenses": 81248000,
    "otherExpenses": 0,
    "operatingExpenses": 154171000,
    "costAndExpenses": 398539000,
    "interestIncome": 0,
    "interestExpense": 0,
    "depreciationAndAmortization": 17889000,
    "ebitda": 122182000,
    "ebitdaratio": 0.2429877176,
    "operatingIncome": 104293000,
    "operatingIncomeRatio": 0.2074112228,
    "totalOtherIncomeExpensesNet": 12552000,
    "incomeBeforeTax": 116845000,
    "incomeBeforeTaxRatio": 0.2323738346,
    "incomeTaxExpense": 30380000,
    "netIncome": 86465000,
    "netIncomeRatio": 0.171956041,
    "eps": 0.46,
    "epsdiluted": 0.44,
    "weightedAverageShsOut": 187717000,
    "weightedAverageShsOutDil": 195079000,
    "link": "https://www.sec.gov/Archives/edgar/data/319201/000089161801502223/0000891618-01-502223-index.htm",
    "finalLink": "https://www.sec.gov/Archives/edgar/data/319201/000089161801502223/f77237e10-q.txt"
  },
  {
    "date": "2001-06-30",
    "symbol": "KLAC",
    "reportedCurrency": "USD",
    "cik": "0000319201",
    "fillingDate": "2001-09-21",
    "acceptedDate": "2001-09-21 00:00:00",
    "calendarYear": "2001",
    "period": "Q4",
    "revenue": 467321000,
    "costOfRevenue": 221947000,
    "grossProfit": 245374000,
    "grossProfitRatio": 0.5250652121,
    "researchAndDevelopmentExpenses": 89067000,
    "generalAndAdministrativeExpenses": 85047000,
    "sellingAndMarketingExpenses": 0,
    "sellingGeneralAndAdministrativeExpenses": 85047000,
    "otherExpenses": 0,
    "operatingExpenses": 174114000,
    "costAndExpenses": 396061000,
    "interestIncome": 0,
    "interestExpense": 0,
    "depreciationAndAmortization": 10680000,
    "ebitda": 81940000,
    "ebitdaratio": 0.1753398627,
    "operatingIncome": 73263000,
    "operatingIncomeRatio": 0.1567723257,
    "totalOtherIncomeExpensesNet": 13577000,
    "incomeBeforeTax": 86840000,
    "incomeBeforeTaxRatio": 0.1858251609,
    "incomeTaxExpense": 20316000,
    "netIncome": -239851000,
    "netIncomeRatio": -0.5132467833,
    "eps": -1.3,
    "epsdiluted": -1.28,
    "weightedAverageShsOut": 183939222,
    "weightedAverageShsOutDil": 187717000,
    "link": "https://www.sec.gov/Archives/edgar/data/319201/000109581101505048/0001095811-01-505048-index.htm",
    "finalLink": "https://www.sec.gov/Archives/edgar/data/319201/000109581101505048/f75863e10-k.txt"
  },
  {
    "date": "2001-03-31",
    "symbol": "KLAC",
    "reportedCurrency": "USD",
    "cik": "0000319201",
    "fillingDate": "2001-05-14",
    "acceptedDate": "2001-05-14 00:00:00",
    "calendarYear": "2001",
    "period": "Q3",
    "revenue": 528790000,
    "costOfRevenue": 242693000,
    "grossProfit": 286097000,
    "grossProfitRatio": 0.5410408669,
    "researchAndDevelopmentExpenses": 89828000,
    "generalAndAdministrativeExpenses": 83916000,
    "sellingAndMarketingExpenses": 0,
    "sellingGeneralAndAdministrativeExpenses": 83916000,
    "otherExpenses": 0,
    "operatingExpenses": 173744000,
    "costAndExpenses": 416437000,
    "interestIncome": 0,
    "interestExpense": 0,
    "depreciationAndAmortization": 15745000,
    "ebitda": 128098000,
    "ebitdaratio": 0.242247395,
    "operatingIncome": 112353000,
    "operatingIncomeRatio": 0.2124718697,
    "totalOtherIncomeExpensesNet": 14606000,
    "incomeBeforeTax": 126959000,
    "incomeBeforeTaxRatio": 0.2400934208,
    "incomeTaxExpense": 35549000,
    "netIncome": 91410000,
    "netIncomeRatio": 0.1728663553,
    "eps": 0.74,
    "epsdiluted": 0.71,
    "weightedAverageShsOut": 184510000,
    "weightedAverageShsOutDil": 191717000,
    "link": "https://www.sec.gov/Archives/edgar/data/319201/000089161801500693/0000891618-01-500693-index.htm",
    "finalLink": "https://www.sec.gov/Archives/edgar/data/319201/000089161801500693/f72712e10-q.txt"
  },
  {
    "date": "2000-12-31",
    "symbol": "KLAC",
    "reportedCurrency": "USD",
    "cik": "0000319201",
    "fillingDate": "2001-02-14",
    "acceptedDate": "2001-02-14 00:00:00",
    "calendarYear": "2001",
    "period": "Q2",
    "revenue": 573056000,
    "costOfRevenue": 244436000,
    "grossProfit": 328620000,
    "grossProfitRatio": 0.5734518092,
    "researchAndDevelopmentExpenses": 96229000,
    "generalAndAdministrativeExpenses": 94508000,
    "sellingAndMarketingExpenses": 0,
    "sellingGeneralAndAdministrativeExpenses": 94508000,
    "otherExpenses": 0,
    "operatingExpenses": 190737000,
    "costAndExpenses": 435173000,
    "interestIncome": 0,
    "interestExpense": 0,
    "depreciationAndAmortization": 14914000,
    "ebitda": 152797000,
    "ebitdaratio": 0.2666353725,
    "operatingIncome": 137883000,
    "operatingIncomeRatio": 0.2406099927,
    "totalOtherIncomeExpensesNet": 13931000,
    "incomeBeforeTax": 151814000,
    "incomeBeforeTaxRatio": 0.2649200078,
    "incomeTaxExpense": 42508000,
    "netIncome": 109306000,
    "netIncomeRatio": 0.190742266,
    "eps": 0.42,
    "epsdiluted": 0.41,
    "weightedAverageShsOut": 185247000,
    "weightedAverageShsOutDil": 190893000,
    "link": "https://www.sec.gov/Archives/edgar/data/319201/000089161801000175/0000891618-01-000175-index.htm",
    "finalLink": "https://www.sec.gov/Archives/edgar/data/319201/000089161801000175/f69522e10-q.txt"
  },
  {
    "date": "2000-09-30",
    "symbol": "KLAC",
    "reportedCurrency": "USD",
    "cik": "0000319201",
    "fillingDate": "2000-11-14",
    "acceptedDate": "2000-11-14 00:00:00",
    "calendarYear": "2001",
    "period": "Q1",
    "revenue": 534590000,
    "costOfRevenue": 228076000,
    "grossProfit": 306514000,
    "grossProfitRatio": 0.573362764,
    "researchAndDevelopmentExpenses": 80648000,
    "generalAndAdministrativeExpenses": 90897000,
    "sellingAndMarketingExpenses": 0,
    "sellingGeneralAndAdministrativeExpenses": 90897000,
    "otherExpenses": 0,
    "operatingExpenses": 171545000,
    "costAndExpenses": 399621000,
    "interestIncome": 0,
    "interestExpense": 0,
    "depreciationAndAmortization": 14310000,
    "ebitda": 149279000,
    "ebitdaratio": 0.2792401654,
    "operatingIncome": 134969000,
    "operatingIncomeRatio": 0.2524719879,
    "totalOtherIncomeExpensesNet": 12002000,
    "incomeBeforeTax": 146971000,
    "incomeBeforeTaxRatio": 0.2749228381,
    "incomeTaxExpense": 41153000,
    "netIncome": 105818000,
    "netIncomeRatio": 0.1979423483,
    "eps": -1.48,
    "epsdiluted": -1.48,
    "weightedAverageShsOut": 187282000,
    "weightedAverageShsOutDil": 195975000,
    "link": "https://www.sec.gov/Archives/edgar/data/319201/000089161800005067/0000891618-00-005067-index.htm",
    "finalLink": "https://www.sec.gov/Archives/edgar/data/319201/000089161800005067/f66982e10-q.txt"
  },
  {
    "date": "2000-06-30",
    "symbol": "KLAC",
    "reportedCurrency": "USD",
    "cik": "0000319201",
    "fillingDate": "2000-09-28",
    "acceptedDate": "2000-09-28 00:00:00",
    "calendarYear": "2000",
    "period": "Q4",
    "revenue": 482049000,
    "costOfRevenue": 206943000,
    "grossProfit": 275106000,
    "grossProfitRatio": 0.5707013187,
    "researchAndDevelopmentExpenses": 76387000,
    "generalAndAdministrativeExpenses": 82615000,
    "sellingAndMarketingExpenses": 0,
    "sellingGeneralAndAdministrativeExpenses": 82615000,
    "otherExpenses": 0,
    "operatingExpenses": 159002000,
    "costAndExpenses": 365945000,
    "interestIncome": 0,
    "interestExpense": 0,
    "depreciationAndAmortization": 17907000,
    "ebitda": 134011000,
    "ebitdaratio": 0.2780028586,
    "operatingIncome": 116104000,
    "operatingIncomeRatio": 0.2408551828,
    "totalOtherIncomeExpensesNet": 11258000,
    "incomeBeforeTax": 127362000,
    "incomeBeforeTaxRatio": 0.264209655,
    "incomeTaxExpense": 35662000,
    "netIncome": 91700000,
    "netIncomeRatio": 0.190229624,
    "eps": 0.49,
    "epsdiluted": 0.49,
    "weightedAverageShsOut": 186038000,
    "weightedAverageShsOutDil": 187282000,
    "link": "https://www.sec.gov/Archives/edgar/data/319201/000109581100003641/0001095811-00-003641-index.htm",
    "finalLink": "https://www.sec.gov/Archives/edgar/data/319201/000109581100003641/f65839e10-k.txt"
  },
  {
    "date": "2000-03-31",
    "symbol": "KLAC",
    "reportedCurrency": "USD",
    "cik": "0000319201",
    "fillingDate": "2000-05-15",
    "acceptedDate": "2000-05-15 00:00:00",
    "calendarYear": "2000",
    "period": "Q3",
    "revenue": 413017000,
    "costOfRevenue": 181372000,
    "grossProfit": 231645000,
    "grossProfitRatio": 0.560860691,
    "researchAndDevelopmentExpenses": 67498000,
    "generalAndAdministrativeExpenses": 71700000,
    "sellingAndMarketingExpenses": 0,
    "sellingGeneralAndAdministrativeExpenses": 71700000,
    "otherExpenses": 47000,
    "operatingExpenses": 139245000,
    "costAndExpenses": 320617000,
    "interestIncome": 0,
    "interestExpense": 0,
    "depreciationAndAmortization": 16931000,
    "ebitda": 109331000,
    "ebitdaratio": 0.2647130748,
    "operatingIncome": 91100000,
    "operatingIncomeRatio": 0.2205720346,
    "totalOtherIncomeExpensesNet": 10800000,
    "incomeBeforeTax": 101900000,
    "incomeBeforeTaxRatio": 0.2467210793,
    "incomeTaxExpense": 28522000,
    "netIncome": 73347000,
    "netIncomeRatio": 0.1775883317,
    "eps": 0.4,
    "epsdiluted": 0.38,
    "weightedAverageShsOut": 184026000,
    "weightedAverageShsOutDil": 195236000,
    "link": "https://www.sec.gov/Archives/edgar/data/319201/000089161800002841/0000891618-00-002841-index.html",
    "finalLink": "https://www.sec.gov/Archives/edgar/data/319201/000089161800002841/"
  },
  {
    "date": "1999-12-31",
    "symbol": "KLAC",
    "reportedCurrency": "USD",
    "cik": "0000319201",
    "fillingDate": "2000-02-14",
    "acceptedDate": "2000-02-14 00:00:00",
    "calendarYear": "2000",
    "period": "Q2",
    "revenue": 330800000,
    "costOfRevenue": 153400000,
    "grossProfit": 177400000,
    "grossProfitRatio": 0.5362756953,
    "researchAndDevelopmentExpenses": 55600000,
    "generalAndAdministrativeExpenses": 60100000,
    "sellingAndMarketingExpenses": 0,
    "sellingGeneralAndAdministrativeExpenses": 60100000,
    "otherExpenses": 0,
    "operatingExpenses": 115700000,
    "costAndExpenses": 269100000,
    "interestIncome": 0,
    "interestExpense": 0,
    "depreciationAndAmortization": 15600000,
    "ebitda": 77300000,
    "ebitdaratio": 0.2336759371,
    "operatingIncome": 61600000,
    "operatingIncomeRatio": 0.1862152358,
    "totalOtherIncomeExpensesNet": 6700000,
    "incomeBeforeTax": 68400000,
    "incomeBeforeTaxRatio": 0.2067714631,
    "incomeTaxExpense": 19200000,
    "netIncome": 49200000,
    "netIncomeRatio": 0.1487303507,
    "eps": 0.27,
    "epsdiluted": 0.27,
    "weightedAverageShsOut": 179423000,
    "weightedAverageShsOutDil": 185028000,
    "link": "https://www.sec.gov/Archives/edgar/data/319201/000089161800000899/0000891618-00-000899-index.html",
    "finalLink": "https://www.sec.gov/Archives/edgar/data/319201/000089161800000899/"
  },
  {
    "date": "1999-09-30",
    "symbol": "KLAC",
    "reportedCurrency": "USD",
    "cik": "0000319201",
    "fillingDate": "1999-11-12",
    "acceptedDate": "1999-11-12 00:00:00",
    "calendarYear": "2000",
    "period": "Q1",
    "revenue": 273000000,
    "costOfRevenue": 136100000,
    "grossProfit": 136900000,
    "grossProfitRatio": 0.5014652015,
    "researchAndDevelopmentExpenses": 46700000,
    "generalAndAdministrativeExpenses": 53400000,
    "sellingAndMarketingExpenses": 0,
    "sellingGeneralAndAdministrativeExpenses": 53400000,
    "otherExpenses": 100000,
    "operatingExpenses": 100200000,
    "costAndExpenses": 236300000,
    "interestIncome": 0,
    "interestExpense": 0,
    "depreciationAndAmortization": 12900000,
    "ebitda": 49600000,
    "ebitdaratio": 0.1816849817,
    "operatingIncome": 42700000,
    "operatingIncomeRatio": 0.1564102564,
    "totalOtherIncomeExpensesNet": 12700000,
    "incomeBeforeTax": 55400000,
    "incomeBeforeTaxRatio": 0.2029304029,
    "incomeTaxExpense": 15900000,
    "netIncome": 39500000,
    "netIncomeRatio": 0.1446886447,
    "eps": 0.22,
    "epsdiluted": 0.21,
    "weightedAverageShsOut": 179423000,
    "weightedAverageShsOutDil": 185028000,
    "link": "https://www.sec.gov/Archives/edgar/data/319201/000089161899005130/0000891618-99-005130-index.html",
    "finalLink": "https://www.sec.gov/Archives/edgar/data/319201/000089161899005130/"
  },
  {
    "date": "1999-06-30",
    "symbol": "KLAC",
    "reportedCurrency": "USD",
    "cik": "0000319201",
    "fillingDate": "1999-09-28",
    "acceptedDate": "1999-09-28 00:00:00",
    "calendarYear": "1999",
    "period": "Q4",
    "revenue": 233700000,
    "costOfRevenue": 118900000,
    "grossProfit": 114800000,
    "grossProfitRatio": 0.4912280702,
    "researchAndDevelopmentExpenses": 43800000,
    "generalAndAdministrativeExpenses": 48800000,
    "sellingAndMarketingExpenses": 0,
    "sellingGeneralAndAdministrativeExpenses": 48800000,
    "otherExpenses": -100000,
    "operatingExpenses": 92500000,
    "costAndExpenses": 211400000,
    "interestIncome": 0,
    "interestExpense": 0,
    "depreciationAndAmortization": 13100000,
    "ebitda": 35400000,
    "ebitdaratio": 0.1514762516,
    "operatingIncome": 22300000,
    "operatingIncomeRatio": 0.0954214805,
    "totalOtherIncomeExpensesNet": 13600000,
    "incomeBeforeTax": 35900000,
    "incomeBeforeTaxRatio": 0.1536157467,
    "incomeTaxExpense": 10100000,
    "netIncome": 25800000,
    "netIncomeRatio": 0.1103979461,
    "eps": 0.14,
    "epsdiluted": 0.14,
    "weightedAverageShsOut": 179423000,
    "weightedAverageShsOutDil": 185028000,
    "link": "https://www.sec.gov/Archives/edgar/data/319201/000089161899004364/0000891618-99-004364-index.html",
    "finalLink": "https://www.sec.gov/Archives/edgar/data/319201/000089161899004364/"
  },
  {
    "date": "1999-03-31",
    "symbol": "KLAC",
    "reportedCurrency": "USD",
    "cik": "0000319201",
    "fillingDate": "1999-05-10",
    "acceptedDate": "1999-05-10 00:00:00",
    "calendarYear": "1999",
    "period": "Q3",
    "revenue": 210900000,
    "costOfRevenue": 110700000,
    "grossProfit": 100200000,
    "grossProfitRatio": 0.4751066856,
    "researchAndDevelopmentExpenses": 39500000,
    "generalAndAdministrativeExpenses": 47800000,
    "sellingAndMarketingExpenses": 0,
    "sellingGeneralAndAdministrativeExpenses": 47800000,
    "otherExpenses": -100000,
    "operatingExpenses": 87200000,
    "costAndExpenses": 197900000,
    "interestIncome": 0,
    "interestExpense": 0,
    "depreciationAndAmortization": 13400000,
    "ebitda": 26400000,
    "ebitdaratio": 0.1251778094,
    "operatingIncome": 13000000,
    "operatingIncomeRatio": 0.061640588,
    "totalOtherIncomeExpensesNet": 15900000,
    "incomeBeforeTax": 28900000,
    "incomeBeforeTaxRatio": 0.1370317686,
    "incomeTaxExpense": 8100000,
    "netIncome": 20800000,
    "netIncomeRatio": 0.0986249407,
    "eps": 0.12,
    "epsdiluted": 0.11,
    "weightedAverageShsOut": 179423000,
    "weightedAverageShsOutDil": 185028000,
    "link": "https://www.sec.gov/Archives/edgar/data/319201/000089161899002078/0000891618-99-002078-index.html",
    "finalLink": "https://www.sec.gov/Archives/edgar/data/319201/"
  },
  {
    "date": "1998-12-31",
    "symbol": "KLAC",
    "reportedCurrency": "USD",
    "cik": "0000319201",
    "fillingDate": "1999-02-10",
    "acceptedDate": "1999-02-10 00:00:00",
    "calendarYear": "1999",
    "period": "Q2",
    "revenue": 193400000,
    "costOfRevenue": 104900000,
    "grossProfit": 88500000,
    "grossProfitRatio": 0.4576008273,
    "researchAndDevelopmentExpenses": 38500000,
    "generalAndAdministrativeExpenses": 50000000,
    "sellingAndMarketingExpenses": 0,
    "sellingGeneralAndAdministrativeExpenses": 50000000,
    "otherExpenses": 0,
    "operatingExpenses": 88500000,
    "costAndExpenses": 193400000,
    "interestIncome": 0,
    "interestExpense": 0,
    "depreciationAndAmortization": 10100000,
    "ebitda": 10100000,
    "ebitdaratio": 0.0522233713,
    "operatingIncome": -42700000,
    "operatingIncomeRatio": -0.2207859359,
    "totalOtherIncomeExpensesNet": 14100000,
    "incomeBeforeTax": -28600000,
    "incomeBeforeTaxRatio": -0.1478800414,
    "incomeTaxExpense": -11000000,
    "netIncome": -17600000,
    "netIncomeRatio": -0.0910031024,
    "eps": -0.0981,
    "epsdiluted": -0.0951,
    "weightedAverageShsOut": 179423000,
    "weightedAverageShsOutDil": 185028000,
    "link": "https://www.sec.gov/Archives/edgar/data/319201/000089161899000414/0000891618-99-000414-index.html",
    "finalLink": "https://www.sec.gov/Archives/edgar/data/319201/"
  },
  {
    "date": "1998-09-30",
    "symbol": "KLAC",
    "reportedCurrency": "USD",
    "cik": "0000319201",
    "fillingDate": "1998-11-16",
    "acceptedDate": "1998-11-16 00:00:00",
    "calendarYear": "1999",
    "period": "Q1",
    "revenue": 205200000,
    "costOfRevenue": 112700000,
    "grossProfit": 92500000,
    "grossProfitRatio": 0.4507797271,
    "researchAndDevelopmentExpenses": 42900000,
    "generalAndAdministrativeExpenses": 52600000,
    "sellingAndMarketingExpenses": 0,
    "sellingGeneralAndAdministrativeExpenses": 52600000,
    "otherExpenses": -100000,
    "operatingExpenses": 95400000,
    "costAndExpenses": 208100000,
    "interestIncome": 0,
    "interestExpense": 0,
    "depreciationAndAmortization": 11600000,
    "ebitda": 8700000,
    "ebitdaratio": 0.0423976608,
    "operatingIncome": -2900000,
    "operatingIncomeRatio": -0.0141325536,
    "totalOtherIncomeExpensesNet": 17100000,
    "incomeBeforeTax": 14100000,
    "incomeBeforeTaxRatio": 0.0687134503,
    "incomeTaxExpense": 4000000,
    "netIncome": 10200000,
    "netIncomeRatio": 0.0497076023,
    "eps": 0.03,
    "epsdiluted": 0.03,
    "weightedAverageShsOut": 174820000,
    "weightedAverageShsOutDil": 174820000,
    "link": "https://www.sec.gov/Archives/edgar/data/319201/000089161898004952/0000891618-98-004952-index.html",
    "finalLink": "https://www.sec.gov/Archives/edgar/data/319201/"
  },
  {
    "date": "1998-06-30",
    "symbol": "KLAC",
    "reportedCurrency": "USD",
    "cik": "0000319201",
    "fillingDate": "1998-09-28",
    "acceptedDate": "1998-09-28 00:00:00",
    "calendarYear": "1998",
    "period": "Q4",
    "revenue": 253400000,
    "costOfRevenue": 129700000,
    "grossProfit": 123700000,
    "grossProfitRatio": 0.4881610103,
    "researchAndDevelopmentExpenses": 43400000,
    "generalAndAdministrativeExpenses": 58600000,
    "sellingAndMarketingExpenses": 0,
    "sellingGeneralAndAdministrativeExpenses": 58600000,
    "otherExpenses": 0,
    "operatingExpenses": 102000000,
    "costAndExpenses": 231700000,
    "interestIncome": 0,
    "interestExpense": 0,
    "depreciationAndAmortization": 11000000,
    "ebitda": 32700000,
    "ebitdaratio": 0.1290449882,
    "operatingIncome": 2300000,
    "operatingIncomeRatio": 0.0090765588,
    "totalOtherIncomeExpensesNet": 11700000,
    "incomeBeforeTax": 14000000,
    "incomeBeforeTaxRatio": 0.0552486188,
    "incomeTaxExpense": 10700000,
    "netIncome": 3300000,
    "netIncomeRatio": 0.0130228887,
    "eps": 0.0094,
    "epsdiluted": 0.0094,
    "weightedAverageShsOut": 349368000,
    "weightedAverageShsOutDil": 349368000,
    "link": "https://www.sec.gov/Archives/edgar/data/319201/000089161898004336/0000891618-98-004336-index.html",
    "finalLink": "https://www.sec.gov/Archives/edgar/data/319201/"
  },
  {
    "date": "1998-03-31",
    "symbol": "KLAC",
    "reportedCurrency": "USD",
    "cik": "0000319201",
    "fillingDate": "1998-05-11",
    "acceptedDate": "1998-05-11 00:00:00",
    "calendarYear": "1998",
    "period": "Q3",
    "revenue": 274200000,
    "costOfRevenue": 134200000,
    "grossProfit": 140000000,
    "grossProfitRatio": 0.5105762217,
    "researchAndDevelopmentExpenses": 46100000,
    "generalAndAdministrativeExpenses": 60100000,
    "sellingAndMarketingExpenses": 0,
    "sellingGeneralAndAdministrativeExpenses": 60100000,
    "otherExpenses": 0,
    "operatingExpenses": 106200000,
    "costAndExpenses": 240400000,
    "interestIncome": 0,
    "interestExpense": 0,
    "depreciationAndAmortization": 9700000,
    "ebitda": 34700000,
    "ebitdaratio": 0.1265499635,
    "operatingIncome": 30700000,
    "operatingIncomeRatio": 0.1119620715,
    "totalOtherIncomeExpensesNet": 11900000,
    "incomeBeforeTax": 42600000,
    "incomeBeforeTaxRatio": 0.1553610503,
    "incomeTaxExpense": 13600000,
    "netIncome": 29000000,
    "netIncomeRatio": 0.1057622174,
    "eps": 0.085,
    "epsdiluted": 0.085,
    "weightedAverageShsOut": 339940000,
    "weightedAverageShsOutDil": 351140000,
    "link": "https://www.sec.gov/Archives/edgar/data/319201/000089161898002255/0000891618-98-002255-index.html",
    "finalLink": "https://www.sec.gov/Archives/edgar/data/319201/"
  },
  {
    "date": "1997-12-31",
    "symbol": "KLAC",
    "reportedCurrency": "USD",
    "cik": "0000319201",
    "fillingDate": "1998-02-12",
    "acceptedDate": "1998-02-12 00:00:00",
    "calendarYear": "1998",
    "period": "Q2",
    "revenue": 326400000,
    "costOfRevenue": 150300000,
    "grossProfit": 176100000,
    "grossProfitRatio": 0.5395220588,
    "researchAndDevelopmentExpenses": 47300000,
    "generalAndAdministrativeExpenses": 61600000,
    "sellingAndMarketingExpenses": 0,
    "sellingGeneralAndAdministrativeExpenses": 61600000,
    "otherExpenses": 0,
    "operatingExpenses": 108900000,
    "costAndExpenses": 259200000,
    "interestIncome": 0,
    "interestExpense": 0,
    "depreciationAndAmortization": 6300000,
    "ebitda": 73500000,
    "ebitdaratio": 0.2251838235,
    "operatingIncome": 67200000,
    "operatingIncomeRatio": 0.2058823529,
    "totalOtherIncomeExpensesNet": 0,
    "incomeBeforeTax": 67200000,
    "incomeBeforeTaxRatio": 0.2058823529,
    "incomeTaxExpense": 24500000,
    "netIncome": 52100000,
    "netIncomeRatio": 0.159620098,
    "eps": 0.16,
    "epsdiluted": 0.15,
    "weightedAverageShsOut": 338628000,
    "weightedAverageShsOutDil": 352420000,
    "link": "https://www.sec.gov/Archives/edgar/data/319201/000089161898000616/0000891618-98-000616-index.html",
    "finalLink": "https://www.sec.gov/Archives/edgar/data/319201/"
  },
  {
    "date": "1997-09-30",
    "symbol": "KLAC",
    "reportedCurrency": "USD",
    "cik": "0000319201",
    "fillingDate": "1997-11-13",
    "acceptedDate": "1997-11-13 00:00:00",
    "calendarYear": "1998",
    "period": "Q1",
    "revenue": 312400000,
    "costOfRevenue": 140800000,
    "grossProfit": 171600000,
    "grossProfitRatio": 0.5492957746,
    "researchAndDevelopmentExpenses": 45200000,
    "generalAndAdministrativeExpenses": 62100000,
    "sellingAndMarketingExpenses": 0,
    "sellingGeneralAndAdministrativeExpenses": 62100000,
    "otherExpenses": 0,
    "operatingExpenses": 107300000,
    "costAndExpenses": 248100000,
    "interestIncome": 0,
    "interestExpense": 0,
    "depreciationAndAmortization": 11900000,
    "ebitda": 76200000,
    "ebitdaratio": 0.2439180538,
    "operatingIncome": 64300000,
    "operatingIncomeRatio": 0.2058258643,
    "totalOtherIncomeExpensesNet": 8800000,
    "incomeBeforeTax": 73100000,
    "incomeBeforeTaxRatio": 0.2339948784,
    "incomeTaxExpense": 23400000,
    "netIncome": 49700000,
    "netIncomeRatio": 0.1590909091,
    "eps": 0.15,
    "epsdiluted": 0.14,
    "weightedAverageShsOut": 355132000,
    "weightedAverageShsOutDil": 355132000,
    "link": "https://www.sec.gov/Archives/edgar/data/319201/000089161897004618/0000891618-97-004618-index.html",
    "finalLink": "https://www.sec.gov/Archives/edgar/data/319201/"
  },
  {
    "date": "1997-06-30",
    "symbol": "KLAC",
    "reportedCurrency": "USD",
    "cik": "0000319201",
    "fillingDate": "1997-09-29",
    "acceptedDate": "1997-09-29 00:00:00",
    "calendarYear": "1997",
    "period": "Q4",
    "revenue": 558200000,
    "costOfRevenue": 247400000,
    "grossProfit": 310800000,
    "grossProfitRatio": 0.5567896811,
    "researchAndDevelopmentExpenses": 71900000,
    "generalAndAdministrativeExpenses": 125000000,
    "sellingAndMarketingExpenses": 0,
    "sellingGeneralAndAdministrativeExpenses": 125000000,
    "otherExpenses": 0,
    "operatingExpenses": 196900000,
    "costAndExpenses": 444300000,
    "interestIncome": 0,
    "interestExpense": 0,
    "depreciationAndAmortization": 35900000,
    "ebitda": 149800000,
    "ebitdaratio": 0.2683625941,
    "operatingIncome": 53300000,
    "operatingIncomeRatio": 0.0954854891,
    "totalOtherIncomeExpensesNet": 16100000,
    "incomeBeforeTax": 69400000,
    "incomeBeforeTaxRatio": 0.1243281978,
    "incomeTaxExpense": 33000000,
    "netIncome": 36400000,
    "netIncomeRatio": 0.0652096023,
    "eps": 0.1,
    "epsdiluted": 0.1,
    "weightedAverageShsOut": 355132000,
    "weightedAverageShsOutDil": 355132000,
    "link": "https://www.sec.gov/Archives/edgar/data/319201/000089161897003921/0000891618-97-003921-index.html",
    "finalLink": "https://www.sec.gov/Archives/edgar/data/319201/"
  },
  {
    "date": "1997-03-31",
    "symbol": "KLAC",
    "reportedCurrency": "USD",
    "cik": "0000319201",
    "fillingDate": "1997-05-14",
    "acceptedDate": "1997-05-14 00:00:00",
    "calendarYear": "1997",
    "period": "Q3",
    "revenue": 157800000,
    "costOfRevenue": 75300000,
    "grossProfit": 82500000,
    "grossProfitRatio": 0.5228136882,
    "researchAndDevelopmentExpenses": 22000000,
    "generalAndAdministrativeExpenses": 29600000,
    "sellingAndMarketingExpenses": 0,
    "sellingGeneralAndAdministrativeExpenses": 29600000,
    "otherExpenses": 100000,
    "operatingExpenses": 51700000,
    "costAndExpenses": 127000000,
    "interestIncome": 0,
    "interestExpense": 0,
    "depreciationAndAmortization": 5200000,
    "ebitda": 36000000,
    "ebitdaratio": 0.2281368821,
    "operatingIncome": 30800000,
    "operatingIncomeRatio": 0.1951837769,
    "totalOtherIncomeExpensesNet": 5100000,
    "incomeBeforeTax": 35900000,
    "incomeBeforeTaxRatio": 0.2275031686,
    "incomeTaxExpense": 12200000,
    "netIncome": 23700000,
    "netIncomeRatio": 0.1501901141,
    "eps": 0.12,
    "epsdiluted": 0.11,
    "weightedAverageShsOut": 215320000,
    "weightedAverageShsOutDil": 215320000,
    "link": "https://www.sec.gov/Archives/edgar/data/319201/000089161897002286/0000891618-97-002286-index.html",
    "finalLink": "https://www.sec.gov/Archives/edgar/data/319201/"
  },
  {
    "date": "1996-12-31",
    "symbol": "KLAC",
    "reportedCurrency": "USD",
    "cik": "0000319201",
    "fillingDate": "1997-02-12",
    "acceptedDate": "1997-02-12 00:00:00",
    "calendarYear": "1997",
    "period": "Q2",
    "revenue": 151700000,
    "costOfRevenue": 69300000,
    "grossProfit": 82400000,
    "grossProfitRatio": 0.5431773237,
    "researchAndDevelopmentExpenses": 0,
    "generalAndAdministrativeExpenses": 47900000,
    "sellingAndMarketingExpenses": 0,
    "sellingGeneralAndAdministrativeExpenses": 47900000,
    "otherExpenses": 5700000,
    "operatingExpenses": 53600000,
    "costAndExpenses": 122900000,
    "interestIncome": 0,
    "interestExpense": 0,
    "depreciationAndAmortization": 5700000,
    "ebitda": 59300000,
    "ebitdaratio": 0.3909030982,
    "operatingIncome": 28800000,
    "operatingIncomeRatio": 0.189848385,
    "totalOtherIncomeExpensesNet": 5300000,
    "incomeBeforeTax": 32300000,
    "incomeBeforeTaxRatio": 0.2129202373,
    "incomeTaxExpense": 11000000,
    "netIncome": 21300000,
    "netIncomeRatio": 0.1404087014,
    "eps": 0.11,
    "epsdiluted": 0.1,
    "weightedAverageShsOut": 102862000,
    "weightedAverageShsOutDil": 102862000,
    "link": "https://www.sec.gov/Archives/edgar/data/319201/000089161897000465/0000891618-97-000465-index.html",
    "finalLink": "https://www.sec.gov/Archives/edgar/data/319201/"
  },
  {
    "date": "1996-09-30",
    "symbol": "KLAC",
    "reportedCurrency": "USD",
    "cik": "0000319201",
    "fillingDate": "1996-11-12",
    "acceptedDate": "1996-11-12 00:00:00",
    "calendarYear": "1997",
    "period": "Q1",
    "revenue": 164200000,
    "costOfRevenue": 68700000,
    "grossProfit": 95500000,
    "grossProfitRatio": 0.5816077954,
    "researchAndDevelopmentExpenses": 0,
    "generalAndAdministrativeExpenses": 57100000,
    "sellingAndMarketingExpenses": 0,
    "sellingGeneralAndAdministrativeExpenses": 57100000,
    "otherExpenses": 5500000,
    "operatingExpenses": 62600000,
    "costAndExpenses": 131300000,
    "interestIncome": 0,
    "interestExpense": 0,
    "depreciationAndAmortization": 5500000,
    "ebitda": 68700000,
    "ebitdaratio": 0.4183922046,
    "operatingIncome": 32900000,
    "operatingIncomeRatio": 0.200365408,
    "totalOtherIncomeExpensesNet": 3500000,
    "incomeBeforeTax": 36400000,
    "incomeBeforeTaxRatio": 0.221680877,
    "incomeTaxExpense": 12400000,
    "netIncome": 24000000,
    "netIncomeRatio": 0.1461632156,
    "eps": 0.1,
    "epsdiluted": 0.1,
    "weightedAverageShsOut": 102130000,
    "weightedAverageShsOutDil": 102130000,
    "link": "https://www.sec.gov/Archives/edgar/data/319201/000089161896002641/0000891618-96-002641-index.html",
    "finalLink": "https://www.sec.gov/Archives/edgar/data/319201/"
  },
  {
    "date": "1996-06-30",
    "symbol": "KLAC",
    "reportedCurrency": "USD",
    "cik": "0000319201",
    "fillingDate": "1996-09-27",
    "acceptedDate": "1996-09-27 00:00:00",
    "calendarYear": "1996",
    "period": "Q4",
    "revenue": 192600000,
    "costOfRevenue": 83800000,
    "grossProfit": 108800000,
    "grossProfitRatio": 0.5649013499,
    "researchAndDevelopmentExpenses": 0,
    "generalAndAdministrativeExpenses": 55200000,
    "sellingAndMarketingExpenses": 0,
    "sellingGeneralAndAdministrativeExpenses": 55200000,
    "otherExpenses": 5600000,
    "operatingExpenses": 60800000,
    "costAndExpenses": 144600000,
    "interestIncome": 0,
    "interestExpense": 0,
    "depreciationAndAmortization": 5600000,
    "ebitda": 53600000,
    "ebitdaratio": 0.2782969886,
    "operatingIncome": 48000000,
    "operatingIncomeRatio": 0.2492211838,
    "totalOtherIncomeExpensesNet": 1800000,
    "incomeBeforeTax": 49800000,
    "incomeBeforeTaxRatio": 0.2585669782,
    "incomeTaxExpense": 17900000,
    "netIncome": 31900000,
    "netIncomeRatio": 0.1656282451,
    "eps": 0.31,
    "epsdiluted": 0.31,
    "weightedAverageShsOut": 102060000,
    "weightedAverageShsOutDil": 102130000,
    "link": "https://www.sec.gov/Archives/edgar/data/319201/000089161896002153/0000891618-96-002153-index.html",
    "finalLink": "https://www.sec.gov/Archives/edgar/data/319201/"
  },
  {
    "date": "1996-03-31",
    "symbol": "KLAC",
    "reportedCurrency": "USD",
    "cik": "0000319201",
    "fillingDate": "1996-05-15",
    "acceptedDate": "1996-05-15 00:00:00",
    "calendarYear": "1996",
    "period": "Q3",
    "revenue": 187500000,
    "costOfRevenue": 81000000,
    "grossProfit": 106500000,
    "grossProfitRatio": 0.568,
    "researchAndDevelopmentExpenses": 0,
    "generalAndAdministrativeExpenses": 54600000,
    "sellingAndMarketingExpenses": 0,
    "sellingGeneralAndAdministrativeExpenses": 54600000,
    "otherExpenses": 4200000,
    "operatingExpenses": 58800000,
    "costAndExpenses": 139800000,
    "interestIncome": 0,
    "interestExpense": 0,
    "depreciationAndAmortization": 4200000,
    "ebitda": 51900000,
    "ebitdaratio": 0.2768,
    "operatingIncome": 47700000,
    "operatingIncomeRatio": 0.2544,
    "totalOtherIncomeExpensesNet": 2000000,
    "incomeBeforeTax": 49700000,
    "incomeBeforeTaxRatio": 0.2650666667,
    "incomeTaxExpense": 17900000,
    "netIncome": 31800000,
    "netIncomeRatio": 0.1696,
    "eps": 0.16,
    "epsdiluted": 0.16,
    "weightedAverageShsOut": 101650000,
    "weightedAverageShsOutDil": 101650000,
    "link": "https://www.sec.gov/Archives/edgar/data/319201/000089161896000524/0000891618-96-000524-index.html",
    "finalLink": "https://www.sec.gov/Archives/edgar/data/319201/"
  },
  {
    "date": "1995-12-31",
    "symbol": "KLAC",
    "reportedCurrency": "USD",
    "cik": "0000319201",
    "fillingDate": "1996-02-13",
    "acceptedDate": "1996-02-13 00:00:00",
    "calendarYear": "1996",
    "period": "Q2",
    "revenue": 165800000,
    "costOfRevenue": 72300000,
    "grossProfit": 93500000,
    "grossProfitRatio": 0.5639324487,
    "researchAndDevelopmentExpenses": 0,
    "generalAndAdministrativeExpenses": 47400000,
    "sellingAndMarketingExpenses": 0,
    "sellingGeneralAndAdministrativeExpenses": 47400000,
    "otherExpenses": 3100000,
    "operatingExpenses": 50500000,
    "costAndExpenses": 122800000,
    "interestIncome": 0,
    "interestExpense": 0,
    "depreciationAndAmortization": 3100000,
    "ebitda": 46100000,
    "ebitdaratio": 0.2780458384,
    "operatingIncome": 43000000,
    "operatingIncomeRatio": 0.2593486128,
    "totalOtherIncomeExpensesNet": 3600000,
    "incomeBeforeTax": 46600000,
    "incomeBeforeTaxRatio": 0.2810615199,
    "incomeTaxExpense": 16800000,
    "netIncome": 29800000,
    "netIncomeRatio": 0.17973462,
    "eps": 0.14,
    "epsdiluted": 0.14,
    "weightedAverageShsOut": 101226000,
    "weightedAverageShsOutDil": 101226000,
    "link": "https://www.sec.gov/Archives/edgar/data/319201/000089161896000093/0000891618-96-000093-index.html",
    "finalLink": "https://www.sec.gov/Archives/edgar/data/319201/"
  },
  {
    "date": "1995-09-30",
    "symbol": "KLAC",
    "reportedCurrency": "USD",
    "cik": "0000319201",
    "fillingDate": "1995-10-27",
    "acceptedDate": "1995-10-27 00:00:00",
    "calendarYear": "1996",
    "period": "Q1",
    "revenue": 149100000,
    "costOfRevenue": 63300000,
    "grossProfit": 85800000,
    "grossProfitRatio": 0.5754527163,
    "researchAndDevelopmentExpenses": 0,
    "generalAndAdministrativeExpenses": 43500000,
    "sellingAndMarketingExpenses": 0,
    "sellingGeneralAndAdministrativeExpenses": 43500000,
    "otherExpenses": 3400000,
    "operatingExpenses": 46900000,
    "costAndExpenses": 110200000,
    "interestIncome": 0,
    "interestExpense": 0,
    "depreciationAndAmortization": 3400000,
    "ebitda": 42300000,
    "ebitdaratio": 0.2837022133,
    "operatingIncome": 38900000,
    "operatingIncomeRatio": 0.2608987257,
    "totalOtherIncomeExpensesNet": 3800000,
    "incomeBeforeTax": 42700000,
    "incomeBeforeTaxRatio": 0.2863849765,
    "incomeTaxExpense": 15400000,
    "netIncome": 27300000,
    "netIncomeRatio": 0.1830985915,
    "eps": 0.065,
    "epsdiluted": 0.065,
    "weightedAverageShsOut": 100544260,
    "weightedAverageShsOutDil": 100544260,
    "link": "https://www.sec.gov/Archives/edgar/data/319201/000089161895000630/0000891618-95-000630-index.html",
    "finalLink": "https://www.sec.gov/Archives/edgar/data/319201/"
  }
]