[
  {
    "date": "2025-06-30",
    "symbol": "KMB",
    "reportedCurrency": "USD",
    "cik": "0000055785",
    "fillingDate": "2025-08-01",
    "acceptedDate": "2025-08-01 11:16:39",
    "calendarYear": "2025",
    "period": "Q2",
    "revenue": 4163000000,
    "costOfRevenue": 2707000000,
    "grossProfit": 1456000000,
    "grossProfitRatio": 0.349747778,
    "researchAndDevelopmentExpenses": 0,
    "generalAndAdministrativeExpenses": 0,
    "sellingAndMarketingExpenses": 0,
    "sellingGeneralAndAdministrativeExpenses": 863000000,
    "otherExpenses": 1000000,
    "operatingExpenses": 864000000,
    "costAndExpenses": 3571000000,
    "interestIncome": 5000000,
    "interestExpense": 67000000,
    "depreciationAndAmortization": 222000000,
    "ebitda": 802000000,
    "ebitdaratio": 0.1926495316,
    "operatingIncome": 592000000,
    "operatingIncomeRatio": 0.1422051405,
    "totalOtherIncomeExpensesNet": -79000000,
    "incomeBeforeTax": 513000000,
    "incomeBeforeTaxRatio": 0.123228441,
    "incomeTaxExpense": 116000000,
    "netIncome": 509000000,
    "netIncomeRatio": 0.1222675955,
    "eps": 1.53,
    "epsdiluted": 1.53,
    "weightedAverageShsOut": 331800000,
    "weightedAverageShsOutDil": 333300000,
    "link": "https://www.sec.gov/Archives/edgar/data/55785/000005578525000080/0000055785-25-000080-index.htm",
    "finalLink": "https://www.sec.gov/Archives/edgar/data/55785/000005578525000080/kmb-20250630.htm"
  },
  {
    "date": "2025-03-31",
    "symbol": "KMB",
    "reportedCurrency": "USD",
    "cik": "0000055785",
    "fillingDate": "2025-04-22",
    "acceptedDate": "2025-04-22 11:36:55",
    "calendarYear": "2025",
    "period": "Q1",
    "revenue": 4840000000,
    "costOfRevenue": 3107000000,
    "grossProfit": 1733000000,
    "grossProfitRatio": 0.3580578512,
    "researchAndDevelopmentExpenses": 0,
    "generalAndAdministrativeExpenses": 0,
    "sellingAndMarketingExpenses": 0,
    "sellingGeneralAndAdministrativeExpenses": 941000000,
    "otherExpenses": 23000000,
    "operatingExpenses": 964000000,
    "costAndExpenses": 4071000000,
    "interestIncome": 7000000,
    "interestExpense": 64000000,
    "depreciationAndAmortization": 218000000,
    "ebitda": 976000000,
    "ebitdaratio": 0.2016528926,
    "operatingIncome": 769000000,
    "operatingIncomeRatio": 0.1588842975,
    "totalOtherIncomeExpensesNet": -75000000,
    "incomeBeforeTax": 694000000,
    "incomeBeforeTaxRatio": 0.1433884298,
    "incomeTaxExpense": 165000000,
    "netIncome": 567000000,
    "netIncomeRatio": 0.1171487603,
    "eps": 1.71,
    "epsdiluted": 1.7,
    "weightedAverageShsOut": 331800000,
    "weightedAverageShsOutDil": 333300000,
    "link": "https://www.sec.gov/Archives/edgar/data/55785/000005578525000039/0000055785-25-000039-index.htm",
    "finalLink": "https://www.sec.gov/Archives/edgar/data/55785/000005578525000039/kmb-20250331.htm"
  },
  {
    "date": "2024-12-31",
    "symbol": "KMB",
    "reportedCurrency": "USD",
    "cik": "0000055785",
    "fillingDate": "2025-02-13",
    "acceptedDate": "2025-02-13 14:18:14",
    "calendarYear": "2024",
    "period": "Q4",
    "revenue": 4928000000,
    "costOfRevenue": 3253000000,
    "grossProfit": 1675000000,
    "grossProfitRatio": 0.3398944805,
    "researchAndDevelopmentExpenses": 338000000,
    "generalAndAdministrativeExpenses": 0,
    "sellingAndMarketingExpenses": 0,
    "sellingGeneralAndAdministrativeExpenses": 1109000000,
    "otherExpenses": -320000000,
    "operatingExpenses": 1127000000,
    "costAndExpenses": 4380000000,
    "interestIncome": 11000000,
    "interestExpense": 64000000,
    "depreciationAndAmortization": 217000000,
    "ebitda": 760000000,
    "ebitdaratio": 0.1542207792,
    "operatingIncome": 548000000,
    "operatingIncomeRatio": 0.1112012987,
    "totalOtherIncomeExpensesNet": -69000000,
    "incomeBeforeTax": 479000000,
    "incomeBeforeTaxRatio": 0.0971996753,
    "incomeTaxExpense": 71000000,
    "netIncome": 447000000,
    "netIncomeRatio": 0.0907061688,
    "eps": 1.34,
    "epsdiluted": 1.34,
    "weightedAverageShsOut": 333582000,
    "weightedAverageShsOutDil": 334400000,
    "link": "https://www.sec.gov/Archives/edgar/data/55785/000005578525000013/0000055785-25-000013-index.htm",
    "finalLink": "https://www.sec.gov/Archives/edgar/data/55785/000005578525000013/kmb-20241231.htm"
  },
  {
    "date": "2024-09-30",
    "symbol": "KMB",
    "reportedCurrency": "USD",
    "cik": "0000055785",
    "fillingDate": "2024-10-22",
    "acceptedDate": "2024-10-22 12:06:13",
    "calendarYear": "2024",
    "period": "Q3",
    "revenue": 4952000000,
    "costOfRevenue": 3168000000,
    "grossProfit": 1784000000,
    "grossProfitRatio": 0.3602584814,
    "researchAndDevelopmentExpenses": 0,
    "generalAndAdministrativeExpenses": 0,
    "sellingAndMarketingExpenses": 0,
    "sellingGeneralAndAdministrativeExpenses": 1097000000,
    "otherExpenses": -467000000,
    "operatingExpenses": 630000000,
    "costAndExpenses": 3798000000,
    "interestIncome": 18000000,
    "interestExpense": 67000000,
    "depreciationAndAmortization": 191000000,
    "ebitda": 1348000000,
    "ebitdaratio": 0.2722132472,
    "operatingIncome": 1154000000,
    "operatingIncomeRatio": 0.2330371567,
    "totalOtherIncomeExpensesNet": -64000000,
    "incomeBeforeTax": 1090000000,
    "incomeBeforeTaxRatio": 0.2201130856,
    "incomeTaxExpense": 223000000,
    "netIncome": 907000000,
    "netIncomeRatio": 0.1831583199,
    "eps": 2.7,
    "epsdiluted": 2.69,
    "weightedAverageShsOut": 335700000,
    "weightedAverageShsOutDil": 337200000,
    "link": "https://www.sec.gov/Archives/edgar/data/55785/000005578524000094/0000055785-24-000094-index.htm",
    "finalLink": "https://www.sec.gov/Archives/edgar/data/55785/000005578524000094/kmb-20240930.htm"
  },
  {
    "date": "2024-06-30",
    "symbol": "KMB",
    "reportedCurrency": "USD",
    "cik": "0000055785",
    "fillingDate": "2024-07-23",
    "acceptedDate": "2024-07-23 09:24:27",
    "calendarYear": "2024",
    "period": "Q2",
    "revenue": 5029000000,
    "costOfRevenue": 3219000000,
    "grossProfit": 1810000000,
    "grossProfitRatio": 0.3599125075,
    "researchAndDevelopmentExpenses": 0,
    "generalAndAdministrativeExpenses": 0,
    "sellingAndMarketingExpenses": 0,
    "sellingGeneralAndAdministrativeExpenses": 1066000000,
    "otherExpenses": 89000000,
    "operatingExpenses": 1155000000,
    "costAndExpenses": 4374000000,
    "interestIncome": 9000000,
    "interestExpense": 72000000,
    "depreciationAndAmortization": 188000000,
    "ebitda": 837000000,
    "ebitdaratio": 0.1664346789,
    "operatingIncome": 655000000,
    "operatingIncomeRatio": 0.1302445814,
    "totalOtherIncomeExpensesNet": -78000000,
    "incomeBeforeTax": 577000000,
    "incomeBeforeTaxRatio": 0.1147345397,
    "incomeTaxExpense": 87000000,
    "netIncome": 544000000,
    "netIncomeRatio": 0.1081725989,
    "eps": 1.61,
    "epsdiluted": 1.61,
    "weightedAverageShsOut": 337100000,
    "weightedAverageShsOutDil": 338000000,
    "link": "https://www.sec.gov/Archives/edgar/data/55785/000005578524000085/0000055785-24-000085-index.htm",
    "finalLink": "https://www.sec.gov/Archives/edgar/data/55785/000005578524000085/kmb-20240630.htm"
  },
  {
    "date": "2024-03-31",
    "symbol": "KMB",
    "reportedCurrency": "USD",
    "cik": "0000055785",
    "fillingDate": "2024-04-23",
    "acceptedDate": "2024-04-23 09:28:23",
    "calendarYear": "2024",
    "period": "Q1",
    "revenue": 5149000000,
    "costOfRevenue": 3238000000,
    "grossProfit": 1911000000,
    "grossProfitRatio": 0.3711400272,
    "researchAndDevelopmentExpenses": 0,
    "generalAndAdministrativeExpenses": 0,
    "sellingAndMarketingExpenses": 0,
    "sellingGeneralAndAdministrativeExpenses": 1039000000,
    "otherExpenses": 19000000,
    "operatingExpenses": 1058000000,
    "costAndExpenses": 4296000000,
    "interestIncome": 10000000,
    "interestExpense": 67000000,
    "depreciationAndAmortization": 185000000,
    "ebitda": 1033000000,
    "ebitdaratio": 0.2006214799,
    "operatingIncome": 853000000,
    "operatingIncomeRatio": 0.1656632356,
    "totalOtherIncomeExpensesNet": -72000000,
    "incomeBeforeTax": 781000000,
    "incomeBeforeTaxRatio": 0.1516799379,
    "incomeTaxExpense": 184000000,
    "netIncome": 647000000,
    "netIncomeRatio": 0.1256554671,
    "eps": 1.92,
    "epsdiluted": 1.91,
    "weightedAverageShsOut": 336900000,
    "weightedAverageShsOutDil": 338300000,
    "link": "https://www.sec.gov/Archives/edgar/data/55785/000005578524000054/0000055785-24-000054-index.htm",
    "finalLink": "https://www.sec.gov/Archives/edgar/data/55785/000005578524000054/kmb-20240331.htm"
  },
  {
    "date": "2023-12-31",
    "symbol": "KMB",
    "reportedCurrency": "USD",
    "cik": "0000055785",
    "fillingDate": "2024-02-08",
    "acceptedDate": "2024-02-08 14:51:14",
    "calendarYear": "2023",
    "period": "Q4",
    "revenue": 4970000000,
    "costOfRevenue": 3233000000,
    "grossProfit": 1737000000,
    "grossProfitRatio": 0.3494969819,
    "researchAndDevelopmentExpenses": 312000000,
    "generalAndAdministrativeExpenses": 0,
    "sellingAndMarketingExpenses": 0,
    "sellingGeneralAndAdministrativeExpenses": 993000000,
    "otherExpenses": -238000000,
    "operatingExpenses": 1067000000,
    "costAndExpenses": 4300000000,
    "interestIncome": 32000000,
    "interestExpense": 70000000,
    "depreciationAndAmortization": 187000000,
    "ebitda": 871000000,
    "ebitdaratio": 0.1752515091,
    "operatingIncome": 670000000,
    "operatingIncomeRatio": 0.1348088531,
    "totalOtherIncomeExpensesNet": -56000000,
    "incomeBeforeTax": 614000000,
    "incomeBeforeTaxRatio": 0.1235412475,
    "incomeTaxExpense": 155000000,
    "netIncome": 509000000,
    "netIncomeRatio": 0.1024144869,
    "eps": 1.51,
    "epsdiluted": 1.5,
    "weightedAverageShsOut": 337086092,
    "weightedAverageShsOutDil": 339000000,
    "link": "https://www.sec.gov/Archives/edgar/data/55785/000005578524000018/0000055785-24-000018-index.htm",
    "finalLink": "https://www.sec.gov/Archives/edgar/data/55785/000005578524000018/kmb-20231231.htm"
  },
  {
    "date": "2023-09-30",
    "symbol": "KMB",
    "reportedCurrency": "USD",
    "cik": "0000055785",
    "fillingDate": "2023-10-24",
    "acceptedDate": "2023-10-24 10:03:34",
    "calendarYear": "2023",
    "period": "Q3",
    "revenue": 5132000000,
    "costOfRevenue": 3294000000,
    "grossProfit": 1838000000,
    "grossProfitRatio": 0.3581449727,
    "researchAndDevelopmentExpenses": 0,
    "generalAndAdministrativeExpenses": 0,
    "sellingAndMarketingExpenses": 0,
    "sellingGeneralAndAdministrativeExpenses": 1029000000,
    "otherExpenses": 35000000,
    "operatingExpenses": 1064000000,
    "costAndExpenses": 4358000000,
    "interestIncome": 18000000,
    "interestExpense": 74000000,
    "depreciationAndAmortization": 189000000,
    "ebitda": 961000000,
    "ebitdaratio": 0.1872564302,
    "operatingIncome": 774000000,
    "operatingIncomeRatio": 0.1508183944,
    "totalOtherIncomeExpensesNet": -76000000,
    "incomeBeforeTax": 698000000,
    "incomeBeforeTaxRatio": 0.1360093531,
    "incomeTaxExpense": 157000000,
    "netIncome": 587000000,
    "netIncomeRatio": 0.1143803585,
    "eps": 1.74,
    "epsdiluted": 1.73,
    "weightedAverageShsOut": 338100000,
    "weightedAverageShsOutDil": 338900000,
    "link": "https://www.sec.gov/Archives/edgar/data/55785/000005578523000064/0000055785-23-000064-index.htm",
    "finalLink": "https://www.sec.gov/Archives/edgar/data/55785/000005578523000064/kmb-20230930.htm"
  },
  {
    "date": "2023-06-30",
    "symbol": "KMB",
    "reportedCurrency": "USD",
    "cik": "0000055785",
    "fillingDate": "2023-07-25",
    "acceptedDate": "2023-07-25 09:54:12",
    "calendarYear": "2023",
    "period": "Q2",
    "revenue": 5134000000,
    "costOfRevenue": 3403000000,
    "grossProfit": 1731000000,
    "grossProfitRatio": 0.3371640047,
    "researchAndDevelopmentExpenses": 0,
    "generalAndAdministrativeExpenses": 0,
    "sellingAndMarketingExpenses": 0,
    "sellingGeneralAndAdministrativeExpenses": 1015000000,
    "otherExpenses": 603000000,
    "operatingExpenses": 1618000000,
    "costAndExpenses": 5021000000,
    "interestIncome": 9000000,
    "interestExpense": 76000000,
    "depreciationAndAmortization": 189000000,
    "ebitda": 269000000,
    "ebitdaratio": 0.0523957928,
    "operatingIncome": 113000000,
    "operatingIncomeRatio": 0.0220101286,
    "totalOtherIncomeExpensesNet": -109000000,
    "incomeBeforeTax": 4000000,
    "incomeBeforeTaxRatio": 0.0007791196,
    "incomeTaxExpense": -32000000,
    "netIncome": 102000000,
    "netIncomeRatio": 0.0198675497,
    "eps": 0.3,
    "epsdiluted": 0.3,
    "weightedAverageShsOut": 338000000,
    "weightedAverageShsOutDil": 338900000,
    "link": "https://www.sec.gov/Archives/edgar/data/55785/000005578523000054/0000055785-23-000054-index.htm",
    "finalLink": "https://www.sec.gov/Archives/edgar/data/55785/000005578523000054/kmb-20230630.htm"
  },
  {
    "date": "2023-03-31",
    "symbol": "KMB",
    "reportedCurrency": "USD",
    "cik": "0000055785",
    "fillingDate": "2023-04-25",
    "acceptedDate": "2023-04-25 10:20:26",
    "calendarYear": "2023",
    "period": "Q1",
    "revenue": 5195000000,
    "costOfRevenue": 3469000000,
    "grossProfit": 1726000000,
    "grossProfitRatio": 0.3322425409,
    "researchAndDevelopmentExpenses": 0,
    "generalAndAdministrativeExpenses": 0,
    "sellingAndMarketingExpenses": 0,
    "sellingGeneralAndAdministrativeExpenses": 924000000,
    "otherExpenses": 15000000,
    "operatingExpenses": 939000000,
    "costAndExpenses": 4408000000,
    "interestIncome": 7000000,
    "interestExpense": 73000000,
    "depreciationAndAmortization": 188000000,
    "ebitda": 966000000,
    "ebitdaratio": 0.1859480269,
    "operatingIncome": 787000000,
    "operatingIncomeRatio": 0.1514918191,
    "totalOtherIncomeExpensesNet": -82000000,
    "incomeBeforeTax": 705000000,
    "incomeBeforeTaxRatio": 0.135707411,
    "incomeTaxExpense": 173000000,
    "netIncome": 566000000,
    "netIncomeRatio": 0.1089509143,
    "eps": 1.68,
    "epsdiluted": 1.67,
    "weightedAverageShsOut": 337500000,
    "weightedAverageShsOutDil": 338600000,
    "link": "https://www.sec.gov/Archives/edgar/data/55785/000005578523000029/0000055785-23-000029-index.htm",
    "finalLink": "https://www.sec.gov/Archives/edgar/data/55785/000005578523000029/kmb-20230331.htm"
  },
  {
    "date": "2022-12-31",
    "symbol": "KMB",
    "reportedCurrency": "USD",
    "cik": "0000055785",
    "fillingDate": "2023-02-09",
    "acceptedDate": "2023-02-09 10:51:30",
    "calendarYear": "2022",
    "period": "Q4",
    "revenue": 4964000000,
    "costOfRevenue": 3337000000,
    "grossProfit": 1627000000,
    "grossProfitRatio": 0.3277598711,
    "researchAndDevelopmentExpenses": 292000000,
    "generalAndAdministrativeExpenses": 0,
    "sellingAndMarketingExpenses": 0,
    "sellingGeneralAndAdministrativeExpenses": 916000000,
    "otherExpenses": -293000000,
    "operatingExpenses": 915000000,
    "costAndExpenses": 4252000000,
    "interestIncome": 7000000,
    "interestExpense": 76000000,
    "depreciationAndAmortization": 186000000,
    "ebitda": 881000000,
    "ebitdaratio": 0.1774778405,
    "operatingIncome": 712000000,
    "operatingIncomeRatio": 0.1434327156,
    "totalOtherIncomeExpensesNet": -93000000,
    "incomeBeforeTax": 619000000,
    "incomeBeforeTaxRatio": 0.1246978243,
    "incomeTaxExpense": 139000000,
    "netIncome": 507000000,
    "netIncomeRatio": 0.1021353747,
    "eps": 1.5,
    "epsdiluted": 1.5,
    "weightedAverageShsOut": 337462000,
    "weightedAverageShsOutDil": 338500000,
    "link": "https://www.sec.gov/Archives/edgar/data/55785/000005578523000012/0000055785-23-000012-index.htm",
    "finalLink": "https://www.sec.gov/Archives/edgar/data/55785/000005578523000012/kmb-20221231.htm"
  },
  {
    "date": "2022-09-30",
    "symbol": "KMB",
    "reportedCurrency": "USD",
    "cik": "0000055785",
    "fillingDate": "2022-10-25",
    "acceptedDate": "2022-10-25 11:06:00",
    "calendarYear": "2022",
    "period": "Q3",
    "revenue": 5053000000,
    "costOfRevenue": 3510000000,
    "grossProfit": 1543000000,
    "grossProfitRatio": 0.3053631506,
    "researchAndDevelopmentExpenses": 0,
    "generalAndAdministrativeExpenses": 0,
    "sellingAndMarketingExpenses": 0,
    "sellingGeneralAndAdministrativeExpenses": 873000000,
    "otherExpenses": 15000000,
    "operatingExpenses": 888000000,
    "costAndExpenses": 4398000000,
    "interestIncome": 4000000,
    "interestExpense": 73000000,
    "depreciationAndAmortization": 188000000,
    "ebitda": 829000000,
    "ebitdaratio": 0.1640609539,
    "operatingIncome": 655000000,
    "operatingIncomeRatio": 0.1296259648,
    "totalOtherIncomeExpensesNet": -87000000,
    "incomeBeforeTax": 568000000,
    "incomeBeforeTaxRatio": 0.1124084702,
    "incomeTaxExpense": 127000000,
    "netIncome": 467000000,
    "netIncomeRatio": 0.0924203443,
    "eps": 1.38,
    "epsdiluted": 1.38,
    "weightedAverageShsOut": 337600000,
    "weightedAverageShsOutDil": 338300000,
    "link": "https://www.sec.gov/Archives/edgar/data/55785/000005578522000074/0000055785-22-000074-index.htm",
    "finalLink": "https://www.sec.gov/Archives/edgar/data/55785/000005578522000074/kmb-20220930.htm"
  },
  {
    "date": "2022-06-30",
    "symbol": "KMB",
    "reportedCurrency": "USD",
    "cik": "0000055785",
    "fillingDate": "2022-07-26",
    "acceptedDate": "2022-07-26 11:44:13",
    "calendarYear": "2022",
    "period": "Q2",
    "revenue": 5063000000,
    "costOfRevenue": 3534000000,
    "grossProfit": 1529000000,
    "grossProfitRatio": 0.3019948647,
    "researchAndDevelopmentExpenses": 0,
    "generalAndAdministrativeExpenses": 0,
    "sellingAndMarketingExpenses": 0,
    "sellingGeneralAndAdministrativeExpenses": 906000000,
    "otherExpenses": 2000000,
    "operatingExpenses": 908000000,
    "costAndExpenses": 4442000000,
    "interestIncome": 1000000,
    "interestExpense": 68000000,
    "depreciationAndAmortization": 192000000,
    "ebitda": 787000000,
    "ebitdaratio": 0.1554414379,
    "operatingIncome": 621000000,
    "operatingIncomeRatio": 0.1226545526,
    "totalOtherIncomeExpensesNet": -94000000,
    "incomeBeforeTax": 527000000,
    "incomeBeforeTaxRatio": 0.1040884851,
    "incomeTaxExpense": 115000000,
    "netIncome": 437000000,
    "netIncomeRatio": 0.086312463,
    "eps": 1.3,
    "epsdiluted": 1.29,
    "weightedAverageShsOut": 337400000,
    "weightedAverageShsOutDil": 338300000,
    "link": "https://www.sec.gov/Archives/edgar/data/55785/000005578522000055/0000055785-22-000055-index.htm",
    "finalLink": "https://www.sec.gov/Archives/edgar/data/55785/000005578522000055/kmb-20220630.htm"
  },
  {
    "date": "2022-03-31",
    "symbol": "KMB",
    "reportedCurrency": "USD",
    "cik": "0000055785",
    "fillingDate": "2022-04-22",
    "acceptedDate": "2022-04-22 12:36:45",
    "calendarYear": "2022",
    "period": "Q1",
    "revenue": 5095000000,
    "costOfRevenue": 3575000000,
    "grossProfit": 1520000000,
    "grossProfitRatio": 0.2983316977,
    "researchAndDevelopmentExpenses": 0,
    "generalAndAdministrativeExpenses": 0,
    "sellingAndMarketingExpenses": 0,
    "sellingGeneralAndAdministrativeExpenses": 886000000,
    "otherExpenses": -59000000,
    "operatingExpenses": 827000000,
    "costAndExpenses": 4402000000,
    "interestIncome": 2000000,
    "interestExpense": 65000000,
    "depreciationAndAmortization": 188000000,
    "ebitda": 879000000,
    "ebitdaratio": 0.1725220805,
    "operatingIncome": 693000000,
    "operatingIncomeRatio": 0.1360157017,
    "totalOtherIncomeExpensesNet": -67000000,
    "incomeBeforeTax": 626000000,
    "incomeBeforeTaxRatio": 0.1228655545,
    "incomeTaxExpense": 114000000,
    "netIncome": 523000000,
    "netIncomeRatio": 0.1026496565,
    "eps": 1.55,
    "epsdiluted": 1.55,
    "weightedAverageShsOut": 337000000,
    "weightedAverageShsOutDil": 338200000,
    "link": "https://www.sec.gov/Archives/edgar/data/55785/000005578522000035/0000055785-22-000035-index.htm",
    "finalLink": "https://www.sec.gov/Archives/edgar/data/55785/000005578522000035/kmb-20220331.htm"
  },
  {
    "date": "2021-12-31",
    "symbol": "KMB",
    "reportedCurrency": "USD",
    "cik": "0000055785",
    "fillingDate": "2022-02-10",
    "acceptedDate": "2022-02-10 16:44:32",
    "calendarYear": "2021",
    "period": "Q4",
    "revenue": 4965000000,
    "costOfRevenue": 3529000000,
    "grossProfit": 1436000000,
    "grossProfitRatio": 0.289224572,
    "researchAndDevelopmentExpenses": 269000000,
    "generalAndAdministrativeExpenses": 0,
    "sellingAndMarketingExpenses": 0,
    "sellingGeneralAndAdministrativeExpenses": 876000000,
    "otherExpenses": -230000000,
    "operatingExpenses": 915000000,
    "costAndExpenses": 4444000000,
    "interestIncome": 2000000,
    "interestExpense": 64000000,
    "depreciationAndAmortization": 194000000,
    "ebitda": 702000000,
    "ebitdaratio": 0.1413897281,
    "operatingIncome": 521000000,
    "operatingIncomeRatio": 0.1049345418,
    "totalOtherIncomeExpensesNet": -77000000,
    "incomeBeforeTax": 444000000,
    "incomeBeforeTaxRatio": 0.0894259819,
    "incomeTaxExpense": 93000000,
    "netIncome": 357000000,
    "netIncomeRatio": 0.0719033233,
    "eps": 1.06,
    "epsdiluted": 1.06,
    "weightedAverageShsOut": 336800000,
    "weightedAverageShsOutDil": 338200000,
    "link": "https://www.sec.gov/Archives/edgar/data/55785/000005578522000010/0000055785-22-000010-index.htm",
    "finalLink": "https://www.sec.gov/Archives/edgar/data/55785/000005578522000010/kmb-20211231.htm"
  },
  {
    "date": "2021-09-30",
    "symbol": "KMB",
    "reportedCurrency": "USD",
    "cik": "0000055785",
    "fillingDate": "2021-10-25",
    "acceptedDate": "2021-10-25 11:16:22",
    "calendarYear": "2021",
    "period": "Q3",
    "revenue": 5010000000,
    "costOfRevenue": 3527000000,
    "grossProfit": 1483000000,
    "grossProfitRatio": 0.296007984,
    "researchAndDevelopmentExpenses": 0,
    "generalAndAdministrativeExpenses": 0,
    "sellingAndMarketingExpenses": 0,
    "sellingGeneralAndAdministrativeExpenses": 819000000,
    "otherExpenses": 7000000,
    "operatingExpenses": 826000000,
    "costAndExpenses": 4353000000,
    "interestIncome": 1000000,
    "interestExpense": 64000000,
    "depreciationAndAmortization": 194000000,
    "ebitda": 842000000,
    "ebitdaratio": 0.1680638723,
    "operatingIncome": 657000000,
    "operatingIncomeRatio": 0.1311377246,
    "totalOtherIncomeExpensesNet": -73000000,
    "incomeBeforeTax": 584000000,
    "incomeBeforeTaxRatio": 0.1165668663,
    "incomeTaxExpense": 126000000,
    "netIncome": 469000000,
    "netIncomeRatio": 0.0936127745,
    "eps": 1.39,
    "epsdiluted": 1.39,
    "weightedAverageShsOut": 336800000,
    "weightedAverageShsOutDil": 337500000,
    "link": "https://www.sec.gov/Archives/edgar/data/55785/000005578521000091/0000055785-21-000091-index.htm",
    "finalLink": "https://www.sec.gov/Archives/edgar/data/55785/000005578521000091/kmb-20210930.htm"
  },
  {
    "date": "2021-06-30",
    "symbol": "KMB",
    "reportedCurrency": "USD",
    "cik": "0000055785",
    "fillingDate": "2021-07-23",
    "acceptedDate": "2021-07-23 11:13:48",
    "calendarYear": "2021",
    "period": "Q2",
    "revenue": 4722000000,
    "costOfRevenue": 3242000000,
    "grossProfit": 1480000000,
    "grossProfitRatio": 0.3134265142,
    "researchAndDevelopmentExpenses": 0,
    "generalAndAdministrativeExpenses": 0,
    "sellingAndMarketingExpenses": 0,
    "sellingGeneralAndAdministrativeExpenses": 854000000,
    "otherExpenses": 13000000,
    "operatingExpenses": 867000000,
    "costAndExpenses": 4109000000,
    "interestIncome": 2000000,
    "interestExpense": 65000000,
    "depreciationAndAmortization": 189000000,
    "ebitda": 749000000,
    "ebitdaratio": 0.1586192291,
    "operatingIncome": 613000000,
    "operatingIncomeRatio": 0.1298178738,
    "totalOtherIncomeExpensesNet": -118000000,
    "incomeBeforeTax": 495000000,
    "incomeBeforeTaxRatio": 0.1048284625,
    "incomeTaxExpense": 113000000,
    "netIncome": 404000000,
    "netIncomeRatio": 0.0855569674,
    "eps": 1.2,
    "epsdiluted": 1.19,
    "weightedAverageShsOut": 337300000,
    "weightedAverageShsOutDil": 338300000,
    "link": "https://www.sec.gov/Archives/edgar/data/55785/000005578521000073/0000055785-21-000073-index.htm",
    "finalLink": "https://www.sec.gov/Archives/edgar/data/55785/000005578521000073/kmb-20210630.htm"
  },
  {
    "date": "2021-03-31",
    "symbol": "KMB",
    "reportedCurrency": "USD",
    "cik": "0000055785",
    "fillingDate": "2021-04-23",
    "acceptedDate": "2021-04-23 11:04:20",
    "calendarYear": "2021",
    "period": "Q1",
    "revenue": 4743000000,
    "costOfRevenue": 3154000000,
    "grossProfit": 1589000000,
    "grossProfitRatio": 0.3350200295,
    "researchAndDevelopmentExpenses": 0,
    "generalAndAdministrativeExpenses": 0,
    "sellingAndMarketingExpenses": 0,
    "sellingGeneralAndAdministrativeExpenses": 815000000,
    "otherExpenses": 4000000,
    "operatingExpenses": 819000000,
    "costAndExpenses": 3973000000,
    "interestIncome": 1000000,
    "interestExpense": 63000000,
    "depreciationAndAmortization": 189000000,
    "ebitda": 954000000,
    "ebitdaratio": 0.2011385199,
    "operatingIncome": 770000000,
    "operatingIncomeRatio": 0.1623445077,
    "totalOtherIncomeExpensesNet": -68000000,
    "incomeBeforeTax": 702000000,
    "incomeBeforeTaxRatio": 0.1480075901,
    "incomeTaxExpense": 147000000,
    "netIncome": 584000000,
    "netIncomeRatio": 0.1231288214,
    "eps": 1.73,
    "epsdiluted": 1.72,
    "weightedAverageShsOut": 338200000,
    "weightedAverageShsOutDil": 339400000,
    "link": "https://www.sec.gov/Archives/edgar/data/55785/000005578521000037/0000055785-21-000037-index.htm",
    "finalLink": "https://www.sec.gov/Archives/edgar/data/55785/000005578521000037/kmb-20210331.htm"
  },
  {
    "date": "2020-12-31",
    "symbol": "KMB",
    "reportedCurrency": "USD",
    "cik": "0000055785",
    "fillingDate": "2021-02-11",
    "acceptedDate": "2021-02-11 13:31:23",
    "calendarYear": "2020",
    "period": "Q4",
    "revenue": 4836000000,
    "costOfRevenue": 3126000000,
    "grossProfit": 1710000000,
    "grossProfitRatio": 0.3535980149,
    "researchAndDevelopmentExpenses": 276000000,
    "generalAndAdministrativeExpenses": 0,
    "sellingAndMarketingExpenses": 0,
    "sellingGeneralAndAdministrativeExpenses": 962000000,
    "otherExpenses": -275000000,
    "operatingExpenses": 961000000,
    "costAndExpenses": 4087000000,
    "interestIncome": 2000000,
    "interestExpense": 64000000,
    "depreciationAndAmortization": 190000000,
    "ebitda": 928000000,
    "ebitdaratio": 0.1918941274,
    "operatingIncome": 749000000,
    "operatingIncomeRatio": 0.1548800662,
    "totalOtherIncomeExpensesNet": -75000000,
    "incomeBeforeTax": 674000000,
    "incomeBeforeTaxRatio": 0.1393713813,
    "incomeTaxExpense": 166000000,
    "netIncome": 539000000,
    "netIncomeRatio": 0.1114557486,
    "eps": 1.59,
    "epsdiluted": 1.58,
    "weightedAverageShsOut": 338700000,
    "weightedAverageShsOutDil": 341100000,
    "link": "https://www.sec.gov/Archives/edgar/data/55785/000005578521000016/0000055785-21-000016-index.htm",
    "finalLink": "https://www.sec.gov/Archives/edgar/data/55785/000005578521000016/kmb-20201231.htm"
  },
  {
    "date": "2020-09-30",
    "symbol": "KMB",
    "reportedCurrency": "USD",
    "cik": "0000055785",
    "fillingDate": "2020-10-22",
    "acceptedDate": "2020-10-22 11:00:12",
    "calendarYear": "2020",
    "period": "Q3",
    "revenue": 4683000000,
    "costOfRevenue": 3093000000,
    "grossProfit": 1590000000,
    "grossProfitRatio": 0.3395259449,
    "researchAndDevelopmentExpenses": 0,
    "generalAndAdministrativeExpenses": 0,
    "sellingAndMarketingExpenses": 0,
    "sellingGeneralAndAdministrativeExpenses": 919000000,
    "otherExpenses": 5000000,
    "operatingExpenses": 924000000,
    "costAndExpenses": 4017000000,
    "interestIncome": 2000000,
    "interestExpense": 62000000,
    "depreciationAndAmortization": 192000000,
    "ebitda": 820000000,
    "ebitdaratio": 0.1751014307,
    "operatingIncome": 666000000,
    "operatingIncomeRatio": 0.1422165279,
    "totalOtherIncomeExpensesNet": -100000000,
    "incomeBeforeTax": 566000000,
    "incomeBeforeTaxRatio": 0.1208626949,
    "incomeTaxExpense": 114000000,
    "netIncome": 472000000,
    "netIncomeRatio": 0.1007900918,
    "eps": 1.38,
    "epsdiluted": 1.38,
    "weightedAverageShsOut": 341000000,
    "weightedAverageShsOutDil": 342300000,
    "link": "https://www.sec.gov/Archives/edgar/data/55785/000005578520000074/0000055785-20-000074-index.htm",
    "finalLink": "https://www.sec.gov/Archives/edgar/data/55785/000005578520000074/kmb-20200930.htm"
  },
  {
    "date": "2020-06-30",
    "symbol": "KMB",
    "reportedCurrency": "USD",
    "cik": "0000055785",
    "fillingDate": "2020-07-23",
    "acceptedDate": "2020-07-23 11:16:29",
    "calendarYear": "2020",
    "period": "Q2",
    "revenue": 4612000000,
    "costOfRevenue": 2835000000,
    "grossProfit": 1777000000,
    "grossProfitRatio": 0.3852992194,
    "researchAndDevelopmentExpenses": 0,
    "generalAndAdministrativeExpenses": 0,
    "sellingAndMarketingExpenses": 0,
    "sellingGeneralAndAdministrativeExpenses": 844000000,
    "otherExpenses": 8000000,
    "operatingExpenses": 852000000,
    "costAndExpenses": 3687000000,
    "interestIncome": 2000000,
    "interestExpense": 65000000,
    "depreciationAndAmortization": 201000000,
    "ebitda": 1122000000,
    "ebitdaratio": 0.2432784042,
    "operatingIncome": 925000000,
    "operatingIncomeRatio": 0.2005637467,
    "totalOtherIncomeExpensesNet": -69000000,
    "incomeBeforeTax": 856000000,
    "incomeBeforeTaxRatio": 0.1856027754,
    "incomeTaxExpense": 199000000,
    "netIncome": 681000000,
    "netIncomeRatio": 0.1476582827,
    "eps": 2,
    "epsdiluted": 1.99,
    "weightedAverageShsOut": 340900000,
    "weightedAverageShsOutDil": 341900000,
    "link": "https://www.sec.gov/Archives/edgar/data/55785/000005578520000053/0000055785-20-000053-index.htm",
    "finalLink": "https://www.sec.gov/Archives/edgar/data/55785/000005578520000053/kmb-20200630.htm"
  },
  {
    "date": "2020-03-31",
    "symbol": "KMB",
    "reportedCurrency": "USD",
    "cik": "0000055785",
    "fillingDate": "2020-04-22",
    "acceptedDate": "2020-04-22 11:21:44",
    "calendarYear": "2020",
    "period": "Q1",
    "revenue": 5009000000,
    "costOfRevenue": 3218000000,
    "grossProfit": 1791000000,
    "grossProfitRatio": 0.3575563985,
    "researchAndDevelopmentExpenses": 0,
    "generalAndAdministrativeExpenses": 0,
    "sellingAndMarketingExpenses": 0,
    "sellingGeneralAndAdministrativeExpenses": 850000000,
    "otherExpenses": 37000000,
    "operatingExpenses": 887000000,
    "costAndExpenses": 4105000000,
    "interestIncome": 2000000,
    "interestExpense": 61000000,
    "depreciationAndAmortization": 213000000,
    "ebitda": 1108000000,
    "ebitdaratio": 0.2212018367,
    "operatingIncome": 904000000,
    "operatingIncomeRatio": 0.1804751447,
    "totalOtherIncomeExpensesNet": -70000000,
    "incomeBeforeTax": 834000000,
    "incomeBeforeTaxRatio": 0.1665002995,
    "incomeTaxExpense": 197000000,
    "netIncome": 660000000,
    "netIncomeRatio": 0.1317628269,
    "eps": 1.93,
    "epsdiluted": 1.92,
    "weightedAverageShsOut": 341400000,
    "weightedAverageShsOutDil": 344100000,
    "link": "https://www.sec.gov/Archives/edgar/data/55785/000005578520000034/0000055785-20-000034-index.htm",
    "finalLink": "https://www.sec.gov/Archives/edgar/data/55785/000005578520000034/kmb-20200331.htm"
  },
  {
    "date": "2019-12-31",
    "symbol": "KMB",
    "reportedCurrency": "USD",
    "cik": "0000055785",
    "fillingDate": "2020-02-13",
    "acceptedDate": "2020-02-13 16:28:27",
    "calendarYear": "2019",
    "period": "Q4",
    "revenue": 4583000000,
    "costOfRevenue": 3017000000,
    "grossProfit": 1566000000,
    "grossProfitRatio": 0.341697578,
    "researchAndDevelopmentExpenses": 284000000,
    "generalAndAdministrativeExpenses": 859000000,
    "sellingAndMarketingExpenses": 0,
    "sellingGeneralAndAdministrativeExpenses": 859000000,
    "otherExpenses": -328000000,
    "operatingExpenses": 815000000,
    "costAndExpenses": 3832000000,
    "interestIncome": 3000000,
    "interestExpense": 63000000,
    "depreciationAndAmortization": 217000000,
    "ebitda": 913000000,
    "ebitdaratio": 0.1992144883,
    "operatingIncome": 751000000,
    "operatingIncomeRatio": 0.163866463,
    "totalOtherIncomeExpensesNet": -118000000,
    "incomeBeforeTax": 633000000,
    "incomeBeforeTaxRatio": 0.1381191359,
    "incomeTaxExpense": 109000000,
    "netIncome": 547000000,
    "netIncomeRatio": 0.1193541348,
    "eps": 1.6,
    "epsdiluted": 1.59,
    "weightedAverageShsOut": 341400000,
    "weightedAverageShsOutDil": 344400000,
    "link": "https://www.sec.gov/Archives/edgar/data/55785/000005578520000016/0000055785-20-000016-index.htm",
    "finalLink": "https://www.sec.gov/Archives/edgar/data/55785/000005578520000016/kmb2019form10k.htm"
  },
  {
    "date": "2019-09-30",
    "symbol": "KMB",
    "reportedCurrency": "USD",
    "cik": "0000055785",
    "fillingDate": "2019-10-22",
    "acceptedDate": "2019-10-22 11:03:50",
    "calendarYear": "2019",
    "period": "Q3",
    "revenue": 4640000000,
    "costOfRevenue": 3085000000,
    "grossProfit": 1555000000,
    "grossProfitRatio": 0.3351293103,
    "researchAndDevelopmentExpenses": 0,
    "generalAndAdministrativeExpenses": 815000000,
    "sellingAndMarketingExpenses": 0,
    "sellingGeneralAndAdministrativeExpenses": 794000000,
    "otherExpenses": -154000000,
    "operatingExpenses": 640000000,
    "costAndExpenses": 3725000000,
    "interestIncome": 3000000,
    "interestExpense": 66000000,
    "depreciationAndAmortization": 230000000,
    "ebitda": 1137000000,
    "ebitdaratio": 0.2450431034,
    "operatingIncome": 915000000,
    "operatingIncomeRatio": 0.1971982759,
    "totalOtherIncomeExpensesNet": -74000000,
    "incomeBeforeTax": 841000000,
    "incomeBeforeTaxRatio": 0.18125,
    "incomeTaxExpense": 192000000,
    "netIncome": 671000000,
    "netIncomeRatio": 0.144612069,
    "eps": 1.95,
    "epsdiluted": 1.94,
    "weightedAverageShsOut": 343800000,
    "weightedAverageShsOutDil": 345900000,
    "link": "https://www.sec.gov/Archives/edgar/data/55785/000005578519000084/0000055785-19-000084-index.htm",
    "finalLink": "https://www.sec.gov/Archives/edgar/data/55785/000005578519000084/kmb10q2019q3.htm"
  },
  {
    "date": "2019-06-30",
    "symbol": "KMB",
    "reportedCurrency": "USD",
    "cik": "0000055785",
    "fillingDate": "2019-07-23",
    "acceptedDate": "2019-07-23 11:19:57",
    "calendarYear": "2019",
    "period": "Q2",
    "revenue": 4594000000,
    "costOfRevenue": 3108000000,
    "grossProfit": 1486000000,
    "grossProfitRatio": 0.3234653896,
    "researchAndDevelopmentExpenses": 0,
    "generalAndAdministrativeExpenses": 811000000,
    "sellingAndMarketingExpenses": 0,
    "sellingGeneralAndAdministrativeExpenses": 794000000,
    "otherExpenses": 22000000,
    "operatingExpenses": 816000000,
    "costAndExpenses": 3924000000,
    "interestIncome": 2000000,
    "interestExpense": 67000000,
    "depreciationAndAmortization": 236000000,
    "ebitda": 897000000,
    "ebitdaratio": 0.19525468,
    "operatingIncome": 670000000,
    "operatingIncomeRatio": 0.1458424031,
    "totalOtherIncomeExpensesNet": -76000000,
    "incomeBeforeTax": 594000000,
    "incomeBeforeTaxRatio": 0.1292990858,
    "incomeTaxExpense": 132000000,
    "netIncome": 485000000,
    "netIncomeRatio": 0.1055724859,
    "eps": 1.41,
    "epsdiluted": 1.4,
    "weightedAverageShsOut": 344200000,
    "weightedAverageShsOutDil": 346000000,
    "link": "https://www.sec.gov/Archives/edgar/data/55785/000005578519000064/0000055785-19-000064-index.htm",
    "finalLink": "https://www.sec.gov/Archives/edgar/data/55785/000005578519000064/kmb10q2019q2.htm"
  },
  {
    "date": "2019-03-31",
    "symbol": "KMB",
    "reportedCurrency": "USD",
    "cik": "0000055785",
    "fillingDate": "2019-04-22",
    "acceptedDate": "2019-04-22 11:14:57",
    "calendarYear": "2019",
    "period": "Q1",
    "revenue": 4633000000,
    "costOfRevenue": 3205000000,
    "grossProfit": 1428000000,
    "grossProfitRatio": 0.3082236132,
    "researchAndDevelopmentExpenses": 0,
    "generalAndAdministrativeExpenses": 769000000,
    "sellingAndMarketingExpenses": 0,
    "sellingGeneralAndAdministrativeExpenses": 741000000,
    "otherExpenses": 32000000,
    "operatingExpenses": 773000000,
    "costAndExpenses": 3978000000,
    "interestIncome": 3000000,
    "interestExpense": 65000000,
    "depreciationAndAmortization": 234000000,
    "ebitda": 881000000,
    "ebitdaratio": 0.1901575653,
    "operatingIncome": 655000000,
    "operatingIncomeRatio": 0.1413770775,
    "totalOtherIncomeExpensesNet": -73000000,
    "incomeBeforeTax": 582000000,
    "incomeBeforeTaxRatio": 0.1256205482,
    "incomeTaxExpense": 143000000,
    "netIncome": 454000000,
    "netIncomeRatio": 0.0979926613,
    "eps": 1.32,
    "epsdiluted": 1.31,
    "weightedAverageShsOut": 343900000,
    "weightedAverageShsOutDil": 343900000,
    "link": "https://www.sec.gov/Archives/edgar/data/55785/000005578519000032/0000055785-19-000032-index.htm",
    "finalLink": "https://www.sec.gov/Archives/edgar/data/55785/000005578519000032/kmb10q2019q1.htm"
  },
  {
    "date": "2018-12-31",
    "symbol": "KMB",
    "reportedCurrency": "USD",
    "cik": "0000055785",
    "fillingDate": "2019-02-07",
    "acceptedDate": "2019-02-07 10:35:54",
    "calendarYear": "2018",
    "period": "Q4",
    "revenue": 4569000000,
    "costOfRevenue": 3167000000,
    "grossProfit": 1402000000,
    "grossProfitRatio": 0.3068505143,
    "researchAndDevelopmentExpenses": 317000000,
    "generalAndAdministrativeExpenses": 768000000,
    "sellingAndMarketingExpenses": 0,
    "sellingGeneralAndAdministrativeExpenses": 768000000,
    "otherExpenses": -322000000,
    "operatingExpenses": 763000000,
    "costAndExpenses": 3930000000,
    "interestIncome": 3000000,
    "interestExpense": 65000000,
    "depreciationAndAmortization": 230000000,
    "ebitda": 784000000,
    "ebitdaratio": 0.1715911578,
    "operatingIncome": 639000000,
    "operatingIncomeRatio": 0.1398555483,
    "totalOtherIncomeExpensesNet": -150000000,
    "incomeBeforeTax": 489000000,
    "incomeBeforeTaxRatio": 0.1070256074,
    "incomeTaxExpense": 91000000,
    "netIncome": 411000000,
    "netIncomeRatio": 0.0899540381,
    "eps": 1.19,
    "epsdiluted": 1.18,
    "weightedAverageShsOut": 345000000,
    "weightedAverageShsOutDil": 347300000,
    "link": "https://www.sec.gov/Archives/edgar/data/55785/000005578519000013/0000055785-19-000013-index.htm",
    "finalLink": "https://www.sec.gov/Archives/edgar/data/55785/000005578519000013/kmb_2018xformx10k.htm"
  },
  {
    "date": "2018-09-30",
    "symbol": "KMB",
    "reportedCurrency": "USD",
    "cik": "0000055785",
    "fillingDate": "2018-10-22",
    "acceptedDate": "2018-10-22 11:10:35",
    "calendarYear": "2018",
    "period": "Q3",
    "revenue": 4582000000,
    "costOfRevenue": 3166000000,
    "grossProfit": 1416000000,
    "grossProfitRatio": 0.3090353557,
    "researchAndDevelopmentExpenses": 0,
    "generalAndAdministrativeExpenses": 749000000,
    "sellingAndMarketingExpenses": 0,
    "sellingGeneralAndAdministrativeExpenses": 749000000,
    "otherExpenses": -2000000,
    "operatingExpenses": 747000000,
    "costAndExpenses": 3913000000,
    "interestIncome": 2000000,
    "interestExpense": 64000000,
    "depreciationAndAmortization": 217000000,
    "ebitda": 858000000,
    "ebitdaratio": 0.187254474,
    "operatingIncome": 669000000,
    "operatingIncomeRatio": 0.1460061109,
    "totalOtherIncomeExpensesNet": -92000000,
    "incomeBeforeTax": 577000000,
    "incomeBeforeTaxRatio": 0.1259275426,
    "incomeTaxExpense": 138000000,
    "netIncome": 451000000,
    "netIncomeRatio": 0.0984286338,
    "eps": 1.3,
    "epsdiluted": 1.29,
    "weightedAverageShsOut": 347200000,
    "weightedAverageShsOutDil": 348800000,
    "link": "https://www.sec.gov/Archives/edgar/data/55785/000005578518000069/0000055785-18-000069-index.htm",
    "finalLink": "https://www.sec.gov/Archives/edgar/data/55785/000005578518000069/kmb_10qx2018xq3.htm"
  },
  {
    "date": "2018-06-30",
    "symbol": "KMB",
    "reportedCurrency": "USD",
    "cik": "0000055785",
    "fillingDate": "2018-07-24",
    "acceptedDate": "2018-07-24 11:16:31",
    "calendarYear": "2018",
    "period": "Q2",
    "revenue": 4604000000,
    "costOfRevenue": 3149000000,
    "grossProfit": 1455000000,
    "grossProfitRatio": 0.3160295395,
    "researchAndDevelopmentExpenses": 0,
    "generalAndAdministrativeExpenses": 771000000,
    "sellingAndMarketingExpenses": 0,
    "sellingGeneralAndAdministrativeExpenses": 756000000,
    "otherExpenses": 25000000,
    "operatingExpenses": 781000000,
    "costAndExpenses": 3930000000,
    "interestIncome": 3000000,
    "interestExpense": 68000000,
    "depreciationAndAmortization": 224000000,
    "ebitda": 865000000,
    "ebitdaratio": 0.1878801043,
    "operatingIncome": 674000000,
    "operatingIncomeRatio": 0.1463944396,
    "totalOtherIncomeExpensesNet": -101000000,
    "incomeBeforeTax": 573000000,
    "incomeBeforeTaxRatio": 0.1244569939,
    "incomeTaxExpense": 138000000,
    "netIncome": 455000000,
    "netIncomeRatio": 0.0988271069,
    "eps": 1.3,
    "epsdiluted": 1.3,
    "weightedAverageShsOut": 348800000,
    "weightedAverageShsOutDil": 350300000,
    "link": "https://www.sec.gov/Archives/edgar/data/55785/000005578518000051/0000055785-18-000051-index.htm",
    "finalLink": "https://www.sec.gov/Archives/edgar/data/55785/000005578518000051/kmb_10qx2018xq2.htm"
  },
  {
    "date": "2018-03-31",
    "symbol": "KMB",
    "reportedCurrency": "USD",
    "cik": "0000055785",
    "fillingDate": "2018-04-23",
    "acceptedDate": "2018-04-23 11:12:10",
    "calendarYear": "2018",
    "period": "Q1",
    "revenue": 4731000000,
    "costOfRevenue": 3407000000,
    "grossProfit": 1324000000,
    "grossProfitRatio": 0.2798562672,
    "researchAndDevelopmentExpenses": 0,
    "generalAndAdministrativeExpenses": 1079000000,
    "sellingAndMarketingExpenses": 0,
    "sellingGeneralAndAdministrativeExpenses": 779000000,
    "otherExpenses": 298000000,
    "operatingExpenses": 1077000000,
    "costAndExpenses": 4484000000,
    "interestIncome": 2000000,
    "interestExpense": 66000000,
    "depreciationAndAmortization": 211000000,
    "ebitda": 451000000,
    "ebitdaratio": 0.0953286832,
    "operatingIncome": 247000000,
    "operatingIncomeRatio": 0.0522088353,
    "totalOtherIncomeExpensesNet": -73000000,
    "incomeBeforeTax": 174000000,
    "incomeBeforeTaxRatio": 0.0367786937,
    "incomeTaxExpense": 104000000,
    "netIncome": 93000000,
    "netIncomeRatio": 0.0196575777,
    "eps": 0.27,
    "epsdiluted": 0.26,
    "weightedAverageShsOut": 350400000,
    "weightedAverageShsOutDil": 352600000,
    "link": "https://www.sec.gov/Archives/edgar/data/55785/000005578518000028/0000055785-18-000028-index.htm",
    "finalLink": "https://www.sec.gov/Archives/edgar/data/55785/000005578518000028/kmb_10qx2018xq1.htm"
  },
  {
    "date": "2017-12-31",
    "symbol": "KMB",
    "reportedCurrency": "USD",
    "cik": "0000055785",
    "fillingDate": "2018-02-08",
    "acceptedDate": "2018-02-08 10:52:12",
    "calendarYear": "2017",
    "period": "Q4",
    "revenue": 4582000000,
    "costOfRevenue": 2984000000,
    "grossProfit": 1598000000,
    "grossProfitRatio": 0.3487560017,
    "researchAndDevelopmentExpenses": 309000000,
    "generalAndAdministrativeExpenses": 759000000,
    "sellingAndMarketingExpenses": 0,
    "sellingGeneralAndAdministrativeExpenses": 759000000,
    "otherExpenses": -282000000,
    "operatingExpenses": 786000000,
    "costAndExpenses": 3770000000,
    "interestIncome": 3000000,
    "interestExpense": 72000000,
    "depreciationAndAmortization": 184000000,
    "ebitda": 999000000,
    "ebitdaratio": 0.2180270624,
    "operatingIncome": 812000000,
    "operatingIncomeRatio": 0.1772151899,
    "totalOtherIncomeExpensesNet": -69000000,
    "incomeBeforeTax": 743000000,
    "incomeBeforeTaxRatio": 0.1621562636,
    "incomeTaxExpense": 143000000,
    "netIncome": 617000000,
    "netIncomeRatio": 0.1346573549,
    "eps": 1.76,
    "epsdiluted": 1.75,
    "weightedAverageShsOut": 350568182,
    "weightedAverageShsOutDil": 353400000,
    "link": "https://www.sec.gov/Archives/edgar/data/55785/000005578518000014/0000055785-18-000014-index.htm",
    "finalLink": "https://www.sec.gov/Archives/edgar/data/55785/000005578518000014/kmb_2017xformx10k.htm"
  },
  {
    "date": "2017-09-30",
    "symbol": "KMB",
    "reportedCurrency": "USD",
    "cik": "0000055785",
    "fillingDate": "2017-10-23",
    "acceptedDate": "2017-10-23 10:59:29",
    "calendarYear": "2017",
    "period": "Q3",
    "revenue": 4640000000,
    "costOfRevenue": 2981000000,
    "grossProfit": 1659000000,
    "grossProfitRatio": 0.3575431034,
    "researchAndDevelopmentExpenses": 0,
    "generalAndAdministrativeExpenses": 813000000,
    "sellingAndMarketingExpenses": 0,
    "sellingGeneralAndAdministrativeExpenses": 813000000,
    "otherExpenses": -14000000,
    "operatingExpenses": 799000000,
    "costAndExpenses": 3797000000,
    "interestIncome": 3000000,
    "interestExpense": 78000000,
    "depreciationAndAmortization": 182000000,
    "ebitda": 1039000000,
    "ebitdaratio": 0.2239224138,
    "operatingIncome": 868000000,
    "operatingIncomeRatio": 0.1870689655,
    "totalOtherIncomeExpensesNet": -89000000,
    "incomeBeforeTax": 779000000,
    "incomeBeforeTaxRatio": 0.167887931,
    "incomeTaxExpense": 224000000,
    "netIncome": 567000000,
    "netIncomeRatio": 0.1221982759,
    "eps": 1.61,
    "epsdiluted": 1.6,
    "weightedAverageShsOut": 352700000,
    "weightedAverageShsOutDil": 354800000,
    "link": "https://www.sec.gov/Archives/edgar/data/55785/000005578517000067/0000055785-17-000067-index.htm",
    "finalLink": "https://www.sec.gov/Archives/edgar/data/55785/000005578517000067/kmb_10qx2017xq3.htm"
  },
  {
    "date": "2017-06-30",
    "symbol": "KMB",
    "reportedCurrency": "USD",
    "cik": "0000055785",
    "fillingDate": "2017-07-25",
    "acceptedDate": "2017-07-25 11:13:20",
    "calendarYear": "2017",
    "period": "Q2",
    "revenue": 4554000000,
    "costOfRevenue": 2910000000,
    "grossProfit": 1644000000,
    "grossProfitRatio": 0.3610013175,
    "researchAndDevelopmentExpenses": 0,
    "generalAndAdministrativeExpenses": 842000000,
    "sellingAndMarketingExpenses": 0,
    "sellingGeneralAndAdministrativeExpenses": 842000000,
    "otherExpenses": -4000000,
    "operatingExpenses": 838000000,
    "costAndExpenses": 3762000000,
    "interestIncome": 2000000,
    "interestExpense": 85000000,
    "depreciationAndAmortization": 180000000,
    "ebitda": 981000000,
    "ebitdaratio": 0.2154150198,
    "operatingIncome": 814000000,
    "operatingIncomeRatio": 0.1787439614,
    "totalOtherIncomeExpensesNet": -98000000,
    "incomeBeforeTax": 716000000,
    "incomeBeforeTaxRatio": 0.1572244181,
    "incomeTaxExpense": 202000000,
    "netIncome": 531000000,
    "netIncomeRatio": 0.1166007905,
    "eps": 1.5,
    "epsdiluted": 1.49,
    "weightedAverageShsOut": 354400000,
    "weightedAverageShsOutDil": 356700000,
    "link": "https://www.sec.gov/Archives/edgar/data/55785/000005578517000057/0000055785-17-000057-index.htm",
    "finalLink": "https://www.sec.gov/Archives/edgar/data/55785/000005578517000057/kmb_10qx2017xq2.htm"
  },
  {
    "date": "2017-03-31",
    "symbol": "KMB",
    "reportedCurrency": "USD",
    "cik": "0000055785",
    "fillingDate": "2017-04-24",
    "acceptedDate": "2017-04-24 11:12:09",
    "calendarYear": "2017",
    "period": "Q1",
    "revenue": 4483000000,
    "costOfRevenue": 2831000000,
    "grossProfit": 1652000000,
    "grossProfitRatio": 0.3685032344,
    "researchAndDevelopmentExpenses": 0,
    "generalAndAdministrativeExpenses": 813000000,
    "sellingAndMarketingExpenses": 0,
    "sellingGeneralAndAdministrativeExpenses": 813000000,
    "otherExpenses": -1000000,
    "operatingExpenses": 812000000,
    "costAndExpenses": 3656000000,
    "interestIncome": 2000000,
    "interestExpense": 83000000,
    "depreciationAndAmortization": 178000000,
    "ebitda": 1014000000,
    "ebitdaratio": 0.2261878207,
    "operatingIncome": 848000000,
    "operatingIncomeRatio": 0.1891590453,
    "totalOtherIncomeExpensesNet": -95000000,
    "incomeBeforeTax": 753000000,
    "incomeBeforeTaxRatio": 0.1679678787,
    "incomeTaxExpense": 207000000,
    "netIncome": 563000000,
    "netIncomeRatio": 0.1255855454,
    "eps": 1.58,
    "epsdiluted": 1.57,
    "weightedAverageShsOut": 356000000,
    "weightedAverageShsOutDil": 358600000,
    "link": "https://www.sec.gov/Archives/edgar/data/55785/000005578517000033/0000055785-17-000033-index.htm",
    "finalLink": "https://www.sec.gov/Archives/edgar/data/55785/000005578517000033/kmb_10qx2017xq1.htm"
  },
  {
    "date": "2016-12-31",
    "symbol": "KMB",
    "reportedCurrency": "USD",
    "cik": "0000055785",
    "fillingDate": "2017-02-08",
    "acceptedDate": "2017-02-08 12:05:32",
    "calendarYear": "2016",
    "period": "Q4",
    "revenue": 4544000000,
    "costOfRevenue": 2866000000,
    "grossProfit": 1678000000,
    "grossProfitRatio": 0.369278169,
    "researchAndDevelopmentExpenses": 328000000,
    "generalAndAdministrativeExpenses": 0,
    "sellingAndMarketingExpenses": 0,
    "sellingGeneralAndAdministrativeExpenses": 804000000,
    "otherExpenses": -293000000,
    "operatingExpenses": 839000000,
    "costAndExpenses": 3705000000,
    "interestIncome": 2000000,
    "interestExpense": 81000000,
    "depreciationAndAmortization": 177000000,
    "ebitda": 1018000000,
    "ebitdaratio": 0.2240316901,
    "operatingIncome": 839000000,
    "operatingIncomeRatio": 0.1846390845,
    "totalOtherIncomeExpensesNet": -79000000,
    "incomeBeforeTax": 760000000,
    "incomeBeforeTaxRatio": 0.1672535211,
    "incomeTaxExpense": 271000000,
    "netIncome": 505000000,
    "netIncomeRatio": 0.1111355634,
    "eps": 1.41,
    "epsdiluted": 1.4,
    "weightedAverageShsOut": 358156028,
    "weightedAverageShsOutDil": 359600000,
    "link": "https://www.sec.gov/Archives/edgar/data/55785/000005578517000017/0000055785-17-000017-index.htm",
    "finalLink": "https://www.sec.gov/Archives/edgar/data/55785/000005578517000017/kmb_2016xformx10k.htm"
  },
  {
    "date": "2016-09-30",
    "symbol": "KMB",
    "reportedCurrency": "USD",
    "cik": "0000055785",
    "fillingDate": "2016-10-24",
    "acceptedDate": "2016-10-24 10:58:39",
    "calendarYear": "2016",
    "period": "Q3",
    "revenue": 4594000000,
    "costOfRevenue": 2924000000,
    "grossProfit": 1670000000,
    "grossProfitRatio": 0.3635176317,
    "researchAndDevelopmentExpenses": 0,
    "generalAndAdministrativeExpenses": 0,
    "sellingAndMarketingExpenses": 0,
    "sellingGeneralAndAdministrativeExpenses": 833000000,
    "otherExpenses": 1000000,
    "operatingExpenses": 834000000,
    "costAndExpenses": 3758000000,
    "interestIncome": 2000000,
    "interestExpense": 81000000,
    "depreciationAndAmortization": 179000000,
    "ebitda": 1017000000,
    "ebitdaratio": 0.2213757074,
    "operatingIncome": 836000000,
    "operatingIncomeRatio": 0.1819764911,
    "totalOtherIncomeExpensesNet": -79000000,
    "incomeBeforeTax": 757000000,
    "incomeBeforeTaxRatio": 0.164780148,
    "incomeTaxExpense": 227000000,
    "netIncome": 550000000,
    "netIncomeRatio": 0.1197213757,
    "eps": 1.53,
    "epsdiluted": 1.52,
    "weightedAverageShsOut": 359200000,
    "weightedAverageShsOutDil": 361500000,
    "link": "https://www.sec.gov/Archives/edgar/data/55785/000005578516000194/0000055785-16-000194-index.htm",
    "finalLink": "https://www.sec.gov/Archives/edgar/data/55785/000005578516000194/kmb_10qx2016xq3.htm"
  },
  {
    "date": "2016-06-30",
    "symbol": "KMB",
    "reportedCurrency": "USD",
    "cik": "0000055785",
    "fillingDate": "2016-07-25",
    "acceptedDate": "2016-07-25 11:03:54",
    "calendarYear": "2016",
    "period": "Q2",
    "revenue": 4588000000,
    "costOfRevenue": 2924000000,
    "grossProfit": 1664000000,
    "grossProfitRatio": 0.3626852659,
    "researchAndDevelopmentExpenses": 0,
    "generalAndAdministrativeExpenses": 0,
    "sellingAndMarketingExpenses": 0,
    "sellingGeneralAndAdministrativeExpenses": 847000000,
    "otherExpenses": -21000000,
    "operatingExpenses": 826000000,
    "costAndExpenses": 3750000000,
    "interestIncome": 3000000,
    "interestExpense": 81000000,
    "depreciationAndAmortization": 177000000,
    "ebitda": 1018000000,
    "ebitdaratio": 0.2218831735,
    "operatingIncome": 838000000,
    "operatingIncomeRatio": 0.1826503923,
    "totalOtherIncomeExpensesNet": -78000000,
    "incomeBeforeTax": 760000000,
    "incomeBeforeTaxRatio": 0.1656495205,
    "incomeTaxExpense": 217000000,
    "netIncome": 566000000,
    "netIncomeRatio": 0.1233653008,
    "eps": 1.57,
    "epsdiluted": 1.56,
    "weightedAverageShsOut": 360000000,
    "weightedAverageShsOutDil": 362400000,
    "link": "https://www.sec.gov/Archives/edgar/data/55785/000005578516000181/0000055785-16-000181-index.htm",
    "finalLink": "https://www.sec.gov/Archives/edgar/data/55785/000005578516000181/kmb_10qx2016xq2.htm"
  },
  {
    "date": "2016-03-31",
    "symbol": "KMB",
    "reportedCurrency": "USD",
    "cik": "0000055785",
    "fillingDate": "2016-04-22",
    "acceptedDate": "2016-04-22 11:13:34",
    "calendarYear": "2016",
    "period": "Q1",
    "revenue": 4476000000,
    "costOfRevenue": 2837000000,
    "grossProfit": 1639000000,
    "grossProfitRatio": 0.3661751564,
    "researchAndDevelopmentExpenses": 0,
    "generalAndAdministrativeExpenses": 0,
    "sellingAndMarketingExpenses": 0,
    "sellingGeneralAndAdministrativeExpenses": 825000000,
    "otherExpenses": 10000000,
    "operatingExpenses": 835000000,
    "costAndExpenses": 3672000000,
    "interestIncome": 4000000,
    "interestExpense": 76000000,
    "depreciationAndAmortization": 172000000,
    "ebitda": 980000000,
    "ebitdaratio": 0.218945487,
    "operatingIncome": 804000000,
    "operatingIncomeRatio": 0.1796246649,
    "totalOtherIncomeExpensesNet": -72000000,
    "incomeBeforeTax": 732000000,
    "incomeBeforeTaxRatio": 0.163538874,
    "incomeTaxExpense": 207000000,
    "netIncome": 545000000,
    "netIncomeRatio": 0.1217605004,
    "eps": 1.51,
    "epsdiluted": 1.5,
    "weightedAverageShsOut": 360700000,
    "weightedAverageShsOutDil": 363400000,
    "link": "",
    "finalLink": ""
  },
  {
    "date": "2015-12-31",
    "symbol": "KMB",
    "reportedCurrency": "USD",
    "cik": "0000055785",
    "fillingDate": "2016-02-11",
    "acceptedDate": "2016-02-11 11:19:13",
    "calendarYear": "2015",
    "period": "Q4",
    "revenue": 4539000000,
    "costOfRevenue": 2913000000,
    "grossProfit": 1626000000,
    "grossProfitRatio": 0.3582286847,
    "researchAndDevelopmentExpenses": 324000000,
    "generalAndAdministrativeExpenses": 857000000,
    "sellingAndMarketingExpenses": 0,
    "sellingGeneralAndAdministrativeExpenses": 857000000,
    "otherExpenses": -185000000,
    "operatingExpenses": 996000000,
    "costAndExpenses": 3909000000,
    "interestIncome": 5000000,
    "interestExpense": 76000000,
    "depreciationAndAmortization": 181000000,
    "ebitda": 816000000,
    "ebitdaratio": 0.1797752809,
    "operatingIncome": 630000000,
    "operatingIncomeRatio": 0.1387970919,
    "totalOtherIncomeExpensesNet": -71000000,
    "incomeBeforeTax": 559000000,
    "incomeBeforeTaxRatio": 0.1231548799,
    "incomeTaxExpense": 252000000,
    "netIncome": 333000000,
    "netIncomeRatio": 0.0733641771,
    "eps": 0.92,
    "epsdiluted": 0.91,
    "weightedAverageShsOut": 361956522,
    "weightedAverageShsOutDil": 364500000,
    "link": "https://www.sec.gov/Archives/edgar/data/55785/000005578516000138/0000055785-16-000138-index.htm",
    "finalLink": "https://www.sec.gov/Archives/edgar/data/55785/000005578516000138/kmb_2015x10k.htm"
  },
  {
    "date": "2015-09-30",
    "symbol": "KMB",
    "reportedCurrency": "USD",
    "cik": "0000055785",
    "fillingDate": "2015-10-21",
    "acceptedDate": "2015-10-21 10:55:35",
    "calendarYear": "2015",
    "period": "Q3",
    "revenue": 4718000000,
    "costOfRevenue": 3036000000,
    "grossProfit": 1682000000,
    "grossProfitRatio": 0.3565069945,
    "researchAndDevelopmentExpenses": 0,
    "generalAndAdministrativeExpenses": 868000000,
    "sellingAndMarketingExpenses": 0,
    "sellingGeneralAndAdministrativeExpenses": 868000000,
    "otherExpenses": 35000000,
    "operatingExpenses": 903000000,
    "costAndExpenses": 3939000000,
    "interestIncome": 4000000,
    "interestExpense": 74000000,
    "depreciationAndAmortization": 182000000,
    "ebitda": 965000000,
    "ebitdaratio": 0.2045358203,
    "operatingIncome": 779000000,
    "operatingIncomeRatio": 0.1651123357,
    "totalOtherIncomeExpensesNet": -70000000,
    "incomeBeforeTax": 709000000,
    "incomeBeforeTaxRatio": 0.1502755405,
    "incomeTaxExpense": 217000000,
    "netIncome": 517000000,
    "netIncomeRatio": 0.1095803306,
    "eps": 1.42,
    "epsdiluted": 1.41,
    "weightedAverageShsOut": 363900000,
    "weightedAverageShsOutDil": 366200000,
    "link": "https://www.sec.gov/Archives/edgar/data/55785/000005578515000118/0000055785-15-000118-index.htm",
    "finalLink": "https://www.sec.gov/Archives/edgar/data/55785/000005578515000118/kmb_10qx2015xq3.htm"
  },
  {
    "date": "2015-06-30",
    "symbol": "KMB",
    "reportedCurrency": "USD",
    "cik": "0000055785",
    "fillingDate": "2015-07-23",
    "acceptedDate": "2015-07-23 10:57:53",
    "calendarYear": "2015",
    "period": "Q2",
    "revenue": 4643000000,
    "costOfRevenue": 2986000000,
    "grossProfit": 1657000000,
    "grossProfitRatio": 0.3568813267,
    "researchAndDevelopmentExpenses": 0,
    "generalAndAdministrativeExpenses": 869000000,
    "sellingAndMarketingExpenses": 0,
    "sellingGeneralAndAdministrativeExpenses": 869000000,
    "otherExpenses": 1332000000,
    "operatingExpenses": 2201000000,
    "costAndExpenses": 5187000000,
    "interestIncome": 4000000,
    "interestExpense": 73000000,
    "depreciationAndAmortization": 189000000,
    "ebitda": -351000000,
    "ebitdaratio": -0.0755976739,
    "operatingIncome": -544000000,
    "operatingIncomeRatio": -0.1171656257,
    "totalOtherIncomeExpensesNet": -69000000,
    "incomeBeforeTax": -613000000,
    "incomeBeforeTaxRatio": -0.1320267069,
    "incomeTaxExpense": -281000000,
    "netIncome": -305000000,
    "netIncomeRatio": -0.0656902865,
    "eps": -0.84,
    "epsdiluted": -0.83,
    "weightedAverageShsOut": 364300000,
    "weightedAverageShsOutDil": 366700000,
    "link": "https://www.sec.gov/Archives/edgar/data/55785/000005578515000094/0000055785-15-000094-index.htm",
    "finalLink": "https://www.sec.gov/Archives/edgar/data/55785/000005578515000094/kmb_10qx2015xq2.htm"
  },
  {
    "date": "2015-03-31",
    "symbol": "KMB",
    "reportedCurrency": "USD",
    "cik": "0000055785",
    "fillingDate": "2015-04-21",
    "acceptedDate": "2015-04-21 11:15:33",
    "calendarYear": "2015",
    "period": "Q1",
    "revenue": 4691000000,
    "costOfRevenue": 3032000000,
    "grossProfit": 1659000000,
    "grossProfitRatio": 0.3536559369,
    "researchAndDevelopmentExpenses": 0,
    "generalAndAdministrativeExpenses": 849000000,
    "sellingAndMarketingExpenses": 0,
    "sellingGeneralAndAdministrativeExpenses": 849000000,
    "otherExpenses": 62000000,
    "operatingExpenses": 911000000,
    "costAndExpenses": 3943000000,
    "interestIncome": 4000000,
    "interestExpense": 72000000,
    "depreciationAndAmortization": 194000000,
    "ebitda": 946000000,
    "ebitdaratio": 0.2016627585,
    "operatingIncome": 748000000,
    "operatingIncomeRatio": 0.1594542741,
    "totalOtherIncomeExpensesNet": -68000000,
    "incomeBeforeTax": 680000000,
    "incomeBeforeTaxRatio": 0.144958431,
    "incomeTaxExpense": 230000000,
    "netIncome": 468000000,
    "netIncomeRatio": 0.0997655084,
    "eps": 1.28,
    "epsdiluted": 1.27,
    "weightedAverageShsOut": 365200000,
    "weightedAverageShsOutDil": 367900000,
    "link": "https://www.sec.gov/Archives/edgar/data/55785/000005578515000046/0000055785-15-000046-index.htm",
    "finalLink": "https://www.sec.gov/Archives/edgar/data/55785/000005578515000046/kmb_10qx2015xq1.htm"
  },
  {
    "date": "2014-12-31",
    "symbol": "KMB",
    "reportedCurrency": "USD",
    "cik": "0000055785",
    "fillingDate": "2015-02-18",
    "acceptedDate": "2015-02-18 09:11:32",
    "calendarYear": "2014",
    "period": "Q4",
    "revenue": 4828000000,
    "costOfRevenue": 2513000000,
    "grossProfit": 1148000000,
    "grossProfitRatio": 0.2377796189,
    "researchAndDevelopmentExpenses": 368000000,
    "generalAndAdministrativeExpenses": 695000000,
    "sellingAndMarketingExpenses": 276000000,
    "sellingGeneralAndAdministrativeExpenses": 695000000,
    "otherExpenses": -368000000,
    "operatingExpenses": 695000000,
    "costAndExpenses": 3634000000,
    "interestIncome": 5000000,
    "interestExpense": 69000000,
    "depreciationAndAmortization": 207000000,
    "ebitda": 239000000,
    "ebitdaratio": 0.0495028998,
    "operatingIncome": 27000000,
    "operatingIncomeRatio": 0.0055923778,
    "totalOtherIncomeExpensesNet": -65000000,
    "incomeBeforeTax": -38000000,
    "incomeBeforeTaxRatio": -0.0078707539,
    "incomeTaxExpense": 107000000,
    "netIncome": -83000000,
    "netIncomeRatio": -0.0171913836,
    "eps": -0.23,
    "epsdiluted": -0.22,
    "weightedAverageShsOut": 367176574,
    "weightedAverageShsOutDil": 377272727,
    "link": "https://www.sec.gov/Archives/edgar/data/55785/000005578515000014/0000055785-15-000014-index.htm",
    "finalLink": "https://www.sec.gov/Archives/edgar/data/55785/000005578515000014/kmb_201410k.htm"
  },
  {
    "date": "2014-09-30",
    "symbol": "KMB",
    "reportedCurrency": "USD",
    "cik": "0000055785",
    "fillingDate": "2014-10-21",
    "acceptedDate": "2014-10-21 11:18:59",
    "calendarYear": "2014",
    "period": "Q3",
    "revenue": 5442000000,
    "costOfRevenue": 3541000000,
    "grossProfit": 1765000000,
    "grossProfitRatio": 0.3243292907,
    "researchAndDevelopmentExpenses": 0,
    "generalAndAdministrativeExpenses": 1011000000,
    "sellingAndMarketingExpenses": 0,
    "sellingGeneralAndAdministrativeExpenses": 1011000000,
    "otherExpenses": -123000000,
    "operatingExpenses": 888000000,
    "costAndExpenses": 4179000000,
    "interestIncome": 5000000,
    "interestExpense": 71000000,
    "depreciationAndAmortization": 220000000,
    "ebitda": 1233000000,
    "ebitdaratio": 0.2265711136,
    "operatingIncome": 877000000,
    "operatingIncomeRatio": 0.1611539875,
    "totalOtherIncomeExpensesNet": -67000000,
    "incomeBeforeTax": 810000000,
    "incomeBeforeTaxRatio": 0.1488423374,
    "incomeTaxExpense": 260000000,
    "netIncome": 562000000,
    "netIncomeRatio": 0.1032708563,
    "eps": 1.51,
    "epsdiluted": 1.5,
    "weightedAverageShsOut": 373300000,
    "weightedAverageShsOutDil": 375900000,
    "link": "https://www.sec.gov/Archives/edgar/data/55785/000005578514000089/0000055785-14-000089-index.htm",
    "finalLink": "https://www.sec.gov/Archives/edgar/data/55785/000005578514000089/kmb_3q10qx2014.htm"
  },
  {
    "date": "2014-06-30",
    "symbol": "KMB",
    "reportedCurrency": "USD",
    "cik": "0000055785",
    "fillingDate": "2014-07-22",
    "acceptedDate": "2014-07-22 11:23:00",
    "calendarYear": "2014",
    "period": "Q2",
    "revenue": 5343000000,
    "costOfRevenue": 3534000000,
    "grossProfit": 1700000000,
    "grossProfitRatio": 0.3181733109,
    "researchAndDevelopmentExpenses": 0,
    "generalAndAdministrativeExpenses": 1032000000,
    "sellingAndMarketingExpenses": 0,
    "sellingGeneralAndAdministrativeExpenses": 1032000000,
    "otherExpenses": -107000000,
    "operatingExpenses": 925000000,
    "costAndExpenses": 4178000000,
    "interestIncome": 5000000,
    "interestExpense": 72000000,
    "depreciationAndAmortization": 217000000,
    "ebitda": 997000000,
    "ebitdaratio": 0.1865992888,
    "operatingIncome": 775000000,
    "operatingIncomeRatio": 0.1450495976,
    "totalOtherIncomeExpensesNet": -67000000,
    "incomeBeforeTax": 708000000,
    "incomeBeforeTaxRatio": 0.1325098259,
    "incomeTaxExpense": 225000000,
    "netIncome": 509000000,
    "netIncomeRatio": 0.0952648325,
    "eps": 1.35,
    "epsdiluted": 1.35,
    "weightedAverageShsOut": 375800000,
    "weightedAverageShsOutDil": 378400000,
    "link": "https://www.sec.gov/Archives/edgar/data/55785/000005578514000065/0000055785-14-000065-index.htm",
    "finalLink": "https://www.sec.gov/Archives/edgar/data/55785/000005578514000065/kmb_2q10qx2014.htm"
  },
  {
    "date": "2014-03-31",
    "symbol": "KMB",
    "reportedCurrency": "USD",
    "cik": "0000055785",
    "fillingDate": "2014-04-21",
    "acceptedDate": "2014-04-21 13:08:41",
    "calendarYear": "2014",
    "period": "Q1",
    "revenue": 5278000000,
    "costOfRevenue": 3222000000,
    "grossProfit": 1665000000,
    "grossProfitRatio": 0.3154604017,
    "researchAndDevelopmentExpenses": 0,
    "generalAndAdministrativeExpenses": 971000000,
    "sellingAndMarketingExpenses": 0,
    "sellingGeneralAndAdministrativeExpenses": 971000000,
    "otherExpenses": -17000000,
    "operatingExpenses": 954000000,
    "costAndExpenses": 4176000000,
    "interestIncome": 3000000,
    "interestExpense": 71000000,
    "depreciationAndAmortization": 218000000,
    "ebitda": 932000000,
    "ebitdaratio": 0.1765820387,
    "operatingIncome": 711000000,
    "operatingIncomeRatio": 0.1347101175,
    "totalOtherIncomeExpensesNet": -68000000,
    "incomeBeforeTax": 643000000,
    "incomeBeforeTaxRatio": 0.1218264494,
    "incomeTaxExpense": 196000000,
    "netIncome": 538000000,
    "netIncomeRatio": 0.1019325502,
    "eps": 1.42,
    "epsdiluted": 1.41,
    "weightedAverageShsOut": 379000000,
    "weightedAverageShsOutDil": 382100000,
    "link": "https://www.sec.gov/Archives/edgar/data/55785/000005578514000035/0000055785-14-000035-index.htm",
    "finalLink": "https://www.sec.gov/Archives/edgar/data/55785/000005578514000035/kmb_1q10qx2014.htm"
  },
  {
    "date": "2013-12-31",
    "symbol": "KMB",
    "reportedCurrency": "USD",
    "cik": "0000055785",
    "fillingDate": "2014-02-14",
    "acceptedDate": "2014-02-14 10:34:41",
    "calendarYear": "2013",
    "period": "Q4",
    "revenue": 5305000000,
    "costOfRevenue": 3492000000,
    "grossProfit": 1813000000,
    "grossProfitRatio": 0.3417530631,
    "researchAndDevelopmentExpenses": 0,
    "generalAndAdministrativeExpenses": 0,
    "sellingAndMarketingExpenses": 0,
    "sellingGeneralAndAdministrativeExpenses": 999000000,
    "otherExpenses": -8000000,
    "operatingExpenses": 991000000,
    "costAndExpenses": 4483000000,
    "interestIncome": 4000000,
    "interestExpense": 72000000,
    "depreciationAndAmortization": 222000000,
    "ebitda": 1048000000,
    "ebitdaratio": 0.1975494816,
    "operatingIncome": 822000000,
    "operatingIncomeRatio": 0.1549481621,
    "totalOtherIncomeExpensesNet": -68000000,
    "incomeBeforeTax": 754000000,
    "incomeBeforeTaxRatio": 0.142130066,
    "incomeTaxExpense": 244000000,
    "netIncome": 539000000,
    "netIncomeRatio": 0.101602262,
    "eps": 1.41,
    "epsdiluted": 1.4,
    "weightedAverageShsOut": 382269504,
    "weightedAverageShsOutDil": 384900000,
    "link": "https://www.sec.gov/Archives/edgar/data/55785/000005578514000015/0000055785-14-000015-index.htm",
    "finalLink": "https://www.sec.gov/Archives/edgar/data/55785/000005578514000015/kmb_10k2013.htm"
  },
  {
    "date": "2013-09-30",
    "symbol": "KMB",
    "reportedCurrency": "USD",
    "cik": "0000055785",
    "fillingDate": "2013-11-01",
    "acceptedDate": "2013-11-01 11:57:38",
    "calendarYear": "2013",
    "period": "Q3",
    "revenue": 5262000000,
    "costOfRevenue": 3457000000,
    "grossProfit": 1805000000,
    "grossProfitRatio": 0.3430254656,
    "researchAndDevelopmentExpenses": 0,
    "generalAndAdministrativeExpenses": 0,
    "sellingAndMarketingExpenses": 0,
    "sellingGeneralAndAdministrativeExpenses": 990000000,
    "otherExpenses": 8000000,
    "operatingExpenses": 998000000,
    "costAndExpenses": 4455000000,
    "interestIncome": 6000000,
    "interestExpense": 73000000,
    "depreciationAndAmortization": 208000000,
    "ebitda": 1021000000,
    "ebitdaratio": 0.1940326872,
    "operatingIncome": 807000000,
    "operatingIncomeRatio": 0.15336374,
    "totalOtherIncomeExpensesNet": -67000000,
    "incomeBeforeTax": 740000000,
    "incomeBeforeTaxRatio": 0.1406309388,
    "incomeTaxExpense": 224000000,
    "netIncome": 546000000,
    "netIncomeRatio": 0.1037628278,
    "eps": 1.43,
    "epsdiluted": 1.42,
    "weightedAverageShsOut": 382800000,
    "weightedAverageShsOutDil": 385800000,
    "link": "https://www.sec.gov/Archives/edgar/data/55785/000005578513000083/0000055785-13-000083-index.htm",
    "finalLink": "https://www.sec.gov/Archives/edgar/data/55785/000005578513000083/kmb_3q10qx2013.htm"
  },
  {
    "date": "2013-06-30",
    "symbol": "KMB",
    "reportedCurrency": "USD",
    "cik": "0000055785",
    "fillingDate": "2013-08-02",
    "acceptedDate": "2013-08-02 10:31:26",
    "calendarYear": "2013",
    "period": "Q2",
    "revenue": 5267000000,
    "costOfRevenue": 3467000000,
    "grossProfit": 1800000000,
    "grossProfitRatio": 0.3417505221,
    "researchAndDevelopmentExpenses": 0,
    "generalAndAdministrativeExpenses": 0,
    "sellingAndMarketingExpenses": 0,
    "sellingGeneralAndAdministrativeExpenses": 1012000000,
    "otherExpenses": -8000000,
    "operatingExpenses": 1004000000,
    "costAndExpenses": 4471000000,
    "interestIncome": 5000000,
    "interestExpense": 71000000,
    "depreciationAndAmortization": 212000000,
    "ebitda": 1013000000,
    "ebitdaratio": 0.1923295994,
    "operatingIncome": 904000000,
    "operatingIncomeRatio": 0.1716347067,
    "totalOtherIncomeExpensesNet": -66000000,
    "incomeBeforeTax": 730000000,
    "incomeBeforeTaxRatio": 0.1385988229,
    "incomeTaxExpense": 238000000,
    "netIncome": 526000000,
    "netIncomeRatio": 0.099867097,
    "eps": 1.37,
    "epsdiluted": 1.36,
    "weightedAverageShsOut": 384700000,
    "weightedAverageShsOutDil": 387800000,
    "link": "https://www.sec.gov/Archives/edgar/data/55785/000005578513000071/0000055785-13-000071-index.htm",
    "finalLink": "https://www.sec.gov/Archives/edgar/data/55785/000005578513000071/kmb_2q10qx2013.htm"
  },
  {
    "date": "2013-03-31",
    "symbol": "KMB",
    "reportedCurrency": "USD",
    "cik": "0000055785",
    "fillingDate": "2013-03-31",
    "acceptedDate": "2013-03-30 20:00:00",
    "calendarYear": "2013",
    "period": "Q1",
    "revenue": 5318000000,
    "costOfRevenue": 3496000000,
    "grossProfit": 1822000000,
    "grossProfitRatio": 0.3426100038,
    "researchAndDevelopmentExpenses": 0,
    "generalAndAdministrativeExpenses": 0,
    "sellingAndMarketingExpenses": 0,
    "sellingGeneralAndAdministrativeExpenses": 1027000000,
    "otherExpenses": 12000000,
    "operatingExpenses": 1039000000,
    "costAndExpenses": 4535000000,
    "interestIncome": 5000000,
    "interestExpense": 67000000,
    "depreciationAndAmortization": 221000000,
    "ebitda": 1009000000,
    "ebitdaratio": 0.1897329823,
    "operatingIncome": 783000000,
    "operatingIncomeRatio": 0.1472358029,
    "totalOtherIncomeExpensesNet": -62000000,
    "incomeBeforeTax": 721000000,
    "incomeBeforeTaxRatio": 0.1355772847,
    "incomeTaxExpense": 223000000,
    "netIncome": 531000000,
    "netIncomeRatio": 0.0998495675,
    "eps": 1.37,
    "epsdiluted": 1.36,
    "weightedAverageShsOut": 387300000,
    "weightedAverageShsOutDil": 390500000,
    "link": "",
    "finalLink": ""
  },
  {
    "date": "2012-12-31",
    "symbol": "KMB",
    "reportedCurrency": "USD",
    "cik": "0000055785",
    "fillingDate": "2013-02-22",
    "acceptedDate": "2013-02-22 11:35:40",
    "calendarYear": "2012",
    "period": "Q4",
    "revenue": 5307000000,
    "costOfRevenue": 3783000000,
    "grossProfit": 1524000000,
    "grossProfitRatio": 0.2871678915,
    "researchAndDevelopmentExpenses": 356000000,
    "generalAndAdministrativeExpenses": 1066000000,
    "sellingAndMarketingExpenses": 0,
    "sellingGeneralAndAdministrativeExpenses": 1066000000,
    "otherExpenses": -347000000,
    "operatingExpenses": 1075000000,
    "costAndExpenses": 4858000000,
    "interestIncome": 5000000,
    "interestExpense": 72000000,
    "depreciationAndAmortization": 215000000,
    "ebitda": 669000000,
    "ebitdaratio": 0.1260599209,
    "operatingIncome": 449000000,
    "operatingIncomeRatio": 0.0846052384,
    "totalOtherIncomeExpensesNet": -67000000,
    "incomeBeforeTax": 382000000,
    "incomeBeforeTaxRatio": 0.0719804032,
    "incomeTaxExpense": 147000000,
    "netIncome": 267000000,
    "netIncomeRatio": 0.0503109101,
    "eps": 0.69,
    "epsdiluted": 0.68,
    "weightedAverageShsOut": 389300000,
    "weightedAverageShsOutDil": 393500000,
    "link": "https://www.sec.gov/Archives/edgar/data/55785/000005578513000011/0000055785-13-000011-index.htm",
    "finalLink": "https://www.sec.gov/Archives/edgar/data/55785/000005578513000011/kmb_2012x10k.htm"
  },
  {
    "date": "2012-09-30",
    "symbol": "KMB",
    "reportedCurrency": "USD",
    "cik": "0000055785",
    "fillingDate": "2012-11-05",
    "acceptedDate": "2012-11-05 12:45:40",
    "calendarYear": "2012",
    "period": "Q3",
    "revenue": 5246000000,
    "costOfRevenue": 3480000000,
    "grossProfit": 1766000000,
    "grossProfitRatio": 0.336637438,
    "researchAndDevelopmentExpenses": 0,
    "generalAndAdministrativeExpenses": 0,
    "sellingAndMarketingExpenses": 988000000,
    "sellingGeneralAndAdministrativeExpenses": 988000000,
    "otherExpenses": -5000000,
    "operatingExpenses": 983000000,
    "costAndExpenses": 4463000000,
    "interestIncome": 4000000,
    "interestExpense": 70000000,
    "depreciationAndAmortization": 210000000,
    "ebitda": 997000000,
    "ebitdaratio": 0.1900495616,
    "operatingIncome": 783000000,
    "operatingIncomeRatio": 0.1492565764,
    "totalOtherIncomeExpensesNet": -66000000,
    "incomeBeforeTax": 717000000,
    "incomeBeforeTaxRatio": 0.1366755623,
    "incomeTaxExpense": 223000000,
    "netIncome": 517000000,
    "netIncomeRatio": 0.0985512772,
    "eps": 1.31,
    "epsdiluted": 1.3,
    "weightedAverageShsOut": 393900000,
    "weightedAverageShsOutDil": 396700000,
    "link": "https://www.sec.gov/Archives/edgar/data/55785/000005578512000090/0000055785-12-000090-index.htm",
    "finalLink": "https://www.sec.gov/Archives/edgar/data/55785/000005578512000090/kmb_2012x3q10q.htm"
  },
  {
    "date": "2012-06-30",
    "symbol": "KMB",
    "reportedCurrency": "USD",
    "cik": "0000055785",
    "fillingDate": "2012-08-03",
    "acceptedDate": "2012-08-03 10:27:03",
    "calendarYear": "2012",
    "period": "Q2",
    "revenue": 5269000000,
    "costOfRevenue": 3514000000,
    "grossProfit": 1755000000,
    "grossProfitRatio": 0.3330802809,
    "researchAndDevelopmentExpenses": 0,
    "generalAndAdministrativeExpenses": 0,
    "sellingAndMarketingExpenses": 1019000000,
    "sellingGeneralAndAdministrativeExpenses": 1019000000,
    "otherExpenses": -18000000,
    "operatingExpenses": 1001000000,
    "costAndExpenses": 4515000000,
    "interestIncome": 5000000,
    "interestExpense": 71000000,
    "depreciationAndAmortization": 214000000,
    "ebitda": 973000000,
    "ebitdaratio": 0.1846650218,
    "operatingIncome": 754000000,
    "operatingIncomeRatio": 0.1431011577,
    "totalOtherIncomeExpensesNet": -66000000,
    "incomeBeforeTax": 688000000,
    "incomeBeforeTaxRatio": 0.1305750617,
    "incomeTaxExpense": 213000000,
    "netIncome": 498000000,
    "netIncomeRatio": 0.0945150883,
    "eps": 1.27,
    "epsdiluted": 1.26,
    "weightedAverageShsOut": 393600000,
    "weightedAverageShsOutDil": 396500000,
    "link": "https://www.sec.gov/Archives/edgar/data/55785/000005578512000078/0000055785-12-000078-index.htm",
    "finalLink": "https://www.sec.gov/Archives/edgar/data/55785/000005578512000078/kmb_2012x2q10q.htm"
  },
  {
    "date": "2012-03-31",
    "symbol": "KMB",
    "reportedCurrency": "USD",
    "cik": "0000055785",
    "fillingDate": "2012-05-04",
    "acceptedDate": "2012-05-04 11:33:44",
    "calendarYear": "2012",
    "period": "Q1",
    "revenue": 5241000000,
    "costOfRevenue": 3537000000,
    "grossProfit": 1704000000,
    "grossProfitRatio": 0.3251287922,
    "researchAndDevelopmentExpenses": 0,
    "generalAndAdministrativeExpenses": 0,
    "sellingAndMarketingExpenses": 996000000,
    "sellingGeneralAndAdministrativeExpenses": 996000000,
    "otherExpenses": 8000000,
    "operatingExpenses": 1004000000,
    "costAndExpenses": 4541000000,
    "interestIncome": 4000000,
    "interestExpense": 71000000,
    "depreciationAndAmortization": 218000000,
    "ebitda": 922000000,
    "ebitdaratio": 0.1759206258,
    "operatingIncome": 700000000,
    "operatingIncomeRatio": 0.1335622973,
    "totalOtherIncomeExpensesNet": -67000000,
    "incomeBeforeTax": 633000000,
    "incomeBeforeTaxRatio": 0.1207784774,
    "incomeTaxExpense": 185000000,
    "netIncome": 468000000,
    "netIncomeRatio": 0.0892959359,
    "eps": 1.19,
    "epsdiluted": 1.18,
    "weightedAverageShsOut": 393800000,
    "weightedAverageShsOutDil": 397100000,
    "link": "https://www.sec.gov/Archives/edgar/data/55785/000005578512000046/0000055785-12-000046-index.htm",
    "finalLink": "https://www.sec.gov/Archives/edgar/data/55785/000005578512000046/kmb_2012x1q10q.htm"
  },
  {
    "date": "2011-12-31",
    "symbol": "KMB",
    "reportedCurrency": "USD",
    "cik": "0000055785",
    "fillingDate": "2012-02-29",
    "acceptedDate": "2012-02-29 11:39:21",
    "calendarYear": "2011",
    "period": "Q4",
    "revenue": 5176000000,
    "costOfRevenue": 3632000000,
    "grossProfit": 1544000000,
    "grossProfitRatio": 0.2982998454,
    "researchAndDevelopmentExpenses": 0,
    "generalAndAdministrativeExpenses": 0,
    "sellingAndMarketingExpenses": 957000000,
    "sellingGeneralAndAdministrativeExpenses": 957000000,
    "otherExpenses": -24000000,
    "operatingExpenses": 933000000,
    "costAndExpenses": 4565000000,
    "interestIncome": 5000000,
    "interestExpense": 72000000,
    "depreciationAndAmortization": 270000000,
    "ebitda": 886000000,
    "ebitdaratio": 0.1711746522,
    "operatingIncome": 611000000,
    "operatingIncomeRatio": 0.1180448223,
    "totalOtherIncomeExpensesNet": -67000000,
    "incomeBeforeTax": 544000000,
    "incomeBeforeTaxRatio": 0.1051004637,
    "incomeTaxExpense": 161000000,
    "netIncome": 401000000,
    "netIncomeRatio": 0.0774729521,
    "eps": 1.01,
    "epsdiluted": 1.01,
    "weightedAverageShsOut": 394500000,
    "weightedAverageShsOutDil": 396610169,
    "link": "https://www.sec.gov/Archives/edgar/data/55785/000005578512000021/0000055785-12-000021-index.htm",
    "finalLink": "https://www.sec.gov/Archives/edgar/data/55785/000005578512000021/kmb_2011x10k.htm"
  },
  {
    "date": "2011-09-30",
    "symbol": "KMB",
    "reportedCurrency": "USD",
    "cik": "0000055785",
    "fillingDate": "2011-11-04",
    "acceptedDate": "2011-11-04 14:36:15",
    "calendarYear": "2011",
    "period": "Q3",
    "revenue": 5382000000,
    "costOfRevenue": 3794000000,
    "grossProfit": 1588000000,
    "grossProfitRatio": 0.2950575994,
    "researchAndDevelopmentExpenses": 0,
    "generalAndAdministrativeExpenses": 0,
    "sellingAndMarketingExpenses": 943000000,
    "sellingGeneralAndAdministrativeExpenses": 943000000,
    "otherExpenses": -17000000,
    "operatingExpenses": 926000000,
    "costAndExpenses": 4720000000,
    "interestIncome": 5000000,
    "interestExpense": 70000000,
    "depreciationAndAmortization": 291000000,
    "ebitda": 958000000,
    "ebitdaratio": 0.1780007432,
    "operatingIncome": 662000000,
    "operatingIncomeRatio": 0.1230026013,
    "totalOtherIncomeExpensesNet": -65000000,
    "incomeBeforeTax": 597000000,
    "incomeBeforeTaxRatio": 0.1109253066,
    "incomeTaxExpense": 174000000,
    "netIncome": 432000000,
    "netIncomeRatio": 0.0802675585,
    "eps": 1.1,
    "epsdiluted": 1.09,
    "weightedAverageShsOut": 392200000,
    "weightedAverageShsOutDil": 395200000,
    "link": "https://www.sec.gov/Archives/edgar/data/55785/000005578511000040/0000055785-11-000040-index.htm",
    "finalLink": "https://www.sec.gov/Archives/edgar/data/55785/000005578511000040/kmb_10qx09302011.htm"
  },
  {
    "date": "2011-06-30",
    "symbol": "KMB",
    "reportedCurrency": "USD",
    "cik": "0000055785",
    "fillingDate": "2011-08-05",
    "acceptedDate": "2011-08-05 15:06:05",
    "calendarYear": "2011",
    "period": "Q2",
    "revenue": 5259000000,
    "costOfRevenue": 3702000000,
    "grossProfit": 1557000000,
    "grossProfitRatio": 0.2960638905,
    "researchAndDevelopmentExpenses": 0,
    "generalAndAdministrativeExpenses": 0,
    "sellingAndMarketingExpenses": 940000000,
    "sellingGeneralAndAdministrativeExpenses": 940000000,
    "otherExpenses": -8000000,
    "operatingExpenses": 932000000,
    "costAndExpenses": 4634000000,
    "interestIncome": 4000000,
    "interestExpense": 71000000,
    "depreciationAndAmortization": 287000000,
    "ebitda": 916000000,
    "ebitdaratio": 0.1741776003,
    "operatingIncome": 625000000,
    "operatingIncomeRatio": 0.1188438867,
    "totalOtherIncomeExpensesNet": -67000000,
    "incomeBeforeTax": 558000000,
    "incomeBeforeTaxRatio": 0.106103822,
    "incomeTaxExpense": 173000000,
    "netIncome": 408000000,
    "netIncomeRatio": 0.0775812892,
    "eps": 1.04,
    "epsdiluted": 1.03,
    "weightedAverageShsOut": 393300000,
    "weightedAverageShsOutDil": 396000000,
    "link": "https://www.sec.gov/Archives/edgar/data/55785/000119312511212146/0001193125-11-212146-index.htm",
    "finalLink": "https://www.sec.gov/Archives/edgar/data/55785/000119312511212146/d10q.htm"
  },
  {
    "date": "2011-03-31",
    "symbol": "KMB",
    "reportedCurrency": "USD",
    "cik": "0000055785",
    "fillingDate": "2011-05-09",
    "acceptedDate": "2011-05-09 15:35:59",
    "calendarYear": "2011",
    "period": "Q1",
    "revenue": 5029000000,
    "costOfRevenue": 3566000000,
    "grossProfit": 1463000000,
    "grossProfitRatio": 0.2909127063,
    "researchAndDevelopmentExpenses": 0,
    "generalAndAdministrativeExpenses": 0,
    "sellingAndMarketingExpenses": 921000000,
    "sellingGeneralAndAdministrativeExpenses": 921000000,
    "otherExpenses": -2000000,
    "operatingExpenses": 919000000,
    "costAndExpenses": 4485000000,
    "interestIncome": 4000000,
    "interestExpense": 64000000,
    "depreciationAndAmortization": 243000000,
    "ebitda": 791000000,
    "ebitdaratio": 0.1572877312,
    "operatingIncome": 544000000,
    "operatingIncomeRatio": 0.1081725989,
    "totalOtherIncomeExpensesNet": -60000000,
    "incomeBeforeTax": 484000000,
    "incomeBeforeTaxRatio": 0.0962417976,
    "incomeTaxExpense": 152000000,
    "netIncome": 350000000,
    "netIncomeRatio": 0.0695963412,
    "eps": 0.87,
    "epsdiluted": 0.86,
    "weightedAverageShsOut": 403400000,
    "weightedAverageShsOutDil": 405900000,
    "link": "https://www.sec.gov/Archives/edgar/data/55785/000119312511132240/0001193125-11-132240-index.htm",
    "finalLink": "https://www.sec.gov/Archives/edgar/data/55785/000119312511132240/d10q.htm"
  },
  {
    "date": "2010-12-31",
    "symbol": "KMB",
    "reportedCurrency": "USD",
    "cik": "0000055785",
    "fillingDate": "2011-02-23",
    "acceptedDate": "2011-02-23 13:08:22",
    "calendarYear": "2010",
    "period": "Q4",
    "revenue": 5075000000,
    "costOfRevenue": 3430000000,
    "grossProfit": 1645000000,
    "grossProfitRatio": 0.324137931,
    "researchAndDevelopmentExpenses": 0,
    "generalAndAdministrativeExpenses": 0,
    "sellingAndMarketingExpenses": 954000000,
    "sellingGeneralAndAdministrativeExpenses": 954000000,
    "otherExpenses": -8000000,
    "operatingExpenses": 946000000,
    "costAndExpenses": 4376000000,
    "interestIncome": 4000000,
    "interestExpense": 63000000,
    "depreciationAndAmortization": 206000000,
    "ebitda": 909000000,
    "ebitdaratio": 0.1791133005,
    "operatingIncome": 699000000,
    "operatingIncomeRatio": 0.1377339901,
    "totalOtherIncomeExpensesNet": -59000000,
    "incomeBeforeTax": 640000000,
    "incomeBeforeTaxRatio": 0.1261083744,
    "incomeTaxExpense": 171000000,
    "netIncome": 492000000,
    "netIncomeRatio": 0.0969458128,
    "eps": 1.21,
    "epsdiluted": 1.21,
    "weightedAverageShsOut": 406976744,
    "weightedAverageShsOutDil": 406976744,
    "link": "https://www.sec.gov/Archives/edgar/data/55785/000119312511043300/0001193125-11-043300-index.htm",
    "finalLink": "https://www.sec.gov/Archives/edgar/data/55785/000119312511043300/d10k.htm"
  },
  {
    "date": "2010-09-30",
    "symbol": "KMB",
    "reportedCurrency": "USD",
    "cik": "0000055785",
    "fillingDate": "2010-11-08",
    "acceptedDate": "2010-11-08 11:20:27",
    "calendarYear": "2010",
    "period": "Q3",
    "revenue": 4979000000,
    "costOfRevenue": 3365000000,
    "grossProfit": 1614000000,
    "grossProfitRatio": 0.3241614782,
    "researchAndDevelopmentExpenses": 0,
    "generalAndAdministrativeExpenses": 0,
    "sellingAndMarketingExpenses": 909000000,
    "sellingGeneralAndAdministrativeExpenses": 909000000,
    "otherExpenses": 7000000,
    "operatingExpenses": 916000000,
    "costAndExpenses": 4281000000,
    "interestIncome": 5000000,
    "interestExpense": 59000000,
    "depreciationAndAmortization": 205000000,
    "ebitda": 908000000,
    "ebitdaratio": 0.1823659369,
    "operatingIncome": 698000000,
    "operatingIncomeRatio": 0.1401887929,
    "totalOtherIncomeExpensesNet": -54000000,
    "incomeBeforeTax": 644000000,
    "incomeBeforeTaxRatio": 0.1293432416,
    "incomeTaxExpense": 195000000,
    "netIncome": 469000000,
    "netIncomeRatio": 0.0941956216,
    "eps": 1.14,
    "epsdiluted": 1.14,
    "weightedAverageShsOut": 409000000,
    "weightedAverageShsOutDil": 412600000,
    "link": "https://www.sec.gov/Archives/edgar/data/55785/000119312510251479/0001193125-10-251479-index.htm",
    "finalLink": "https://www.sec.gov/Archives/edgar/data/55785/000119312510251479/d10q.htm"
  },
  {
    "date": "2010-06-30",
    "symbol": "KMB",
    "reportedCurrency": "USD",
    "cik": "0000055785",
    "fillingDate": "2010-08-09",
    "acceptedDate": "2010-08-09 10:17:14",
    "calendarYear": "2010",
    "period": "Q2",
    "revenue": 4857000000,
    "costOfRevenue": 3213000000,
    "grossProfit": 1644000000,
    "grossProfitRatio": 0.3384805435,
    "researchAndDevelopmentExpenses": 0,
    "generalAndAdministrativeExpenses": 0,
    "sellingAndMarketingExpenses": 929000000,
    "sellingGeneralAndAdministrativeExpenses": 929000000,
    "otherExpenses": 4000000,
    "operatingExpenses": 933000000,
    "costAndExpenses": 4146000000,
    "interestIncome": 6000000,
    "interestExpense": 60000000,
    "depreciationAndAmortization": 209000000,
    "ebitda": 926000000,
    "ebitdaratio": 0.1906526663,
    "operatingIncome": 711000000,
    "operatingIncomeRatio": 0.1463866584,
    "totalOtherIncomeExpensesNet": -54000000,
    "incomeBeforeTax": 657000000,
    "incomeBeforeTaxRatio": 0.1352686844,
    "incomeTaxExpense": 181000000,
    "netIncome": 498000000,
    "netIncomeRatio": 0.1025324274,
    "eps": 1.2,
    "epsdiluted": 1.2,
    "weightedAverageShsOut": 413700000,
    "weightedAverageShsOutDil": 415600000,
    "link": "https://www.sec.gov/Archives/edgar/data/55785/000119312510182676/0001193125-10-182676-index.htm",
    "finalLink": "https://www.sec.gov/Archives/edgar/data/55785/000119312510182676/d10q.htm"
  },
  {
    "date": "2010-03-31",
    "symbol": "KMB",
    "reportedCurrency": "USD",
    "cik": "0000055785",
    "fillingDate": "2010-05-07",
    "acceptedDate": "2010-05-07 13:13:58",
    "calendarYear": "2010",
    "period": "Q1",
    "revenue": 4835000000,
    "costOfRevenue": 3188000000,
    "grossProfit": 1647000000,
    "grossProfitRatio": 0.3406411582,
    "researchAndDevelopmentExpenses": 0,
    "generalAndAdministrativeExpenses": 0,
    "sellingAndMarketingExpenses": 881000000,
    "sellingGeneralAndAdministrativeExpenses": 881000000,
    "otherExpenses": 101000000,
    "operatingExpenses": 982000000,
    "costAndExpenses": 4170000000,
    "interestIncome": 5000000,
    "interestExpense": 61000000,
    "depreciationAndAmortization": 193000000,
    "ebitda": 863000000,
    "ebitdaratio": 0.1784901758,
    "operatingIncome": 665000000,
    "operatingIncomeRatio": 0.1375387797,
    "totalOtherIncomeExpensesNet": -56000000,
    "incomeBeforeTax": 609000000,
    "incomeBeforeTaxRatio": 0.1259565667,
    "incomeTaxExpense": 241000000,
    "netIncome": 384000000,
    "netIncomeRatio": 0.0794208893,
    "eps": 0.92,
    "epsdiluted": 0.92,
    "weightedAverageShsOut": 417600000,
    "weightedAverageShsOutDil": 419300000,
    "link": "https://www.sec.gov/Archives/edgar/data/55785/000005578510000019/0000055785-10-000019-index.htm",
    "finalLink": "https://www.sec.gov/Archives/edgar/data/55785/000005578510000019/kc_10q-1q10.htm"
  },
  {
    "date": "2009-12-31",
    "symbol": "KMB",
    "reportedCurrency": "USD",
    "cik": "0000055785",
    "fillingDate": "2010-02-24",
    "acceptedDate": "2010-02-24 13:38:57",
    "calendarYear": "2009",
    "period": "Q4",
    "revenue": 4982000000,
    "costOfRevenue": 3316000000,
    "grossProfit": 1666000000,
    "grossProfitRatio": 0.3344038539,
    "researchAndDevelopmentExpenses": 0,
    "generalAndAdministrativeExpenses": 0,
    "sellingAndMarketingExpenses": 974000000,
    "sellingGeneralAndAdministrativeExpenses": 974000000,
    "otherExpenses": -25000000,
    "operatingExpenses": 949000000,
    "costAndExpenses": 4265000000,
    "interestIncome": 5000000,
    "interestExpense": 64000000,
    "depreciationAndAmortization": 220000000,
    "ebitda": 942000000,
    "ebitdaratio": 0.1890806905,
    "operatingIncome": 717000000,
    "operatingIncomeRatio": 0.1439181052,
    "totalOtherIncomeExpensesNet": -59000000,
    "incomeBeforeTax": 658000000,
    "incomeBeforeTaxRatio": 0.1320754717,
    "incomeTaxExpense": 184000000,
    "netIncome": 492000000,
    "netIncomeRatio": 0.0987555199,
    "eps": 1.19,
    "epsdiluted": 1.19,
    "weightedAverageShsOut": 414900000,
    "weightedAverageShsOutDil": 414900000,
    "link": "https://www.sec.gov/Archives/edgar/data/55785/000119312510038621/0001193125-10-038621-index.htm",
    "finalLink": "https://www.sec.gov/Archives/edgar/data/55785/000119312510038621/d10k.htm"
  },
  {
    "date": "2009-09-30",
    "symbol": "KMB",
    "reportedCurrency": "USD",
    "cik": "0000055785",
    "fillingDate": "2009-11-06",
    "acceptedDate": "2009-11-06 10:15:45",
    "calendarYear": "2009",
    "period": "Q3",
    "revenue": 4913000000,
    "costOfRevenue": 3186000000,
    "grossProfit": 1727000000,
    "grossProfitRatio": 0.3515163851,
    "researchAndDevelopmentExpenses": 0,
    "generalAndAdministrativeExpenses": 0,
    "sellingAndMarketingExpenses": 852000000,
    "sellingGeneralAndAdministrativeExpenses": 852000000,
    "otherExpenses": 4000000,
    "operatingExpenses": 856000000,
    "costAndExpenses": 4042000000,
    "interestIncome": 7000000,
    "interestExpense": 67000000,
    "depreciationAndAmortization": 196000000,
    "ebitda": 1074000000,
    "ebitdaratio": 0.2186037045,
    "operatingIncome": 871000000,
    "operatingIncomeRatio": 0.1772847547,
    "totalOtherIncomeExpensesNet": -60000000,
    "incomeBeforeTax": 811000000,
    "incomeBeforeTaxRatio": 0.1650722573,
    "incomeTaxExpense": 240000000,
    "netIncome": 582000000,
    "netIncomeRatio": 0.1184612253,
    "eps": 1.4,
    "epsdiluted": 1.4,
    "weightedAverageShsOut": 415900000,
    "weightedAverageShsOutDil": 416800000,
    "link": "https://www.sec.gov/Archives/edgar/data/55785/000005578509000035/0000055785-09-000035-index.htm",
    "finalLink": "https://www.sec.gov/Archives/edgar/data/55785/000005578509000035/kc_10q-3q09.htm"
  },
  {
    "date": "2009-06-30",
    "symbol": "KMB",
    "reportedCurrency": "USD",
    "cik": "0000055785",
    "fillingDate": "2009-08-07",
    "acceptedDate": "2009-08-07 14:48:24",
    "calendarYear": "2009",
    "period": "Q2",
    "revenue": 4727000000,
    "costOfRevenue": 3154000000,
    "grossProfit": 1573000000,
    "grossProfitRatio": 0.3327691982,
    "researchAndDevelopmentExpenses": 0,
    "generalAndAdministrativeExpenses": 0,
    "sellingAndMarketingExpenses": 923000000,
    "sellingGeneralAndAdministrativeExpenses": 923000000,
    "otherExpenses": 41000000,
    "operatingExpenses": 964000000,
    "costAndExpenses": 4118000000,
    "interestIncome": 6000000,
    "interestExpense": 71000000,
    "depreciationAndAmortization": 190000000,
    "ebitda": 805000000,
    "ebitdaratio": 0.1702982864,
    "operatingIncome": 609000000,
    "operatingIncomeRatio": 0.1288343558,
    "totalOtherIncomeExpensesNet": -65000000,
    "incomeBeforeTax": 544000000,
    "incomeBeforeTaxRatio": 0.1150835625,
    "incomeTaxExpense": 158000000,
    "netIncome": 403000000,
    "netIncomeRatio": 0.0852549186,
    "eps": 0.97,
    "epsdiluted": 0.97,
    "weightedAverageShsOut": 415600000,
    "weightedAverageShsOutDil": 415900000,
    "link": "https://www.sec.gov/Archives/edgar/data/55785/000005578509000026/0000055785-09-000026-index.htm",
    "finalLink": "https://www.sec.gov/Archives/edgar/data/55785/000005578509000026/kc_10q-2q09.htm"
  },
  {
    "date": "2009-03-31",
    "symbol": "KMB",
    "reportedCurrency": "USD",
    "cik": "0000055785",
    "fillingDate": "2009-05-08",
    "acceptedDate": "2009-05-08 13:25:33",
    "calendarYear": "2009",
    "period": "Q1",
    "revenue": 4493000000,
    "costOfRevenue": 3039000000,
    "grossProfit": 1454000000,
    "grossProfitRatio": 0.3236145115,
    "researchAndDevelopmentExpenses": 0,
    "generalAndAdministrativeExpenses": 0,
    "sellingAndMarketingExpenses": 749000000,
    "sellingGeneralAndAdministrativeExpenses": 749000000,
    "otherExpenses": 77000000,
    "operatingExpenses": 826000000,
    "costAndExpenses": 3865000000,
    "interestIncome": 8000000,
    "interestExpense": 73000000,
    "depreciationAndAmortization": 177000000,
    "ebitda": 813000000,
    "ebitdaratio": 0.1809481416,
    "operatingIncome": 628000000,
    "operatingIncomeRatio": 0.1397729802,
    "totalOtherIncomeExpensesNet": -65000000,
    "incomeBeforeTax": 563000000,
    "incomeBeforeTaxRatio": 0.1253060316,
    "incomeTaxExpense": 164000000,
    "netIncome": 407000000,
    "netIncomeRatio": 0.090585355,
    "eps": 0.98,
    "epsdiluted": 0.98,
    "weightedAverageShsOut": 413700000,
    "weightedAverageShsOutDil": 415900000,
    "link": "https://www.sec.gov/Archives/edgar/data/55785/000005578509000017/0000055785-09-000017-index.htm",
    "finalLink": "https://www.sec.gov/Archives/edgar/data/55785/000005578509000017/kc_10q-1q09.htm"
  },
  {
    "date": "2008-12-31",
    "symbol": "KMB",
    "reportedCurrency": "USD",
    "cik": "0000055785",
    "fillingDate": "2009-02-27",
    "acceptedDate": "2009-02-27 14:27:11",
    "calendarYear": "2008",
    "period": "Q4",
    "revenue": 4597900000,
    "costOfRevenue": 3143300000,
    "grossProfit": 1454600000,
    "grossProfitRatio": 0.3163618174,
    "researchAndDevelopmentExpenses": 0,
    "generalAndAdministrativeExpenses": 816300000,
    "sellingAndMarketingExpenses": 0,
    "sellingGeneralAndAdministrativeExpenses": 816300000,
    "otherExpenses": 15000000,
    "operatingExpenses": 831300000,
    "costAndExpenses": 3974600000,
    "interestIncome": 0,
    "interestExpense": 0,
    "depreciationAndAmortization": 179500000,
    "ebitda": 802800000,
    "ebitdaratio": 0.1746014485,
    "operatingIncome": 623300000,
    "operatingIncomeRatio": 0.1355618869,
    "totalOtherIncomeExpensesNet": -65600000,
    "incomeBeforeTax": 557700000,
    "incomeBeforeTaxRatio": 0.121294504,
    "incomeTaxExpense": 124300000,
    "netIncome": 419300000,
    "netIncomeRatio": 0.0911938059,
    "eps": 1.03,
    "epsdiluted": 1.01,
    "weightedAverageShsOut": 408600000,
    "weightedAverageShsOutDil": 415600000,
    "link": "https://www.sec.gov/Archives/edgar/data/55785/000119312509040737/0001193125-09-040737-index.htm",
    "finalLink": "https://www.sec.gov/Archives/edgar/data/55785/000119312509040737/d10k.htm"
  },
  {
    "date": "2008-09-30",
    "symbol": "KMB",
    "reportedCurrency": "USD",
    "cik": "0000055785",
    "fillingDate": "2008-11-07",
    "acceptedDate": "2008-11-07 11:42:49",
    "calendarYear": "2008",
    "period": "Q3",
    "revenue": 4998200000,
    "costOfRevenue": 3535000000,
    "grossProfit": 1463200000,
    "grossProfitRatio": 0.2927453883,
    "researchAndDevelopmentExpenses": 0,
    "generalAndAdministrativeExpenses": 849000000,
    "sellingAndMarketingExpenses": 0,
    "sellingGeneralAndAdministrativeExpenses": 849000000,
    "otherExpenses": 4700000,
    "operatingExpenses": 853700000,
    "costAndExpenses": 4388000000,
    "interestIncome": 14900000,
    "interestExpense": 76000000,
    "depreciationAndAmortization": 195300000,
    "ebitda": 821000000,
    "ebitdaratio": 0.1642591333,
    "operatingIncome": 609500000,
    "operatingIncomeRatio": 0.1219438998,
    "totalOtherIncomeExpensesNet": -61000000,
    "incomeBeforeTax": 549000000,
    "incomeBeforeTaxRatio": 0.1098395422,
    "incomeTaxExpense": 154000000,
    "netIncome": 413100000,
    "netIncomeRatio": 0.0826497539,
    "eps": 0.99,
    "epsdiluted": 0.99,
    "weightedAverageShsOut": 417000000,
    "weightedAverageShsOutDil": 418100000,
    "link": "https://www.sec.gov/Archives/edgar/data/55785/000005578508000039/0000055785-08-000039-index.htm",
    "finalLink": "https://www.sec.gov/Archives/edgar/data/55785/000005578508000039/kc_10q-3q08.htm"
  },
  {
    "date": "2008-06-30",
    "symbol": "KMB",
    "reportedCurrency": "USD",
    "cik": "0000055785",
    "fillingDate": "2008-08-08",
    "acceptedDate": "2008-08-08 14:35:06",
    "calendarYear": "2008",
    "period": "Q2",
    "revenue": 5006200000,
    "costOfRevenue": 3521700000,
    "grossProfit": 1484500000,
    "grossProfitRatio": 0.2965322999,
    "researchAndDevelopmentExpenses": 0,
    "generalAndAdministrativeExpenses": 827300000,
    "sellingAndMarketingExpenses": 0,
    "sellingGeneralAndAdministrativeExpenses": 827300000,
    "otherExpenses": 7100000,
    "operatingExpenses": 834400000,
    "costAndExpenses": 4356000000,
    "interestIncome": 8000000,
    "interestExpense": 74000000,
    "depreciationAndAmortization": 200700000,
    "ebitda": 858000000,
    "ebitdaratio": 0.1713874795,
    "operatingIncome": 650100000,
    "operatingIncomeRatio": 0.1298589749,
    "totalOtherIncomeExpensesNet": -66000000,
    "incomeBeforeTax": 584000000,
    "incomeBeforeTaxRatio": 0.1166553474,
    "incomeTaxExpense": 174000000,
    "netIncome": 416700000,
    "netIncomeRatio": 0.0832367864,
    "eps": 0.99,
    "epsdiluted": 0.99,
    "weightedAverageShsOut": 419500000,
    "weightedAverageShsOutDil": 421000000,
    "link": "https://www.sec.gov/Archives/edgar/data/55785/000005578508000032/0000055785-08-000032-index.htm",
    "finalLink": "https://www.sec.gov/Archives/edgar/data/55785/000005578508000032/kc_10q-2q08.htm"
  },
  {
    "date": "2008-03-31",
    "symbol": "KMB",
    "reportedCurrency": "USD",
    "cik": "0000055785",
    "fillingDate": "2008-05-09",
    "acceptedDate": "2008-05-09 15:22:58",
    "calendarYear": "2008",
    "period": "Q1",
    "revenue": 4812700000,
    "costOfRevenue": 3357000000,
    "grossProfit": 1455700000,
    "grossProfitRatio": 0.3024705467,
    "researchAndDevelopmentExpenses": 0,
    "generalAndAdministrativeExpenses": 798400000,
    "sellingAndMarketingExpenses": 0,
    "sellingGeneralAndAdministrativeExpenses": 798400000,
    "otherExpenses": -6800000,
    "operatingExpenses": 791600000,
    "costAndExpenses": 4149000000,
    "interestIncome": 8000000,
    "interestExpense": 74000000,
    "depreciationAndAmortization": 199500000,
    "ebitda": 840200000,
    "ebitdaratio": 0.1745797577,
    "operatingIncome": 664100000,
    "operatingIncomeRatio": 0.1379890706,
    "totalOtherIncomeExpensesNet": -66000000,
    "incomeBeforeTax": 598000000,
    "incomeBeforeTaxRatio": 0.1242545764,
    "incomeTaxExpense": 165000000,
    "netIncome": 440900000,
    "netIncomeRatio": 0.0916117772,
    "eps": 1.05,
    "epsdiluted": 1.04,
    "weightedAverageShsOut": 421700000,
    "weightedAverageShsOutDil": 423600000,
    "link": "https://www.sec.gov/Archives/edgar/data/55785/000005578508000020/0000055785-08-000020-index.html",
    "finalLink": "https://www.sec.gov/Archives/edgar/data/55785/000005578508000020/kc_10q-1q08.htm"
  },
  {
    "date": "2007-12-31",
    "symbol": "KMB",
    "reportedCurrency": "USD",
    "cik": "0000055785",
    "fillingDate": "2008-02-22",
    "acceptedDate": "2008-02-22 16:17:46",
    "calendarYear": "2007",
    "period": "Q4",
    "revenue": 4758100000,
    "costOfRevenue": 3296000000,
    "grossProfit": 1462100000,
    "grossProfitRatio": 0.3072865219,
    "researchAndDevelopmentExpenses": 0,
    "generalAndAdministrativeExpenses": 2313900000,
    "sellingAndMarketingExpenses": -1521900000,
    "sellingGeneralAndAdministrativeExpenses": 792000000,
    "otherExpenses": 1200000,
    "operatingExpenses": 793200000,
    "costAndExpenses": 4089200000,
    "interestIncome": 0,
    "interestExpense": 0,
    "depreciationAndAmortization": 180100000,
    "ebitda": 849000000,
    "ebitdaratio": 0.1784325676,
    "operatingIncome": 668900000,
    "operatingIncomeRatio": 0.1405813245,
    "totalOtherIncomeExpensesNet": -59200000,
    "incomeBeforeTax": 609700000,
    "incomeBeforeTaxRatio": 0.1281393834,
    "incomeTaxExpense": 145400000,
    "netIncome": 456000000,
    "netIncomeRatio": 0.0958365734,
    "eps": 1.08,
    "epsdiluted": 1.06,
    "weightedAverageShsOut": 421028778,
    "weightedAverageShsOutDil": 431523810,
    "link": "https://www.sec.gov/Archives/edgar/data/55785/000119312508036335/0001193125-08-036335-index.htm",
    "finalLink": "https://www.sec.gov/Archives/edgar/data/55785/000119312508036335/d10k.htm"
  },
  {
    "date": "2007-09-30",
    "symbol": "KMB",
    "reportedCurrency": "USD",
    "cik": "0000055785",
    "fillingDate": "2007-09-30",
    "acceptedDate": "2007-09-29 20:00:00",
    "calendarYear": "2007",
    "period": "Q3",
    "revenue": 4620600000,
    "costOfRevenue": 3177100000,
    "grossProfit": 1443500000,
    "grossProfitRatio": 0.3124053153,
    "researchAndDevelopmentExpenses": 0,
    "generalAndAdministrativeExpenses": 783700000,
    "sellingAndMarketingExpenses": 0,
    "sellingGeneralAndAdministrativeExpenses": 783700000,
    "otherExpenses": -22900000,
    "operatingExpenses": 760800000,
    "costAndExpenses": 3937900000,
    "interestIncome": 0,
    "interestExpense": 0,
    "depreciationAndAmortization": 213500000,
    "ebitda": 896200000,
    "ebitdaratio": 0.1939574947,
    "operatingIncome": 682700000,
    "operatingIncomeRatio": 0.1477513743,
    "totalOtherIncomeExpensesNet": -75800000,
    "incomeBeforeTax": 606900000,
    "incomeBeforeTaxRatio": 0.1313465784,
    "incomeTaxExpense": 167500000,
    "netIncome": 453100000,
    "netIncomeRatio": 0.0980608579,
    "eps": 1.05,
    "epsdiluted": 1.04,
    "weightedAverageShsOut": 431523810,
    "weightedAverageShsOutDil": 435673077,
    "link": null,
    "finalLink": null
  },
  {
    "date": "2007-06-30",
    "symbol": "KMB",
    "reportedCurrency": "USD",
    "cik": "0000055785",
    "fillingDate": "2007-06-30",
    "acceptedDate": "2007-06-29 20:00:00",
    "calendarYear": "2007",
    "period": "Q2",
    "revenue": 4502000000,
    "costOfRevenue": 3056000000,
    "grossProfit": 1446000000,
    "grossProfitRatio": 0.321190582,
    "researchAndDevelopmentExpenses": 0,
    "generalAndAdministrativeExpenses": 797600000,
    "sellingAndMarketingExpenses": 0,
    "sellingGeneralAndAdministrativeExpenses": 797600000,
    "otherExpenses": -300000,
    "operatingExpenses": 797300000,
    "costAndExpenses": 3853300000,
    "interestIncome": 0,
    "interestExpense": 0,
    "depreciationAndAmortization": 198300000,
    "ebitda": 847000000,
    "ebitdaratio": 0.1881386051,
    "operatingIncome": 648700000,
    "operatingIncomeRatio": 0.1440915149,
    "totalOtherIncomeExpensesNet": -92000000,
    "incomeBeforeTax": 556700000,
    "incomeBeforeTaxRatio": 0.1236561528,
    "incomeTaxExpense": 111500000,
    "netIncome": 461800000,
    "netIncomeRatio": 0.1025766326,
    "eps": 1.01,
    "epsdiluted": 1,
    "weightedAverageShsOut": 457227723,
    "weightedAverageShsOutDil": 461800000,
    "link": null,
    "finalLink": null
  },
  {
    "date": "2007-03-31",
    "symbol": "KMB",
    "reportedCurrency": "USD",
    "cik": "0000055785",
    "fillingDate": "2007-05-09",
    "acceptedDate": "2007-05-09 15:22:23",
    "calendarYear": "2007",
    "period": "Q1",
    "revenue": 4385300000,
    "costOfRevenue": 3033000000,
    "grossProfit": 1352300000,
    "grossProfitRatio": 0.3083711491,
    "researchAndDevelopmentExpenses": 0,
    "generalAndAdministrativeExpenses": 732600000,
    "sellingAndMarketingExpenses": 0,
    "sellingGeneralAndAdministrativeExpenses": 732600000,
    "otherExpenses": 3600000,
    "operatingExpenses": 736200000,
    "costAndExpenses": 3769200000,
    "interestIncome": 0,
    "interestExpense": 0,
    "depreciationAndAmortization": 214600000,
    "ebitda": 830700000,
    "ebitdaratio": 0.1894283173,
    "operatingIncome": 616100000,
    "operatingIncomeRatio": 0.1404920986,
    "totalOtherIncomeExpensesNet": -71900000,
    "incomeBeforeTax": 544200000,
    "incomeBeforeTaxRatio": 0.124096413,
    "incomeTaxExpense": 112100000,
    "netIncome": 452000000,
    "netIncomeRatio": 0.1030716257,
    "eps": 0.99,
    "epsdiluted": 0.98,
    "weightedAverageShsOut": 456565657,
    "weightedAverageShsOutDil": 461224490,
    "link": "https://www.sec.gov/Archives/edgar/data/55785/000005578507000132/0000055785-07-000132-index.html",
    "finalLink": "https://www.sec.gov/Archives/edgar/data/55785/000005578507000132/kc_10q-1q07.htm"
  },
  {
    "date": "2006-12-31",
    "symbol": "KMB",
    "reportedCurrency": "USD",
    "cik": "0000055785",
    "fillingDate": "2007-02-22",
    "acceptedDate": "2007-02-22 15:08:39",
    "calendarYear": "2006",
    "period": "Q4",
    "revenue": 4307200000,
    "costOfRevenue": 2941300000,
    "grossProfit": 1365900000,
    "grossProfitRatio": 0.3171201709,
    "researchAndDevelopmentExpenses": 0,
    "generalAndAdministrativeExpenses": 744700000,
    "sellingAndMarketingExpenses": 0,
    "sellingGeneralAndAdministrativeExpenses": 744700000,
    "otherExpenses": 10600000,
    "operatingExpenses": 755300000,
    "costAndExpenses": 3696600000,
    "interestIncome": 27500000,
    "interestExpense": 11288800000,
    "depreciationAndAmortization": 218300000,
    "ebitda": 828900000,
    "ebitdaratio": 0.192445208,
    "operatingIncome": 610600000,
    "operatingIncomeRatio": 0.14176263,
    "totalOtherIncomeExpensesNet": -69900000,
    "incomeBeforeTax": 540700000,
    "incomeBeforeTaxRatio": 0.1255339896,
    "incomeTaxExpense": 124300000,
    "netIncome": 482600000,
    "netIncomeRatio": 0.112044948,
    "eps": 1.05,
    "epsdiluted": 1.04,
    "weightedAverageShsOut": 458562691,
    "weightedAverageShsOutDil": 461384615,
    "link": "https://www.sec.gov/Archives/edgar/data/55785/000119312507037015/0001193125-07-037015-index.htm",
    "finalLink": "https://www.sec.gov/Archives/edgar/data/55785/000119312507037015/d10k.htm"
  },
  {
    "date": "2006-09-30",
    "symbol": "KMB",
    "reportedCurrency": "USD",
    "cik": "0000055785",
    "fillingDate": "2006-09-30",
    "acceptedDate": "2006-09-29 20:00:00",
    "calendarYear": "2006",
    "period": "Q3",
    "revenue": 4210400000,
    "costOfRevenue": 2934900000,
    "grossProfit": 1275500000,
    "grossProfitRatio": 0.3029403382,
    "researchAndDevelopmentExpenses": 0,
    "generalAndAdministrativeExpenses": 0,
    "sellingAndMarketingExpenses": 0,
    "sellingGeneralAndAdministrativeExpenses": 749200000,
    "otherExpenses": -100000,
    "operatingExpenses": 749100000,
    "costAndExpenses": 3684000000,
    "interestIncome": 0,
    "interestExpense": 0,
    "depreciationAndAmortization": 214900000,
    "ebitda": 741300000,
    "ebitdaratio": 0.1760640319,
    "operatingIncome": 526400000,
    "operatingIncomeRatio": 0.1250237507,
    "totalOtherIncomeExpensesNet": -66900000,
    "incomeBeforeTax": 459500000,
    "incomeBeforeTaxRatio": 0.109134524,
    "incomeTaxExpense": 114600000,
    "netIncome": 364200000,
    "netIncomeRatio": 0.086500095,
    "eps": 0.8,
    "epsdiluted": 0.79,
    "weightedAverageShsOut": 455250000,
    "weightedAverageShsOutDil": 461012658,
    "link": null,
    "finalLink": null
  },
  {
    "date": "2006-06-30",
    "symbol": "KMB",
    "reportedCurrency": "USD",
    "cik": "0000055785",
    "fillingDate": "2006-06-30",
    "acceptedDate": "2006-06-29 20:00:00",
    "calendarYear": "2006",
    "period": "Q2",
    "revenue": 4161400000,
    "costOfRevenue": 2873800000,
    "grossProfit": 1287600000,
    "grossProfitRatio": 0.3094151007,
    "researchAndDevelopmentExpenses": 0,
    "generalAndAdministrativeExpenses": 0,
    "sellingAndMarketingExpenses": 0,
    "sellingGeneralAndAdministrativeExpenses": 741900000,
    "otherExpenses": 1600000,
    "operatingExpenses": 743500000,
    "costAndExpenses": 3617300000,
    "interestIncome": 0,
    "interestExpense": 0,
    "depreciationAndAmortization": 238600000,
    "ebitda": -10805700000,
    "ebitdaratio": -2.5966501658,
    "operatingIncome": 544100000,
    "operatingIncomeRatio": 0.1307492671,
    "totalOtherIncomeExpensesNet": -495300000,
    "incomeBeforeTax": 48800000,
    "incomeBeforeTaxRatio": 0.0117268227,
    "incomeTaxExpense": 131000000,
    "netIncome": 377600000,
    "netIncomeRatio": 0.0907386937,
    "eps": 0.82,
    "epsdiluted": 0.82,
    "weightedAverageShsOut": 460487805,
    "weightedAverageShsOutDil": 460487805,
    "link": null,
    "finalLink": null
  },
  {
    "date": "2006-03-31",
    "symbol": "KMB",
    "reportedCurrency": "USD",
    "cik": "0000055785",
    "fillingDate": "2006-03-31",
    "acceptedDate": "2006-03-30 19:00:00",
    "calendarYear": "2006",
    "period": "Q1",
    "revenue": 4067900000,
    "costOfRevenue": 2914800000,
    "grossProfit": 1153100000,
    "grossProfitRatio": 0.283463212,
    "researchAndDevelopmentExpenses": 0,
    "generalAndAdministrativeExpenses": 712500000,
    "sellingAndMarketingExpenses": 0,
    "sellingGeneralAndAdministrativeExpenses": 712500000,
    "otherExpenses": 20200000,
    "operatingExpenses": 732700000,
    "costAndExpenses": 3647500000,
    "interestIncome": 0,
    "interestExpense": 0,
    "depreciationAndAmortization": 261000000,
    "ebitda": 681400000,
    "ebitdaratio": 0.1675065759,
    "operatingIncome": 420400000,
    "operatingIncomeRatio": 0.1033457066,
    "totalOtherIncomeExpensesNet": -63700000,
    "incomeBeforeTax": 356700000,
    "incomeBeforeTaxRatio": 0.0876865213,
    "incomeTaxExpense": 99300000,
    "netIncome": 275100000,
    "netIncomeRatio": 0.0676270311,
    "eps": 0.6,
    "epsdiluted": 0.6,
    "weightedAverageShsOut": 458500000,
    "weightedAverageShsOutDil": 458500000,
    "link": "",
    "finalLink": ""
  },
  {
    "date": "2005-12-31",
    "symbol": "KMB",
    "reportedCurrency": "USD",
    "cik": "0000055785",
    "fillingDate": "2006-02-23",
    "acceptedDate": "2006-02-23 15:19:55",
    "calendarYear": "2005",
    "period": "Q4",
    "revenue": 4008900000,
    "costOfRevenue": 2719300000,
    "grossProfit": 1289600000,
    "grossProfitRatio": 0.3216842525,
    "researchAndDevelopmentExpenses": 0,
    "generalAndAdministrativeExpenses": 715900000,
    "sellingAndMarketingExpenses": 0,
    "sellingGeneralAndAdministrativeExpenses": 715900000,
    "otherExpenses": 1500000,
    "operatingExpenses": 717400000,
    "costAndExpenses": 3436700000,
    "interestIncome": 0,
    "interestExpense": 0,
    "depreciationAndAmortization": 219900000,
    "ebitda": 792100000,
    "ebitdaratio": 0.1975853725,
    "operatingIncome": 572200000,
    "operatingIncomeRatio": 0.1427324204,
    "totalOtherIncomeExpensesNet": -87800000,
    "incomeBeforeTax": 484400000,
    "incomeBeforeTaxRatio": 0.1208311507,
    "incomeTaxExpense": 114100000,
    "netIncome": 371100000,
    "netIncomeRatio": 0.0925690339,
    "eps": 0.81,
    "epsdiluted": 0.81,
    "weightedAverageShsOut": 458500000,
    "weightedAverageShsOutDil": 458500000,
    "link": "https://www.sec.gov/Archives/edgar/data/55785/000119312506037643/0001193125-06-037643-index.htm",
    "finalLink": "https://www.sec.gov/Archives/edgar/data/55785/000119312506037643/d10k.htm"
  },
  {
    "date": "2005-09-30",
    "symbol": "KMB",
    "reportedCurrency": "USD",
    "cik": "0000055785",
    "fillingDate": "2005-11-04",
    "acceptedDate": "2005-11-04 15:14:07",
    "calendarYear": "2005",
    "period": "Q3",
    "revenue": 4000800000,
    "costOfRevenue": 2844400000,
    "grossProfit": 1156400000,
    "grossProfitRatio": 0.2890421916,
    "researchAndDevelopmentExpenses": 0,
    "generalAndAdministrativeExpenses": 679500000,
    "sellingAndMarketingExpenses": 0,
    "sellingGeneralAndAdministrativeExpenses": 679500000,
    "otherExpenses": 12300000,
    "operatingExpenses": 691800000,
    "costAndExpenses": 3536200000,
    "interestIncome": 0,
    "interestExpense": 0,
    "depreciationAndAmortization": 239600000,
    "ebitda": 464600000,
    "ebitdaratio": 0.1161267746,
    "operatingIncome": 464600000,
    "operatingIncomeRatio": 0.1161267746,
    "totalOtherIncomeExpensesNet": -83800000,
    "incomeBeforeTax": 380800000,
    "incomeBeforeTaxRatio": 0.0951809638,
    "incomeTaxExpense": 66300000,
    "netIncome": 325300000,
    "netIncomeRatio": 0.0813087383,
    "eps": 0.69,
    "epsdiluted": 0.68,
    "weightedAverageShsOut": 471449275,
    "weightedAverageShsOutDil": 478382353,
    "link": "https://www.sec.gov/Archives/edgar/data/55785/000005578505000182/0000055785-05-000182-index.htm",
    "finalLink": "https://www.sec.gov/Archives/edgar/data/55785/000005578505000182/kc_q32005-10q.htm"
  },
  {
    "date": "2005-06-30",
    "symbol": "KMB",
    "reportedCurrency": "USD",
    "cik": "0000055785",
    "fillingDate": "2005-08-04",
    "acceptedDate": "2005-08-04 15:28:35",
    "calendarYear": "2005",
    "period": "Q2",
    "revenue": 3987100000,
    "costOfRevenue": 2664500000,
    "grossProfit": 1322600000,
    "grossProfitRatio": 0.3317197963,
    "researchAndDevelopmentExpenses": 0,
    "generalAndAdministrativeExpenses": 688100000,
    "sellingAndMarketingExpenses": 0,
    "sellingGeneralAndAdministrativeExpenses": 688100000,
    "otherExpenses": -1700000,
    "operatingExpenses": 686400000,
    "costAndExpenses": 3350900000,
    "interestIncome": 0,
    "interestExpense": 0,
    "depreciationAndAmortization": 193000000,
    "ebitda": 636200000,
    "ebitdaratio": 0.1595645958,
    "operatingIncome": 636200000,
    "operatingIncomeRatio": 0.1595645958,
    "totalOtherIncomeExpensesNet": -85900000,
    "incomeBeforeTax": 550300000,
    "incomeBeforeTaxRatio": 0.1380201149,
    "incomeTaxExpense": 140800000,
    "netIncome": 421800000,
    "netIncomeRatio": 0.1057911765,
    "eps": 0.88,
    "epsdiluted": 0.88,
    "weightedAverageShsOut": 479318182,
    "weightedAverageShsOutDil": 479318182,
    "link": "https://www.sec.gov/Archives/edgar/data/55785/000005578505000143/0000055785-05-000143-index.htm",
    "finalLink": "https://www.sec.gov/Archives/edgar/data/55785/000005578505000143/kc_10q-2q05.htm"
  },
  {
    "date": "2005-03-31",
    "symbol": "KMB",
    "reportedCurrency": "USD",
    "cik": "0000055785",
    "fillingDate": "2005-05-05",
    "acceptedDate": "2005-05-05 15:11:51",
    "calendarYear": "2005",
    "period": "Q1",
    "revenue": 3905800000,
    "costOfRevenue": 2599200000,
    "grossProfit": 1306600000,
    "grossProfitRatio": 0.3345281376,
    "researchAndDevelopmentExpenses": 0,
    "generalAndAdministrativeExpenses": 653900000,
    "sellingAndMarketingExpenses": 0,
    "sellingGeneralAndAdministrativeExpenses": 653900000,
    "otherExpenses": 15100000,
    "operatingExpenses": 669000000,
    "costAndExpenses": -2470200000,
    "interestIncome": 0,
    "interestExpense": 0,
    "depreciationAndAmortization": 192000000,
    "ebitda": 6568000000,
    "ebitdaratio": 1.6816017205,
    "operatingIncome": 637600000,
    "operatingIncomeRatio": 0.1632444058,
    "totalOtherIncomeExpensesNet": -5822600000,
    "incomeBeforeTax": 553400000,
    "incomeBeforeTaxRatio": 0.1416867223,
    "incomeTaxExpense": 117200000,
    "netIncome": 450100000,
    "netIncomeRatio": 0.1152388755,
    "eps": 0.94,
    "epsdiluted": 0.93,
    "weightedAverageShsOut": 478829787,
    "weightedAverageShsOutDil": 483978495,
    "link": "https://www.sec.gov/Archives/edgar/data/55785/000005578505000095/0000055785-05-000095-index.htm",
    "finalLink": "https://www.sec.gov/Archives/edgar/data/55785/000005578505000095/kc_10q-1q05.htm"
  },
  {
    "date": "2004-12-31",
    "symbol": "KMB",
    "reportedCurrency": "USD",
    "cik": "0000055785",
    "fillingDate": "2005-02-24",
    "acceptedDate": "2005-02-24 17:07:23",
    "calendarYear": "2004",
    "period": "Q4",
    "revenue": 3642100000,
    "costOfRevenue": 2410400000,
    "grossProfit": 1231700000,
    "grossProfitRatio": 0.3381840147,
    "researchAndDevelopmentExpenses": 0,
    "generalAndAdministrativeExpenses": 635200000,
    "sellingAndMarketingExpenses": 0,
    "sellingGeneralAndAdministrativeExpenses": 635200000,
    "otherExpenses": 13700000,
    "operatingExpenses": 648900000,
    "costAndExpenses": 3059300000,
    "interestIncome": 0,
    "interestExpense": 0,
    "depreciationAndAmortization": 184100000,
    "ebitda": 766900000,
    "ebitdaratio": 0.2105653332,
    "operatingIncome": 408000000,
    "operatingIncomeRatio": 0.1120232833,
    "totalOtherIncomeExpensesNet": -78600000,
    "incomeBeforeTax": 504200000,
    "incomeBeforeTaxRatio": 0.1384366162,
    "incomeTaxExpense": 101400000,
    "netIncome": 445300000,
    "netIncomeRatio": 0.1222646276,
    "eps": 0.93,
    "epsdiluted": 0.93,
    "weightedAverageShsOut": 478829787,
    "weightedAverageShsOutDil": 478829787,
    "link": "https://www.sec.gov/Archives/edgar/data/55785/000119312505036237/0001193125-05-036237-index.htm",
    "finalLink": "https://www.sec.gov/Archives/edgar/data/55785/000119312505036237/d10k.htm"
  },
  {
    "date": "2004-09-30",
    "symbol": "KMB",
    "reportedCurrency": "USD",
    "cik": "0000055785",
    "fillingDate": "2004-11-09",
    "acceptedDate": "2004-11-09 14:44:01",
    "calendarYear": "2004",
    "period": "Q3",
    "revenue": 3866300000,
    "costOfRevenue": 2601800000,
    "grossProfit": 1264500000,
    "grossProfitRatio": 0.3270568761,
    "researchAndDevelopmentExpenses": 0,
    "generalAndAdministrativeExpenses": 625400000,
    "sellingAndMarketingExpenses": 0,
    "sellingGeneralAndAdministrativeExpenses": 625400000,
    "otherExpenses": 8500000,
    "operatingExpenses": 633900000,
    "costAndExpenses": 3166100000,
    "interestIncome": 0,
    "interestExpense": 0,
    "depreciationAndAmortization": 208300000,
    "ebitda": 814600000,
    "ebitdaratio": 0.2106923932,
    "operatingIncome": 630600000,
    "operatingIncomeRatio": 0.1631016734,
    "totalOtherIncomeExpensesNet": -62800000,
    "incomeBeforeTax": 554100000,
    "incomeBeforeTaxRatio": 0.1433153144,
    "incomeTaxExpense": 132700000,
    "netIncome": 441300000,
    "netIncomeRatio": 0.114140134,
    "eps": 0.9,
    "epsdiluted": 0.89,
    "weightedAverageShsOut": 490333333,
    "weightedAverageShsOutDil": 495842697,
    "link": "https://www.sec.gov/Archives/edgar/data/55785/000005578504000196/0000055785-04-000196-index.htm",
    "finalLink": "https://www.sec.gov/Archives/edgar/data/55785/000005578504000196/kc_10q-3q04.htm"
  },
  {
    "date": "2004-06-30",
    "symbol": "KMB",
    "reportedCurrency": "USD",
    "cik": "0000055785",
    "fillingDate": "2004-08-06",
    "acceptedDate": "2004-08-06 15:33:56",
    "calendarYear": "2004",
    "period": "Q2",
    "revenue": 3775700000,
    "costOfRevenue": 2491000000,
    "grossProfit": 1284700000,
    "grossProfitRatio": 0.3402547872,
    "researchAndDevelopmentExpenses": 0,
    "generalAndAdministrativeExpenses": 625500000,
    "sellingAndMarketingExpenses": 0,
    "sellingGeneralAndAdministrativeExpenses": 625500000,
    "otherExpenses": 14500000,
    "operatingExpenses": 640000000,
    "costAndExpenses": 3062600000,
    "interestIncome": 0,
    "interestExpense": 0,
    "depreciationAndAmortization": 207500000,
    "ebitda": 832800000,
    "ebitdaratio": 0.2205683714,
    "operatingIncome": 644700000,
    "operatingIncomeRatio": 0.1707497947,
    "totalOtherIncomeExpensesNet": -75400000,
    "incomeBeforeTax": 549300000,
    "incomeBeforeTaxRatio": 0.1454829568,
    "incomeTaxExpense": 118200000,
    "netIncome": 454300000,
    "netIncomeRatio": 0.1203220595,
    "eps": 0.91,
    "epsdiluted": 0.9,
    "weightedAverageShsOut": 499230769,
    "weightedAverageShsOutDil": 504777778,
    "link": "https://www.sec.gov/Archives/edgar/data/55785/000005578504000143/0000055785-04-000143-index.htm",
    "finalLink": "https://www.sec.gov/Archives/edgar/data/55785/000005578504000143/kc_10q-2q04.htm"
  },
  {
    "date": "2004-03-31",
    "symbol": "KMB",
    "reportedCurrency": "USD",
    "cik": "0000055785",
    "fillingDate": "2004-05-07",
    "acceptedDate": "2004-05-07 15:05:37",
    "calendarYear": "2004",
    "period": "Q1",
    "revenue": 3799100000,
    "costOfRevenue": 2511500000,
    "grossProfit": 1287600000,
    "grossProfitRatio": 0.3389223764,
    "researchAndDevelopmentExpenses": 0,
    "generalAndAdministrativeExpenses": 624800000,
    "sellingAndMarketingExpenses": 0,
    "sellingGeneralAndAdministrativeExpenses": 624800000,
    "otherExpenses": 14500000,
    "operatingExpenses": 639300000,
    "costAndExpenses": 3088100000,
    "interestIncome": 0,
    "interestExpense": 0,
    "depreciationAndAmortization": 200400000,
    "ebitda": 823800000,
    "ebitdaratio": 0.2168408307,
    "operatingIncome": 648300000,
    "operatingIncomeRatio": 0.1706456792,
    "totalOtherIncomeExpensesNet": -86200000,
    "incomeBeforeTax": 537200000,
    "incomeBeforeTaxRatio": 0.141401911,
    "incomeTaxExpense": 107300000,
    "netIncome": 459300000,
    "netIncomeRatio": 0.1208970546,
    "eps": 0.92,
    "epsdiluted": 0.91,
    "weightedAverageShsOut": 499239130,
    "weightedAverageShsOutDil": 504725275,
    "link": "https://www.sec.gov/Archives/edgar/data/55785/000005578504000115/0000055785-04-000115-index.htm",
    "finalLink": "https://www.sec.gov/Archives/edgar/data/55785/000005578504000115/kc_10q-1q04.htm"
  },
  {
    "date": "2003-12-31",
    "symbol": "KMB",
    "reportedCurrency": "USD",
    "cik": "0000055785",
    "fillingDate": "2004-02-26",
    "acceptedDate": "2004-02-26 11:37:02",
    "calendarYear": "2003",
    "period": "Q4",
    "revenue": 3702100000,
    "costOfRevenue": 2427900000,
    "grossProfit": 1274200000,
    "grossProfitRatio": 0.3441830313,
    "researchAndDevelopmentExpenses": 0,
    "generalAndAdministrativeExpenses": 617600000,
    "sellingAndMarketingExpenses": 0,
    "sellingGeneralAndAdministrativeExpenses": 617600000,
    "otherExpenses": 34400000,
    "operatingExpenses": 652000000,
    "costAndExpenses": 3079900000,
    "interestIncome": 0,
    "interestExpense": 0,
    "depreciationAndAmortization": 195100000,
    "ebitda": 817300000,
    "ebitdaratio": 0.2207665919,
    "operatingIncome": 622200000,
    "operatingIncomeRatio": 0.1680667729,
    "totalOtherIncomeExpensesNet": -141100000,
    "incomeBeforeTax": 481100000,
    "incomeBeforeTaxRatio": 0.1299532698,
    "incomeTaxExpense": 34000000,
    "netIncome": 459500000,
    "netIncomeRatio": 0.1241187434,
    "eps": 0.92,
    "epsdiluted": 0.92,
    "weightedAverageShsOut": 499239130,
    "weightedAverageShsOutDil": 499239130,
    "link": "https://www.sec.gov/Archives/edgar/data/55785/000119312504029924/0001193125-04-029924-index.htm",
    "finalLink": "https://www.sec.gov/Archives/edgar/data/55785/000119312504029924/d10k.htm"
  },
  {
    "date": "2003-09-30",
    "symbol": "KMB",
    "reportedCurrency": "USD",
    "cik": "0000055785",
    "fillingDate": "2003-11-06",
    "acceptedDate": "2003-11-06 16:57:23",
    "calendarYear": "2003",
    "period": "Q3",
    "revenue": 3641600000,
    "costOfRevenue": 2426700000,
    "grossProfit": 1214900000,
    "grossProfitRatio": 0.3336170914,
    "researchAndDevelopmentExpenses": 0,
    "generalAndAdministrativeExpenses": 589600000,
    "sellingAndMarketingExpenses": 0,
    "sellingGeneralAndAdministrativeExpenses": 589600000,
    "otherExpenses": 21300000,
    "operatingExpenses": 610900000,
    "costAndExpenses": 3037600000,
    "interestIncome": 0,
    "interestExpense": 0,
    "depreciationAndAmortization": 180000000,
    "ebitda": 784000000,
    "ebitdaratio": 0.2152899824,
    "operatingIncome": 604000000,
    "operatingIncomeRatio": 0.1658611599,
    "totalOtherIncomeExpensesNet": -35800000,
    "incomeBeforeTax": 568200000,
    "incomeBeforeTaxRatio": 0.1560303163,
    "incomeTaxExpense": 157800000,
    "netIncome": 419700000,
    "netIncomeRatio": 0.1152515378,
    "eps": 0.83,
    "epsdiluted": 0.83,
    "weightedAverageShsOut": 505662651,
    "weightedAverageShsOutDil": 505662651,
    "link": "https://www.sec.gov/Archives/edgar/data/55785/000005578503000067/0000055785-03-000067-index.htm",
    "finalLink": "https://www.sec.gov/Archives/edgar/data/55785/000005578503000067/q30310q.txt"
  },
  {
    "date": "2003-06-30",
    "symbol": "KMB",
    "reportedCurrency": "USD",
    "cik": "0000055785",
    "fillingDate": "2003-08-07",
    "acceptedDate": "2003-08-07 15:54:41",
    "calendarYear": "2003",
    "period": "Q2",
    "revenue": 3544600000,
    "costOfRevenue": 2337400000,
    "grossProfit": 1207200000,
    "grossProfitRatio": 0.3405743949,
    "researchAndDevelopmentExpenses": 0,
    "generalAndAdministrativeExpenses": 579500000,
    "sellingAndMarketingExpenses": 0,
    "sellingGeneralAndAdministrativeExpenses": 579500000,
    "otherExpenses": 20800000,
    "operatingExpenses": 600300000,
    "costAndExpenses": 2937700000,
    "interestIncome": 0,
    "interestExpense": 0,
    "depreciationAndAmortization": 188800000,
    "ebitda": 795700000,
    "ebitdaratio": 0.2244823111,
    "operatingIncome": 606900000,
    "operatingIncomeRatio": 0.1712181911,
    "totalOtherIncomeExpensesNet": -40300000,
    "incomeBeforeTax": 566600000,
    "incomeBeforeTaxRatio": 0.1598487841,
    "incomeTaxExpense": 164900000,
    "netIncome": 417300000,
    "netIncomeRatio": 0.1177283756,
    "eps": 0.82,
    "epsdiluted": 0.82,
    "weightedAverageShsOut": 508902439,
    "weightedAverageShsOutDil": 508902439,
    "link": "https://www.sec.gov/Archives/edgar/data/55785/000005578503000056/0000055785-03-000056-index.htm",
    "finalLink": "https://www.sec.gov/Archives/edgar/data/55785/000005578503000056/q10q0203.txt"
  },
  {
    "date": "2003-03-31",
    "symbol": "KMB",
    "reportedCurrency": "USD",
    "cik": "0000055785",
    "fillingDate": "2003-05-08",
    "acceptedDate": "2003-05-08 14:33:14",
    "calendarYear": "2003",
    "period": "Q1",
    "revenue": 3459700000,
    "costOfRevenue": 2256100000,
    "grossProfit": 1203600000,
    "grossProfitRatio": 0.3478914357,
    "researchAndDevelopmentExpenses": 0,
    "generalAndAdministrativeExpenses": 588900000,
    "sellingAndMarketingExpenses": 0,
    "sellingGeneralAndAdministrativeExpenses": 588900000,
    "otherExpenses": 35400000,
    "operatingExpenses": 624300000,
    "costAndExpenses": 2880400000,
    "interestIncome": 0,
    "interestExpense": 0,
    "depreciationAndAmortization": 181900000,
    "ebitda": 761200000,
    "ebitdaratio": 0.2200190768,
    "operatingIncome": 579300000,
    "operatingIncomeRatio": 0.1674422638,
    "totalOtherIncomeExpensesNet": -38200000,
    "incomeBeforeTax": 541100000,
    "incomeBeforeTaxRatio": 0.156400844,
    "incomeTaxExpense": 157500000,
    "netIncome": 397700000,
    "netIncomeRatio": 0.1149521635,
    "eps": 0.78,
    "epsdiluted": 0.78,
    "weightedAverageShsOut": 509871795,
    "weightedAverageShsOutDil": 509871795,
    "link": "https://www.sec.gov/Archives/edgar/data/55785/000005578503000016/0000055785-03-000016-index.htm",
    "finalLink": "https://www.sec.gov/Archives/edgar/data/55785/000005578503000016/q100103.txt"
  },
  {
    "date": "2002-12-31",
    "symbol": "KMB",
    "reportedCurrency": "USD",
    "cik": "0000055785",
    "fillingDate": "2003-03-14",
    "acceptedDate": "2003-03-14 14:56:18",
    "calendarYear": "2002",
    "period": "Q4",
    "revenue": 3339800000,
    "costOfRevenue": 2219600000,
    "grossProfit": 1120200000,
    "grossProfitRatio": 0.3354093059,
    "researchAndDevelopmentExpenses": 0,
    "generalAndAdministrativeExpenses": 545900000,
    "sellingAndMarketingExpenses": 0,
    "sellingGeneralAndAdministrativeExpenses": 545900000,
    "otherExpenses": 44500000,
    "operatingExpenses": 590400000,
    "costAndExpenses": 2810000000,
    "interestIncome": 0,
    "interestExpense": 0,
    "depreciationAndAmortization": 188300000,
    "ebitda": 718100000,
    "ebitdaratio": 0.215012875,
    "operatingIncome": 529800000,
    "operatingIncomeRatio": 0.1586322534,
    "totalOtherIncomeExpensesNet": -40300000,
    "incomeBeforeTax": 489500000,
    "incomeBeforeTaxRatio": 0.1465656626,
    "incomeTaxExpense": 141900000,
    "netIncome": 369600000,
    "netIncomeRatio": 0.1106653093,
    "eps": 0.72,
    "epsdiluted": 0.72,
    "weightedAverageShsOut": 509871795,
    "weightedAverageShsOutDil": 509871795,
    "link": "https://www.sec.gov/Archives/edgar/data/55785/000005578503000001/0000055785-03-000001-index.htm",
    "finalLink": "https://www.sec.gov/Archives/edgar/data/55785/000005578503000001/form10k.txt"
  },
  {
    "date": "2002-09-30",
    "symbol": "KMB",
    "reportedCurrency": "USD",
    "cik": "0000055785",
    "fillingDate": "2002-11-07",
    "acceptedDate": "2002-11-07 16:21:59",
    "calendarYear": "2002",
    "period": "Q3",
    "revenue": 3486700000,
    "costOfRevenue": 2246500000,
    "grossProfit": 1240200000,
    "grossProfitRatio": 0.3556944962,
    "researchAndDevelopmentExpenses": 0,
    "generalAndAdministrativeExpenses": 579100000,
    "sellingAndMarketingExpenses": 0,
    "sellingGeneralAndAdministrativeExpenses": 579100000,
    "otherExpenses": 16300000,
    "operatingExpenses": 595400000,
    "costAndExpenses": 2841900000,
    "interestIncome": 0,
    "interestExpense": 0,
    "depreciationAndAmortization": 177200000,
    "ebitda": 822000000,
    "ebitdaratio": 0.2357530043,
    "operatingIncome": 644800000,
    "operatingIncomeRatio": 0.1849313104,
    "totalOtherIncomeExpensesNet": -41500000,
    "incomeBeforeTax": 603300000,
    "incomeBeforeTaxRatio": 0.1730289385,
    "incomeTaxExpense": 176400000,
    "netIncome": 441200000,
    "netIncomeRatio": 0.1265379872,
    "eps": 0.85,
    "epsdiluted": 0.85,
    "weightedAverageShsOut": 519058824,
    "weightedAverageShsOutDil": 519058824,
    "link": "https://www.sec.gov/Archives/edgar/data/55785/000005578502000047/0000055785-02-000047-index.htm",
    "finalLink": "https://www.sec.gov/Archives/edgar/data/55785/000005578502000047/q10q0302.txt"
  },
  {
    "date": "2002-06-30",
    "symbol": "KMB",
    "reportedCurrency": "USD",
    "cik": "0000055785",
    "fillingDate": "2002-08-08",
    "acceptedDate": "2002-08-08 15:46:19",
    "calendarYear": "2002",
    "period": "Q2",
    "revenue": 3408900000,
    "costOfRevenue": 2166100000,
    "grossProfit": 1242800000,
    "grossProfitRatio": 0.3645750829,
    "researchAndDevelopmentExpenses": 0,
    "generalAndAdministrativeExpenses": 587300000,
    "sellingAndMarketingExpenses": 0,
    "sellingGeneralAndAdministrativeExpenses": 587300000,
    "otherExpenses": 31200000,
    "operatingExpenses": 618500000,
    "costAndExpenses": 2784600000,
    "interestIncome": 0,
    "interestExpense": 0,
    "depreciationAndAmortization": 170200000,
    "ebitda": 794500000,
    "ebitdaratio": 0.2330663851,
    "operatingIncome": 624300000,
    "operatingIncomeRatio": 0.1831382557,
    "totalOtherIncomeExpensesNet": -41600000,
    "incomeBeforeTax": 582700000,
    "incomeBeforeTaxRatio": 0.1709349057,
    "incomeTaxExpense": 163200000,
    "netIncome": 424600000,
    "netIncomeRatio": 0.1245563085,
    "eps": 0.82,
    "epsdiluted": 0.81,
    "weightedAverageShsOut": 517804878,
    "weightedAverageShsOutDil": 524197531,
    "link": "https://www.sec.gov/Archives/edgar/data/55785/000005578502000040/0000055785-02-000040-index.htm",
    "finalLink": "https://www.sec.gov/Archives/edgar/data/55785/000005578502000040/q10q0202.txt"
  },
  {
    "date": "2002-03-31",
    "symbol": "KMB",
    "reportedCurrency": "USD",
    "cik": "0000055785",
    "fillingDate": "2002-05-09",
    "acceptedDate": "2002-05-09 14:52:01",
    "calendarYear": "2002",
    "period": "Q1",
    "revenue": 3330900000,
    "costOfRevenue": 2118500000,
    "grossProfit": 1212400000,
    "grossProfitRatio": 0.3639857096,
    "researchAndDevelopmentExpenses": 0,
    "generalAndAdministrativeExpenses": 566200000,
    "sellingAndMarketingExpenses": 0,
    "sellingGeneralAndAdministrativeExpenses": 566200000,
    "otherExpenses": -18700000,
    "operatingExpenses": 547500000,
    "costAndExpenses": 2666000000,
    "interestIncome": 0,
    "interestExpense": 0,
    "depreciationAndAmortization": 170900000,
    "ebitda": 835800000,
    "ebitdaratio": 0.2509231739,
    "operatingIncome": 664900000,
    "operatingIncomeRatio": 0.1996157195,
    "totalOtherIncomeExpensesNet": -43000000,
    "incomeBeforeTax": 621900000,
    "incomeBeforeTaxRatio": 0.1867062956,
    "incomeTaxExpense": 185100000,
    "netIncome": 439200000,
    "netIncomeRatio": 0.1318562551,
    "eps": 0.84,
    "epsdiluted": 0.84,
    "weightedAverageShsOut": 520300000,
    "weightedAverageShsOutDil": 523700000,
    "link": "https://www.sec.gov/Archives/edgar/data/55785/000005578502000028/0000055785-02-000028-index.htm",
    "finalLink": "https://www.sec.gov/Archives/edgar/data/55785/000005578502000028/q10q102.txt"
  },
  {
    "date": "2001-12-31",
    "symbol": "KMB",
    "reportedCurrency": "USD",
    "cik": "0000055785",
    "fillingDate": "2002-03-18",
    "acceptedDate": "2002-03-18 00:00:00",
    "calendarYear": "2001",
    "period": "Q4",
    "revenue": 3671800000,
    "costOfRevenue": 2199000000,
    "grossProfit": 1472800000,
    "grossProfitRatio": 0.4011111716,
    "researchAndDevelopmentExpenses": 79500000,
    "generalAndAdministrativeExpenses": 216700000,
    "sellingAndMarketingExpenses": 610700000,
    "sellingGeneralAndAdministrativeExpenses": 827400000,
    "otherExpenses": 78500000,
    "operatingExpenses": 985400000,
    "costAndExpenses": 3184400000,
    "interestIncome": 0,
    "interestExpense": 0,
    "depreciationAndAmortization": 197200000,
    "ebitda": 684600000,
    "ebitdaratio": 0.1864480636,
    "operatingIncome": 487400000,
    "operatingIncomeRatio": 0.1327414347,
    "totalOtherIncomeExpensesNet": -41200000,
    "incomeBeforeTax": 446200000,
    "incomeBeforeTaxRatio": 0.12152078,
    "incomeTaxExpense": 132800000,
    "netIncome": 341700000,
    "netIncomeRatio": 0.0930606242,
    "eps": 0.65,
    "epsdiluted": 0.65,
    "weightedAverageShsOut": 522857143,
    "weightedAverageShsOutDil": 522857143,
    "link": "https://www.sec.gov/Archives/edgar/data/55785/000005578502000017/0000055785-02-000017-index.htm",
    "finalLink": "https://www.sec.gov/Archives/edgar/data/55785/000005578502000017/k10k2001.txt"
  },
  {
    "date": "2001-09-30",
    "symbol": "KMB",
    "reportedCurrency": "USD",
    "cik": "0000055785",
    "fillingDate": "2001-11-08",
    "acceptedDate": "2001-11-08 00:00:00",
    "calendarYear": "2001",
    "period": "Q3",
    "revenue": 3710000000,
    "costOfRevenue": 2161800000,
    "grossProfit": 1548200000,
    "grossProfitRatio": 0.4173045822,
    "researchAndDevelopmentExpenses": 73900000,
    "generalAndAdministrativeExpenses": 189000000,
    "sellingAndMarketingExpenses": 616100000,
    "sellingGeneralAndAdministrativeExpenses": 805100000,
    "otherExpenses": 40100000,
    "operatingExpenses": 919100000,
    "costAndExpenses": 2744600000,
    "interestIncome": 0,
    "interestExpense": 0,
    "depreciationAndAmortization": 183300000,
    "ebitda": 812400000,
    "ebitdaratio": 0.2189757412,
    "operatingIncome": 629100000,
    "operatingIncomeRatio": 0.1695687332,
    "totalOtherIncomeExpensesNet": -42400000,
    "incomeBeforeTax": 586700000,
    "incomeBeforeTaxRatio": 0.1581401617,
    "incomeTaxExpense": 173700000,
    "netIncome": 419400000,
    "netIncomeRatio": 0.1130458221,
    "eps": 0.79,
    "epsdiluted": 0.79,
    "weightedAverageShsOut": 529000000,
    "weightedAverageShsOutDil": 532200000,
    "link": "https://www.sec.gov/Archives/edgar/data/55785/000005578501500015/0000055785-01-500015-index.htm",
    "finalLink": "https://www.sec.gov/Archives/edgar/data/55785/000005578501500015/p201q03.txt"
  },
  {
    "date": "2001-06-30",
    "symbol": "KMB",
    "reportedCurrency": "USD",
    "cik": "0000055785",
    "fillingDate": "2001-08-09",
    "acceptedDate": "2001-08-09 00:00:00",
    "calendarYear": "2001",
    "period": "Q2",
    "revenue": 3534200000,
    "costOfRevenue": 2103700000,
    "grossProfit": 1430500000,
    "grossProfitRatio": 0.40475921,
    "researchAndDevelopmentExpenses": 73200000,
    "generalAndAdministrativeExpenses": 183700000,
    "sellingAndMarketingExpenses": 552500000,
    "sellingGeneralAndAdministrativeExpenses": 736200000,
    "otherExpenses": 30500000,
    "operatingExpenses": 839900000,
    "costAndExpenses": 2943600000,
    "interestIncome": 0,
    "interestExpense": 0,
    "depreciationAndAmortization": 181800000,
    "ebitda": 772400000,
    "ebitdaratio": 0.2185501669,
    "operatingIncome": 590600000,
    "operatingIncomeRatio": 0.1671099542,
    "totalOtherIncomeExpensesNet": -44400000,
    "incomeBeforeTax": 546200000,
    "incomeBeforeTaxRatio": 0.1545469979,
    "incomeTaxExpense": 164300000,
    "netIncome": 415400000,
    "netIncomeRatio": 0.1175372079,
    "eps": 0.78,
    "epsdiluted": 0.78,
    "weightedAverageShsOut": 532564103,
    "weightedAverageShsOutDil": 532564103,
    "link": "https://www.sec.gov/Archives/edgar/data/55785/000005578501500012/0000055785-01-500012-index.htm",
    "finalLink": "https://www.sec.gov/Archives/edgar/data/55785/000005578501500012/p201q02.txt"
  },
  {
    "date": "2001-03-31",
    "symbol": "KMB",
    "reportedCurrency": "USD",
    "cik": "0000055785",
    "fillingDate": "2001-05-09",
    "acceptedDate": "2001-05-09 00:00:00",
    "calendarYear": "2001",
    "period": "Q1",
    "revenue": 3608400000,
    "costOfRevenue": 2151000000,
    "grossProfit": 1457400000,
    "grossProfitRatio": 0.4038909212,
    "researchAndDevelopmentExpenses": 68700000,
    "generalAndAdministrativeExpenses": 178500000,
    "sellingAndMarketingExpenses": 555100000,
    "sellingGeneralAndAdministrativeExpenses": 733600000,
    "otherExpenses": 24000000,
    "operatingExpenses": 826300000,
    "costAndExpenses": 2977300000,
    "interestIncome": 0,
    "interestExpense": 0,
    "depreciationAndAmortization": 177300000,
    "ebitda": 808400000,
    "ebitdaratio": 0.2240328123,
    "operatingIncome": 631100000,
    "operatingIncomeRatio": 0.1748974615,
    "totalOtherIncomeExpensesNet": -45800000,
    "incomeBeforeTax": 585300000,
    "incomeBeforeTaxRatio": 0.1622048553,
    "incomeTaxExpense": 174900000,
    "netIncome": 433400000,
    "netIncomeRatio": 0.1201086354,
    "eps": 0.81,
    "epsdiluted": 0.81,
    "weightedAverageShsOut": 535061728,
    "weightedAverageShsOutDil": 535061728,
    "link": "https://www.sec.gov/Archives/edgar/data/55785/000005578501500008/0000055785-01-500008-index.htm",
    "finalLink": "https://www.sec.gov/Archives/edgar/data/55785/000005578501500008/q101q01.txt"
  },
  {
    "date": "2000-12-31",
    "symbol": "KMB",
    "reportedCurrency": "USD",
    "cik": "0000055785",
    "fillingDate": "2001-03-23",
    "acceptedDate": "2001-03-23 00:00:00",
    "calendarYear": "2000",
    "period": "Q4",
    "revenue": 3600800000,
    "costOfRevenue": 1970000000,
    "grossProfit": 1630800000,
    "grossProfitRatio": 0.4528993557,
    "researchAndDevelopmentExpenses": 80400000,
    "generalAndAdministrativeExpenses": 722900000,
    "sellingAndMarketingExpenses": 0,
    "sellingGeneralAndAdministrativeExpenses": 722900000,
    "otherExpenses": 168500000,
    "operatingExpenses": 971800000,
    "costAndExpenses": 2941800000,
    "interestIncome": 0,
    "interestExpense": 0,
    "depreciationAndAmortization": 168500000,
    "ebitda": 827500000,
    "ebitdaratio": 0.2298100422,
    "operatingIncome": 659000000,
    "operatingIncomeRatio": 0.1830148856,
    "totalOtherIncomeExpensesNet": -10900000,
    "incomeBeforeTax": 648100000,
    "incomeBeforeTaxRatio": 0.1799877805,
    "incomeTaxExpense": 192400000,
    "netIncome": 455700000,
    "netIncomeRatio": 0.12655521,
    "eps": 0.86,
    "epsdiluted": 0.85,
    "weightedAverageShsOut": 529512024,
    "weightedAverageShsOutDil": 535061728,
    "link": "https://www.sec.gov/Archives/edgar/data/55785/000005578501000003/0000055785-01-000003-index.htm",
    "finalLink": "https://www.sec.gov/Archives/edgar/data/55785/000005578501000003/0000055785-01-000003-0001.txt"
  },
  {
    "date": "2000-09-30",
    "symbol": "KMB",
    "reportedCurrency": "USD",
    "cik": "0000055785",
    "fillingDate": "2000-11-09",
    "acceptedDate": "2000-11-09 00:00:00",
    "calendarYear": "2000",
    "period": "Q3",
    "revenue": 3529500000,
    "costOfRevenue": 1953900000,
    "grossProfit": 1575600000,
    "grossProfitRatio": 0.4464088398,
    "researchAndDevelopmentExpenses": 67400000,
    "generalAndAdministrativeExpenses": 689200000,
    "sellingAndMarketingExpenses": 0,
    "sellingGeneralAndAdministrativeExpenses": 689200000,
    "otherExpenses": 165800000,
    "operatingExpenses": 922400000,
    "costAndExpenses": 2876300000,
    "interestIncome": 0,
    "interestExpense": 0,
    "depreciationAndAmortization": 165800000,
    "ebitda": 819000000,
    "ebitdaratio": 0.2320441989,
    "operatingIncome": 653200000,
    "operatingIncomeRatio": 0.1850687066,
    "totalOtherIncomeExpensesNet": -31800000,
    "incomeBeforeTax": 621400000,
    "incomeBeforeTaxRatio": 0.1760589319,
    "incomeTaxExpense": 181000000,
    "netIncome": 440400000,
    "netIncomeRatio": 0.1247768806,
    "eps": 0.82,
    "epsdiluted": 0.81,
    "weightedAverageShsOut": 537073171,
    "weightedAverageShsOutDil": 543703704,
    "link": "https://www.sec.gov/Archives/edgar/data/55785/000005578500000012/0000055785-00-000012-index.htm",
    "finalLink": "https://www.sec.gov/Archives/edgar/data/55785/000005578500000012/0000055785-00-000012-0001.txt"
  },
  {
    "date": "2000-06-30",
    "symbol": "KMB",
    "reportedCurrency": "USD",
    "cik": "0000055785",
    "fillingDate": "2000-08-10",
    "acceptedDate": "2000-08-10 00:00:00",
    "calendarYear": "2000",
    "period": "Q2",
    "revenue": 3464500000,
    "costOfRevenue": 1885100000,
    "grossProfit": 1579400000,
    "grossProfitRatio": 0.4558810795,
    "researchAndDevelopmentExpenses": 68400000,
    "generalAndAdministrativeExpenses": 717400000,
    "sellingAndMarketingExpenses": 0,
    "sellingGeneralAndAdministrativeExpenses": 717400000,
    "otherExpenses": 167700000,
    "operatingExpenses": 953500000,
    "costAndExpenses": 2838600000,
    "interestIncome": 0,
    "interestExpense": 0,
    "depreciationAndAmortization": 167700000,
    "ebitda": 793600000,
    "ebitdaratio": 0.2290662433,
    "operatingIncome": 625900000,
    "operatingIncomeRatio": 0.18066099,
    "totalOtherIncomeExpensesNet": -8700000,
    "incomeBeforeTax": 617200000,
    "incomeBeforeTaxRatio": 0.1781498052,
    "incomeTaxExpense": 182900000,
    "netIncome": 434300000,
    "netIncomeRatio": 0.1253571944,
    "eps": 0.8,
    "epsdiluted": 0.79,
    "weightedAverageShsOut": 542875000,
    "weightedAverageShsOutDil": 549746835,
    "link": "https://www.sec.gov/Archives/edgar/data/55785/000005578500000010/0000055785-00-000010-index.htm",
    "finalLink": "https://www.sec.gov/Archives/edgar/data/55785/000005578500000010/0000055785-00-000010-0001.txt"
  },
  {
    "date": "2000-03-31",
    "symbol": "KMB",
    "reportedCurrency": "USD",
    "cik": "0000055785",
    "fillingDate": "2000-05-10",
    "acceptedDate": "2000-05-10 00:00:00",
    "calendarYear": "2000",
    "period": "Q1",
    "revenue": 3387200000,
    "costOfRevenue": 1827800000,
    "grossProfit": 1559400000,
    "grossProfitRatio": 0.4603802551,
    "researchAndDevelopmentExpenses": 61200000,
    "generalAndAdministrativeExpenses": 735300000,
    "sellingAndMarketingExpenses": 0,
    "sellingGeneralAndAdministrativeExpenses": 735300000,
    "otherExpenses": 171400000,
    "operatingExpenses": 967900000,
    "costAndExpenses": 2795700000,
    "interestIncome": 0,
    "interestExpense": 0,
    "depreciationAndAmortization": 171400000,
    "ebitda": 762900000,
    "ebitdaratio": 0.2252302787,
    "operatingIncome": 591500000,
    "operatingIncomeRatio": 0.1746280113,
    "totalOtherIncomeExpensesNet": 80900000,
    "incomeBeforeTax": 672400000,
    "incomeBeforeTaxRatio": 0.1985120453,
    "incomeTaxExpense": 202200000,
    "netIncome": 470200000,
    "netIncomeRatio": 0.1388167218,
    "eps": 0.86,
    "epsdiluted": 0.86,
    "weightedAverageShsOut": 546744186,
    "weightedAverageShsOutDil": 546744186,
    "link": "https://www.sec.gov/Archives/edgar/data/55785/000005578500000006/0000055785-00-000006-index.html",
    "finalLink": "https://www.sec.gov/Archives/edgar/data/55785/000005578500000006/"
  },
  {
    "date": "1999-12-31",
    "symbol": "KMB",
    "reportedCurrency": "USD",
    "cik": "0000055785",
    "fillingDate": "2000-03-24",
    "acceptedDate": "2000-03-24 00:00:00",
    "calendarYear": "1999",
    "period": "Q4",
    "revenue": 3425500000,
    "costOfRevenue": 1868400000,
    "grossProfit": 1557100000,
    "grossProfitRatio": 0.4545613779,
    "researchAndDevelopmentExpenses": 70600000,
    "generalAndAdministrativeExpenses": 728700000,
    "sellingAndMarketingExpenses": 0,
    "sellingGeneralAndAdministrativeExpenses": 728700000,
    "otherExpenses": 162300000,
    "operatingExpenses": 961600000,
    "costAndExpenses": 2830000000,
    "interestIncome": 0,
    "interestExpense": 0,
    "depreciationAndAmortization": 162300000,
    "ebitda": 757800000,
    "ebitdaratio": 0.2212231791,
    "operatingIncome": 595500000,
    "operatingIncomeRatio": 0.1738432346,
    "totalOtherIncomeExpensesNet": 9100000,
    "incomeBeforeTax": 604600000,
    "incomeBeforeTaxRatio": 0.1764997811,
    "incomeTaxExpense": 180600000,
    "netIncome": 424000000,
    "netIncomeRatio": 0.1237775507,
    "eps": 0.78,
    "epsdiluted": 0.78,
    "weightedAverageShsOut": 543766238,
    "weightedAverageShsOutDil": 546744186,
    "link": "https://www.sec.gov/Archives/edgar/data/55785/000005578500000003/0000055785-00-000003-index.html",
    "finalLink": "https://www.sec.gov/Archives/edgar/data/55785/000005578500000003/"
  },
  {
    "date": "1999-09-30",
    "symbol": "KMB",
    "reportedCurrency": "USD",
    "cik": "0000055785",
    "fillingDate": "1999-11-12",
    "acceptedDate": "1999-11-12 00:00:00",
    "calendarYear": "1999",
    "period": "Q3",
    "revenue": 3307500000,
    "costOfRevenue": 1808600000,
    "grossProfit": 1498900000,
    "grossProfitRatio": 0.4531821618,
    "researchAndDevelopmentExpenses": 62200000,
    "generalAndAdministrativeExpenses": 734800000,
    "sellingAndMarketingExpenses": 0,
    "sellingGeneralAndAdministrativeExpenses": 734800000,
    "otherExpenses": 163600000,
    "operatingExpenses": 960600000,
    "costAndExpenses": 2769200000,
    "interestIncome": 0,
    "interestExpense": 0,
    "depreciationAndAmortization": 163600000,
    "ebitda": 701900000,
    "ebitdaratio": 0.2122146636,
    "operatingIncome": 538300000,
    "operatingIncomeRatio": 0.1627513228,
    "totalOtherIncomeExpensesNet": 162700000,
    "incomeBeforeTax": 701000000,
    "incomeBeforeTaxRatio": 0.2119425548,
    "incomeTaxExpense": 222600000,
    "netIncome": 478400000,
    "netIncomeRatio": 0.1446409675,
    "eps": 0.9,
    "epsdiluted": 0.89,
    "weightedAverageShsOut": 533300000,
    "weightedAverageShsOutDil": 537400000,
    "link": "https://www.sec.gov/Archives/edgar/data/55785/000005578599000029/0000055785-99-000029-index.html",
    "finalLink": "https://www.sec.gov/Archives/edgar/data/55785/000005578599000029/"
  },
  {
    "date": "1999-06-30",
    "symbol": "KMB",
    "reportedCurrency": "USD",
    "cik": "0000055785",
    "fillingDate": "1999-08-11",
    "acceptedDate": "1999-08-11 00:00:00",
    "calendarYear": "1999",
    "period": "Q2",
    "revenue": 3148600000,
    "costOfRevenue": 1696300000,
    "grossProfit": 1452300000,
    "grossProfitRatio": 0.4612526202,
    "researchAndDevelopmentExpenses": 62200000,
    "generalAndAdministrativeExpenses": 684400000,
    "sellingAndMarketingExpenses": 0,
    "sellingGeneralAndAdministrativeExpenses": 684400000,
    "otherExpenses": 165500000,
    "operatingExpenses": 912100000,
    "costAndExpenses": 2608400000,
    "interestIncome": 0,
    "interestExpense": 0,
    "depreciationAndAmortization": 165500000,
    "ebitda": 705700000,
    "ebitdaratio": 0.22413136,
    "operatingIncome": 540200000,
    "operatingIncomeRatio": 0.1715683161,
    "totalOtherIncomeExpensesNet": 16700000,
    "incomeBeforeTax": 556900000,
    "incomeBeforeTaxRatio": 0.1768722607,
    "incomeTaxExpense": 165800000,
    "netIncome": 391100000,
    "netIncomeRatio": 0.1242139364,
    "eps": 0.73,
    "epsdiluted": 0.73,
    "weightedAverageShsOut": 532300000,
    "weightedAverageShsOutDil": 536300000,
    "link": "https://www.sec.gov/Archives/edgar/data/55785/000005578599000027/0000055785-99-000027-index.html",
    "finalLink": "https://www.sec.gov/Archives/edgar/data/55785/000005578599000027/"
  },
  {
    "date": "1999-03-31",
    "symbol": "KMB",
    "reportedCurrency": "USD",
    "cik": "0000055785",
    "fillingDate": "1999-05-12",
    "acceptedDate": "1999-05-12 00:00:00",
    "calendarYear": "1999",
    "period": "Q1",
    "revenue": 3125200000,
    "costOfRevenue": 1703600000,
    "grossProfit": 1421600000,
    "grossProfitRatio": 0.4548828875,
    "researchAndDevelopmentExpenses": 54800000,
    "generalAndAdministrativeExpenses": 655900000,
    "sellingAndMarketingExpenses": 0,
    "sellingGeneralAndAdministrativeExpenses": 655900000,
    "otherExpenses": 136600000,
    "operatingExpenses": 847300000,
    "costAndExpenses": 2550900000,
    "interestIncome": 0,
    "interestExpense": 0,
    "depreciationAndAmortization": 136600000,
    "ebitda": 710900000,
    "ebitdaratio": 0.2274734417,
    "operatingIncome": 574300000,
    "operatingIncomeRatio": 0.1837642391,
    "totalOtherIncomeExpensesNet": 6500000,
    "incomeBeforeTax": 580800000,
    "incomeBeforeTaxRatio": 0.185844106,
    "incomeTaxExpense": 177100000,
    "netIncome": 403700000,
    "netIncomeRatio": 0.1291757328,
    "eps": 0.75,
    "epsdiluted": 0.75,
    "weightedAverageShsOut": 538266667,
    "weightedAverageShsOutDil": 538266667,
    "link": "https://www.sec.gov/Archives/edgar/data/55785/000005578599000015/0000055785-99-000015-index.html",
    "finalLink": "https://www.sec.gov/Archives/edgar/data/55785/"
  },
  {
    "date": "1998-12-31",
    "symbol": "KMB",
    "reportedCurrency": "USD",
    "cik": "0000055785",
    "fillingDate": "1999-03-26",
    "acceptedDate": "1999-03-26 00:00:00",
    "calendarYear": "1998",
    "period": "Q4",
    "revenue": 3108200000,
    "costOfRevenue": 1839300000,
    "grossProfit": 1268900000,
    "grossProfitRatio": 0.4082427128,
    "researchAndDevelopmentExpenses": 62900000,
    "generalAndAdministrativeExpenses": 612300000,
    "sellingAndMarketingExpenses": 0,
    "sellingGeneralAndAdministrativeExpenses": 612300000,
    "otherExpenses": 164300000,
    "operatingExpenses": 839500000,
    "costAndExpenses": 2678800000,
    "interestIncome": 0,
    "interestExpense": 0,
    "depreciationAndAmortization": 164300000,
    "ebitda": 593700000,
    "ebitdaratio": 0.1910108745,
    "operatingIncome": 429400000,
    "operatingIncomeRatio": 0.1381506982,
    "totalOtherIncomeExpensesNet": -72800000,
    "incomeBeforeTax": 356600000,
    "incomeBeforeTaxRatio": 0.1147287819,
    "incomeTaxExpense": 117300000,
    "netIncome": 228100000,
    "netIncomeRatio": 0.073386526,
    "eps": 0.42,
    "epsdiluted": 0.42,
    "weightedAverageShsOut": 538266667,
    "weightedAverageShsOutDil": 538266667,
    "link": "https://www.sec.gov/Archives/edgar/data/55785/000005578599000011/0000055785-99-000011-index.html",
    "finalLink": "https://www.sec.gov/Archives/edgar/data/55785/"
  },
  {
    "date": "1998-09-30",
    "symbol": "KMB",
    "reportedCurrency": "USD",
    "cik": "0000055785",
    "fillingDate": "1998-11-09",
    "acceptedDate": "1998-11-09 00:00:00",
    "calendarYear": "1998",
    "period": "Q3",
    "revenue": 3099700000,
    "costOfRevenue": 1766000000,
    "grossProfit": 1333700000,
    "grossProfitRatio": 0.4302674452,
    "researchAndDevelopmentExpenses": 54200000,
    "generalAndAdministrativeExpenses": 728600000,
    "sellingAndMarketingExpenses": 0,
    "sellingGeneralAndAdministrativeExpenses": 728600000,
    "otherExpenses": 129900000,
    "operatingExpenses": 912700000,
    "costAndExpenses": 2678700000,
    "interestIncome": 0,
    "interestExpense": 0,
    "depreciationAndAmortization": 129900000,
    "ebitda": 550900000,
    "ebitdaratio": 0.1777268768,
    "operatingIncome": 421000000,
    "operatingIncomeRatio": 0.1358195954,
    "totalOtherIncomeExpensesNet": 107000000,
    "incomeBeforeTax": 528000000,
    "incomeBeforeTaxRatio": 0.1703390651,
    "incomeTaxExpense": 188000000,
    "netIncome": 340000000,
    "netIncomeRatio": 0.1096880343,
    "eps": 0.62,
    "epsdiluted": 0.62,
    "weightedAverageShsOut": 548387097,
    "weightedAverageShsOutDil": 548387097,
    "link": "https://www.sec.gov/Archives/edgar/data/55785/000005578598000070/0000055785-98-000070-index.html",
    "finalLink": "https://www.sec.gov/Archives/edgar/data/55785/"
  },
  {
    "date": "1998-06-30",
    "symbol": "KMB",
    "reportedCurrency": "USD",
    "cik": "0000055785",
    "fillingDate": "1998-08-10",
    "acceptedDate": "1998-08-10 00:00:00",
    "calendarYear": "1998",
    "period": "Q2",
    "revenue": 3041300000,
    "costOfRevenue": 1722800000,
    "grossProfit": 1318500000,
    "grossProfitRatio": 0.4335317134,
    "researchAndDevelopmentExpenses": 54800000,
    "generalAndAdministrativeExpenses": 670300000,
    "sellingAndMarketingExpenses": 0,
    "sellingGeneralAndAdministrativeExpenses": 670300000,
    "otherExpenses": 124700000,
    "operatingExpenses": 849800000,
    "costAndExpenses": 2640300000,
    "interestIncome": 0,
    "interestExpense": 0,
    "depreciationAndAmortization": 124700000,
    "ebitda": 593400000,
    "ebitdaratio": 0.1951139315,
    "operatingIncome": 468700000,
    "operatingIncomeRatio": 0.1541117285,
    "totalOtherIncomeExpensesNet": -16800000,
    "incomeBeforeTax": 384200000,
    "incomeBeforeTaxRatio": 0.1263275573,
    "incomeTaxExpense": 121300000,
    "netIncome": 300100000,
    "netIncomeRatio": 0.0986749088,
    "eps": 0.47,
    "epsdiluted": 0.47,
    "weightedAverageShsOut": 559361702,
    "weightedAverageShsOutDil": 559361702,
    "link": "https://www.sec.gov/Archives/edgar/data/55785/000005578598000068/0000055785-98-000068-index.html",
    "finalLink": "https://www.sec.gov/Archives/edgar/data/55785/"
  },
  {
    "date": "1998-03-31",
    "symbol": "KMB",
    "reportedCurrency": "USD",
    "cik": "0000055785",
    "fillingDate": "1998-05-12",
    "acceptedDate": "1998-05-12 00:00:00",
    "calendarYear": "1998",
    "period": "Q1",
    "revenue": 3048600000,
    "costOfRevenue": 1760500000,
    "grossProfit": 1288100000,
    "grossProfitRatio": 0.4225218133,
    "researchAndDevelopmentExpenses": 52900000,
    "generalAndAdministrativeExpenses": 653100000,
    "sellingAndMarketingExpenses": 0,
    "sellingGeneralAndAdministrativeExpenses": 653100000,
    "otherExpenses": 123600000,
    "operatingExpenses": 829600000,
    "costAndExpenses": 2590100000,
    "interestIncome": 0,
    "interestExpense": 0,
    "depreciationAndAmortization": 123600000,
    "ebitda": 582100000,
    "ebitdaratio": 0.1909401037,
    "operatingIncome": 458500000,
    "operatingIncomeRatio": 0.1503969035,
    "totalOtherIncomeExpensesNet": -31300000,
    "incomeBeforeTax": 427200000,
    "incomeBeforeTaxRatio": 0.1401298957,
    "incomeTaxExpense": 129600000,
    "netIncome": 286400000,
    "netIncomeRatio": 0.0939447615,
    "eps": 0.51,
    "epsdiluted": 0.51,
    "weightedAverageShsOut": 561568627,
    "weightedAverageShsOutDil": 561568627,
    "link": "https://www.sec.gov/Archives/edgar/data/55785/000005578598000066/0000055785-98-000066-index.html",
    "finalLink": "https://www.sec.gov/Archives/edgar/data/55785/"
  },
  {
    "date": "1997-12-31",
    "symbol": "KMB",
    "reportedCurrency": "USD",
    "cik": "0000055785",
    "fillingDate": "1998-03-26",
    "acceptedDate": "1998-03-26 00:00:00",
    "calendarYear": "1997",
    "period": "Q4",
    "revenue": 3089400000,
    "costOfRevenue": 1977800000,
    "grossProfit": 1111600000,
    "grossProfitRatio": 0.3598109665,
    "researchAndDevelopmentExpenses": 61800000,
    "generalAndAdministrativeExpenses": 641600000,
    "sellingAndMarketingExpenses": 0,
    "sellingGeneralAndAdministrativeExpenses": 641600000,
    "otherExpenses": 129100000,
    "operatingExpenses": 832500000,
    "costAndExpenses": 2810300000,
    "interestIncome": 0,
    "interestExpense": 0,
    "depreciationAndAmortization": 129100000,
    "ebitda": 408200000,
    "ebitdaratio": 0.132129216,
    "operatingIncome": 279100000,
    "operatingIncomeRatio": 0.0903411666,
    "totalOtherIncomeExpensesNet": -457100000,
    "incomeBeforeTax": -178000000,
    "incomeBeforeTaxRatio": -0.0576163656,
    "incomeTaxExpense": -31000000,
    "netIncome": -147000000,
    "netIncomeRatio": -0.0475820548,
    "eps": -0.27,
    "epsdiluted": -0.26,
    "weightedAverageShsOut": 552787628,
    "weightedAverageShsOutDil": 561509434,
    "link": "https://www.sec.gov/Archives/edgar/data/55785/000005578598000059/0000055785-98-000059-index.html",
    "finalLink": "https://www.sec.gov/Archives/edgar/data/55785/"
  },
  {
    "date": "1997-09-30",
    "symbol": "KMB",
    "reportedCurrency": "USD",
    "cik": "0000055785",
    "fillingDate": "1997-11-07",
    "acceptedDate": "1997-11-07 00:00:00",
    "calendarYear": "1997",
    "period": "Q3",
    "revenue": 3095300000,
    "costOfRevenue": 1817200000,
    "grossProfit": 1278100000,
    "grossProfitRatio": 0.4129163571,
    "researchAndDevelopmentExpenses": 51000000,
    "generalAndAdministrativeExpenses": 640800000,
    "sellingAndMarketingExpenses": 0,
    "sellingGeneralAndAdministrativeExpenses": 640800000,
    "otherExpenses": 119800000,
    "operatingExpenses": 811600000,
    "costAndExpenses": 2628800000,
    "interestIncome": 0,
    "interestExpense": 0,
    "depreciationAndAmortization": 119800000,
    "ebitda": 586300000,
    "ebitdaratio": 0.1894162117,
    "operatingIncome": 466500000,
    "operatingIncomeRatio": 0.1507123704,
    "totalOtherIncomeExpensesNet": -11000000,
    "incomeBeforeTax": 455500000,
    "incomeBeforeTaxRatio": 0.1471585953,
    "incomeTaxExpense": 139500000,
    "netIncome": 316000000,
    "netIncomeRatio": 0.1020902659,
    "eps": 0.57,
    "epsdiluted": 0.57,
    "weightedAverageShsOut": 554385965,
    "weightedAverageShsOutDil": 554385965,
    "link": "https://www.sec.gov/Archives/edgar/data/55785/000005578597000026/0000055785-97-000026-index.html",
    "finalLink": "https://www.sec.gov/Archives/edgar/data/55785/"
  },
  {
    "date": "1997-06-30",
    "symbol": "KMB",
    "reportedCurrency": "USD",
    "cik": "0000055785",
    "fillingDate": "1997-08-07",
    "acceptedDate": "1997-08-07 00:00:00",
    "calendarYear": "1997",
    "period": "Q2",
    "revenue": 3124300000,
    "costOfRevenue": 1811000000,
    "grossProfit": 1313300000,
    "grossProfitRatio": 0.4203501584,
    "researchAndDevelopmentExpenses": 50300000,
    "generalAndAdministrativeExpenses": 647500000,
    "sellingAndMarketingExpenses": 0,
    "sellingGeneralAndAdministrativeExpenses": 647500000,
    "otherExpenses": 121100000,
    "operatingExpenses": 818900000,
    "costAndExpenses": 2629900000,
    "interestIncome": 0,
    "interestExpense": 0,
    "depreciationAndAmortization": 121100000,
    "ebitda": 615500000,
    "ebitdaratio": 0.1970041289,
    "operatingIncome": 494400000,
    "operatingIncomeRatio": 0.1582434465,
    "totalOtherIncomeExpensesNet": 10000000,
    "incomeBeforeTax": 504400000,
    "incomeBeforeTaxRatio": 0.1614441635,
    "incomeTaxExpense": 153600000,
    "netIncome": 363500000,
    "netIncomeRatio": 0.1163460615,
    "eps": 0.65,
    "epsdiluted": 0.65,
    "weightedAverageShsOut": 559230769,
    "weightedAverageShsOutDil": 559230769,
    "link": "https://www.sec.gov/Archives/edgar/data/55785/000005578597000020/0000055785-97-000020-index.html",
    "finalLink": "https://www.sec.gov/Archives/edgar/data/55785/"
  },
  {
    "date": "1997-03-31",
    "symbol": "KMB",
    "reportedCurrency": "USD",
    "cik": "0000055785",
    "fillingDate": "1997-05-09",
    "acceptedDate": "1997-05-09 00:00:00",
    "calendarYear": "1997",
    "period": "Q1",
    "revenue": 3237600000,
    "costOfRevenue": 1875700000,
    "grossProfit": 1361900000,
    "grossProfitRatio": 0.4206510996,
    "researchAndDevelopmentExpenses": 48700000,
    "generalAndAdministrativeExpenses": 648000000,
    "sellingAndMarketingExpenses": 0,
    "sellingGeneralAndAdministrativeExpenses": 648000000,
    "otherExpenses": 120900000,
    "operatingExpenses": 817600000,
    "costAndExpenses": 2693300000,
    "interestIncome": 0,
    "interestExpense": 0,
    "depreciationAndAmortization": 120900000,
    "ebitda": 665200000,
    "ebitdaratio": 0.2054608352,
    "operatingIncome": 544300000,
    "operatingIncomeRatio": 0.1681183593,
    "totalOtherIncomeExpensesNet": -9100000,
    "incomeBeforeTax": 535200000,
    "incomeBeforeTaxRatio": 0.1653076353,
    "incomeTaxExpense": 171000000,
    "netIncome": 369000000,
    "netIncomeRatio": 0.1139733136,
    "eps": 0.66,
    "epsdiluted": 0.65,
    "weightedAverageShsOut": 559090909,
    "weightedAverageShsOutDil": 567692308,
    "link": "https://www.sec.gov/Archives/edgar/data/55785/000005578597000018/0000055785-97-000018-index.html",
    "finalLink": "https://www.sec.gov/Archives/edgar/data/55785/"
  },
  {
    "date": "1996-12-31",
    "symbol": "KMB",
    "reportedCurrency": "USD",
    "cik": "0000055785",
    "fillingDate": "1997-03-21",
    "acceptedDate": "1997-03-21 00:00:00",
    "calendarYear": "1996",
    "period": "Q4",
    "revenue": 3323600000,
    "costOfRevenue": 1950400000,
    "grossProfit": 1373200000,
    "grossProfitRatio": 0.413166446,
    "researchAndDevelopmentExpenses": 0,
    "generalAndAdministrativeExpenses": 702900000,
    "sellingAndMarketingExpenses": 0,
    "sellingGeneralAndAdministrativeExpenses": 702900000,
    "otherExpenses": 143900000,
    "operatingExpenses": 846800000,
    "costAndExpenses": 2797200000,
    "interestIncome": 0,
    "interestExpense": 0,
    "depreciationAndAmortization": 143900000,
    "ebitda": 670300000,
    "ebitdaratio": 0.2016789024,
    "operatingIncome": 526400000,
    "operatingIncomeRatio": 0.1583824768,
    "totalOtherIncomeExpensesNet": -6700000,
    "incomeBeforeTax": 519700000,
    "incomeBeforeTaxRatio": 0.1563665904,
    "incomeTaxExpense": 172600000,
    "netIncome": 347100000,
    "netIncomeRatio": 0.1044349501,
    "eps": 0.62,
    "epsdiluted": 0.62,
    "weightedAverageShsOut": 559090909,
    "weightedAverageShsOutDil": 559090909,
    "link": "https://www.sec.gov/Archives/edgar/data/55785/000005578597000014/0000055785-97-000014-index.html",
    "finalLink": "https://www.sec.gov/Archives/edgar/data/55785/"
  },
  {
    "date": "1996-09-30",
    "symbol": "KMB",
    "reportedCurrency": "USD",
    "cik": "0000055785",
    "fillingDate": "1996-11-07",
    "acceptedDate": "1996-11-07 00:00:00",
    "calendarYear": "1996",
    "period": "Q3",
    "revenue": 3275700000,
    "costOfRevenue": 1881700000,
    "grossProfit": 1394000000,
    "grossProfitRatio": 0.425557896,
    "researchAndDevelopmentExpenses": 0,
    "generalAndAdministrativeExpenses": 710200000,
    "sellingAndMarketingExpenses": 0,
    "sellingGeneralAndAdministrativeExpenses": 710200000,
    "otherExpenses": 138000000,
    "operatingExpenses": 848200000,
    "costAndExpenses": 2729900000,
    "interestIncome": 0,
    "interestExpense": 0,
    "depreciationAndAmortization": 138000000,
    "ebitda": 683800000,
    "ebitdaratio": 0.208749275,
    "operatingIncome": 545800000,
    "operatingIncomeRatio": 0.1666208749,
    "totalOtherIncomeExpensesNet": 21300000,
    "incomeBeforeTax": 567100000,
    "incomeBeforeTaxRatio": 0.1731233019,
    "incomeTaxExpense": 189900000,
    "netIncome": 377200000,
    "netIncomeRatio": 0.1151509601,
    "eps": 0.67,
    "epsdiluted": 0.66,
    "weightedAverageShsOut": 562985075,
    "weightedAverageShsOutDil": 571515152,
    "link": "https://www.sec.gov/Archives/edgar/data/55785/000005578596000024/0000055785-96-000024-index.html",
    "finalLink": "https://www.sec.gov/Archives/edgar/data/55785/"
  },
  {
    "date": "1996-06-30",
    "symbol": "KMB",
    "reportedCurrency": "USD",
    "cik": "0000055785",
    "fillingDate": "1996-08-09",
    "acceptedDate": "1996-08-09 00:00:00",
    "calendarYear": "1996",
    "period": "Q2",
    "revenue": 3347700000,
    "costOfRevenue": 1953300000,
    "grossProfit": 1394400000,
    "grossProfitRatio": 0.4165247782,
    "researchAndDevelopmentExpenses": 0,
    "generalAndAdministrativeExpenses": 766100000,
    "sellingAndMarketingExpenses": 0,
    "sellingGeneralAndAdministrativeExpenses": 766100000,
    "otherExpenses": 140100000,
    "operatingExpenses": 906200000,
    "costAndExpenses": 2859500000,
    "interestIncome": 0,
    "interestExpense": 0,
    "depreciationAndAmortization": 140100000,
    "ebitda": 628300000,
    "ebitdaratio": 0.1876810945,
    "operatingIncome": 488200000,
    "operatingIncomeRatio": 0.1458314664,
    "totalOtherIncomeExpensesNet": 57900000,
    "incomeBeforeTax": 546100000,
    "incomeBeforeTaxRatio": 0.163126923,
    "incomeTaxExpense": 181400000,
    "netIncome": 364700000,
    "netIncomeRatio": 0.1089404666,
    "eps": 0.64,
    "epsdiluted": 0.64,
    "weightedAverageShsOut": 569843750,
    "weightedAverageShsOutDil": 569843750,
    "link": "https://www.sec.gov/Archives/edgar/data/55785/000005578596000022/0000055785-96-000022-index.html",
    "finalLink": "https://www.sec.gov/Archives/edgar/data/55785/"
  },
  {
    "date": "1996-03-31",
    "symbol": "KMB",
    "reportedCurrency": "USD",
    "cik": "0000055785",
    "fillingDate": "1996-05-10",
    "acceptedDate": "1996-05-10 00:00:00",
    "calendarYear": "1996",
    "period": "Q1",
    "revenue": 3288800000,
    "costOfRevenue": 1895000000,
    "grossProfit": 1393800000,
    "grossProfitRatio": 0.4238019946,
    "researchAndDevelopmentExpenses": 0,
    "generalAndAdministrativeExpenses": 761500000,
    "sellingAndMarketingExpenses": 0,
    "sellingGeneralAndAdministrativeExpenses": 761500000,
    "otherExpenses": 139000000,
    "operatingExpenses": 900500000,
    "costAndExpenses": 2795500000,
    "interestIncome": 0,
    "interestExpense": 0,
    "depreciationAndAmortization": 139000000,
    "ebitda": 632300000,
    "ebitdaratio": 0.1922585746,
    "operatingIncome": 493300000,
    "operatingIncomeRatio": 0.1499939188,
    "totalOtherIncomeExpensesNet": -21600000,
    "incomeBeforeTax": 471700000,
    "incomeBeforeTaxRatio": 0.1434261737,
    "incomeTaxExpense": 156900000,
    "netIncome": 314800000,
    "netIncomeRatio": 0.0957188032,
    "eps": 0.56,
    "epsdiluted": 0.55,
    "weightedAverageShsOut": 562142857,
    "weightedAverageShsOutDil": 572363636,
    "link": "https://www.sec.gov/Archives/edgar/data/55785/000005578596000016/0000055785-96-000016-index.html",
    "finalLink": "https://www.sec.gov/Archives/edgar/data/55785/"
  },
  {
    "date": "1995-12-31",
    "symbol": "KMB",
    "reportedCurrency": "USD",
    "cik": "0000055785",
    "fillingDate": "1996-03-26",
    "acceptedDate": "1996-03-26 00:00:00",
    "calendarYear": "1995",
    "period": "Q4",
    "revenue": 7409700000,
    "costOfRevenue": 4301700000,
    "grossProfit": 3108000000,
    "grossProfitRatio": 0.4194501802,
    "researchAndDevelopmentExpenses": 0,
    "generalAndAdministrativeExpenses": 1908700000,
    "sellingAndMarketingExpenses": 0,
    "sellingGeneralAndAdministrativeExpenses": 1908700000,
    "otherExpenses": 307500000,
    "operatingExpenses": 2216200000,
    "costAndExpenses": 6517900000,
    "interestIncome": 0,
    "interestExpense": 0,
    "depreciationAndAmortization": 307500000,
    "ebitda": 1199300000,
    "ebitdaratio": 0.1618554058,
    "operatingIncome": 891800000,
    "operatingIncomeRatio": 0.1203557499,
    "totalOtherIncomeExpensesNet": -1449400000,
    "incomeBeforeTax": -557600000,
    "incomeBeforeTaxRatio": -0.0752527093,
    "incomeTaxExpense": -110200000,
    "netIncome": -447400000,
    "netIncomeRatio": -0.0603803123,
    "eps": -0.8,
    "epsdiluted": -0.8,
    "weightedAverageShsOut": 562142857,
    "weightedAverageShsOutDil": 562142857,
    "link": "https://www.sec.gov/Archives/edgar/data/55785/000005578596000012/0000055785-96-000012-index.html",
    "finalLink": "https://www.sec.gov/Archives/edgar/data/55785/"
  },
  {
    "date": "1995-09-30",
    "symbol": "KMB",
    "reportedCurrency": "USD",
    "cik": "0000055785",
    "fillingDate": "1995-11-13",
    "acceptedDate": "1995-11-13 00:00:00",
    "calendarYear": "1995",
    "period": "Q3",
    "revenue": 2212300000,
    "costOfRevenue": 1355400000,
    "grossProfit": 856900000,
    "grossProfitRatio": 0.3873344483,
    "researchAndDevelopmentExpenses": 0,
    "generalAndAdministrativeExpenses": 481700000,
    "sellingAndMarketingExpenses": 0,
    "sellingGeneralAndAdministrativeExpenses": 481700000,
    "otherExpenses": 94800000,
    "operatingExpenses": 576500000,
    "costAndExpenses": 1931900000,
    "interestIncome": 0,
    "interestExpense": 0,
    "depreciationAndAmortization": 94800000,
    "ebitda": 375200000,
    "ebitdaratio": 0.1695972517,
    "operatingIncome": 280400000,
    "operatingIncomeRatio": 0.1267459205,
    "totalOtherIncomeExpensesNet": 42000000,
    "incomeBeforeTax": 322400000,
    "incomeBeforeTaxRatio": 0.1457306875,
    "incomeTaxExpense": 113800000,
    "netIncome": 208600000,
    "netIncomeRatio": 0.0942910094,
    "eps": 0.65,
    "epsdiluted": 0.65,
    "weightedAverageShsOut": 320923077,
    "weightedAverageShsOutDil": 320923077,
    "link": "https://www.sec.gov/Archives/edgar/data/55785/000005578595000018/0000055785-95-000018-index.html",
    "finalLink": "https://www.sec.gov/Archives/edgar/data/55785/"
  }
]