[
  {
    "date": "2025-06-30",
    "symbol": "KMI",
    "reportedCurrency": "USD",
    "cik": "0001506307",
    "fillingDate": "2025-07-18",
    "acceptedDate": "2025-07-18 16:09:11",
    "calendarYear": "2025",
    "period": "Q2",
    "revenue": 4042000000,
    "costOfRevenue": 2600000000,
    "grossProfit": 1442000000,
    "grossProfitRatio": 0.3567540821,
    "researchAndDevelopmentExpenses": 0,
    "generalAndAdministrativeExpenses": 0,
    "sellingAndMarketingExpenses": 0,
    "sellingGeneralAndAdministrativeExpenses": 187000000,
    "otherExpenses": 112000000,
    "operatingExpenses": 299000000,
    "costAndExpenses": 2899000000,
    "interestIncome": 0,
    "interestExpense": 452000000,
    "depreciationAndAmortization": 616000000,
    "ebitda": 1987000000,
    "ebitdaratio": 0.4915883226,
    "operatingIncome": 1143000000,
    "operatingIncomeRatio": 0.2827808016,
    "totalOtherIncomeExpensesNet": -224000000,
    "incomeBeforeTax": 919000000,
    "incomeBeforeTaxRatio": 0.2273626917,
    "incomeTaxExpense": 177000000,
    "netIncome": 715000000,
    "netIncomeRatio": 0.1768926274,
    "eps": -0.32,
    "epsdiluted": -0.32,
    "weightedAverageShsOut": 2222000000,
    "weightedAverageShsOutDil": 2222000000,
    "link": "https://www.sec.gov/Archives/edgar/data/1506307/000150630725000045/0001506307-25-000045-index.htm",
    "finalLink": "https://www.sec.gov/Archives/edgar/data/1506307/000150630725000045/kmi-20250630.htm"
  },
  {
    "date": "2025-03-31",
    "symbol": "KMI",
    "reportedCurrency": "USD",
    "cik": "0001506307",
    "fillingDate": "2025-04-18",
    "acceptedDate": "2025-04-17 19:15:09",
    "calendarYear": "2025",
    "period": "Q1",
    "revenue": 4254000000,
    "costOfRevenue": 2712000000,
    "grossProfit": 1542000000,
    "grossProfitRatio": 0.3624823695,
    "researchAndDevelopmentExpenses": 0,
    "generalAndAdministrativeExpenses": 0,
    "sellingAndMarketingExpenses": 0,
    "sellingGeneralAndAdministrativeExpenses": 187000000,
    "otherExpenses": 112000000,
    "operatingExpenses": 299000000,
    "costAndExpenses": 3011000000,
    "interestIncome": 0,
    "interestExpense": 450000000,
    "depreciationAndAmortization": 610000000,
    "ebitda": 1989000000,
    "ebitdaratio": 0.4675599436,
    "operatingIncome": 1243000000,
    "operatingIncomeRatio": 0.2921955806,
    "totalOtherIncomeExpensesNet": -314000000,
    "incomeBeforeTax": 929000000,
    "incomeBeforeTaxRatio": 0.2183826986,
    "incomeTaxExpense": 186000000,
    "netIncome": 717000000,
    "netIncomeRatio": 0.1685472496,
    "eps": 0.32,
    "epsdiluted": 0.32,
    "weightedAverageShsOut": 2222000000,
    "weightedAverageShsOutDil": 2222000000,
    "link": "https://www.sec.gov/Archives/edgar/data/1506307/000150630725000022/0001506307-25-000022-index.htm",
    "finalLink": "https://www.sec.gov/Archives/edgar/data/1506307/000150630725000022/kmi-20250331.htm"
  },
  {
    "date": "2024-12-31",
    "symbol": "KMI",
    "reportedCurrency": "USD",
    "cik": "0001506307",
    "fillingDate": "2025-02-13",
    "acceptedDate": "2025-02-13 17:22:04",
    "calendarYear": "2024",
    "period": "Q4",
    "revenue": 3967000000,
    "costOfRevenue": 2534000000,
    "grossProfit": 1433000000,
    "grossProfitRatio": 0.3612301487,
    "researchAndDevelopmentExpenses": 0,
    "generalAndAdministrativeExpenses": 0,
    "sellingAndMarketingExpenses": 0,
    "sellingGeneralAndAdministrativeExpenses": 182000000,
    "otherExpenses": 106000000,
    "operatingExpenses": 288000000,
    "costAndExpenses": 2822000000,
    "interestIncome": 0,
    "interestExpense": 442000000,
    "depreciationAndAmortization": 596000000,
    "ebitda": 1929000000,
    "ebitdaratio": 0.4862616587,
    "operatingIncome": 1145000000,
    "operatingIncomeRatio": 0.2886312075,
    "totalOtherIncomeExpensesNet": -254000000,
    "incomeBeforeTax": 891000000,
    "incomeBeforeTaxRatio": 0.2246029745,
    "incomeTaxExpense": 197000000,
    "netIncome": 667000000,
    "netIncomeRatio": 0.1681371313,
    "eps": 0.3,
    "epsdiluted": 0.3,
    "weightedAverageShsOut": 2220000000,
    "weightedAverageShsOutDil": 2220000000,
    "link": "https://www.sec.gov/Archives/edgar/data/1506307/000150630725000008/0001506307-25-000008-index.htm",
    "finalLink": "https://www.sec.gov/Archives/edgar/data/1506307/000150630725000008/kmi-20241231.htm"
  },
  {
    "date": "2024-09-30",
    "symbol": "KMI",
    "reportedCurrency": "USD",
    "cik": "0001506307",
    "fillingDate": "2024-10-18",
    "acceptedDate": "2024-10-18 16:11:29",
    "calendarYear": "2024",
    "period": "Q3",
    "revenue": 3676000000,
    "costOfRevenue": 2386000000,
    "grossProfit": 1290000000,
    "grossProfitRatio": 0.3509249184,
    "researchAndDevelopmentExpenses": 0,
    "generalAndAdministrativeExpenses": 0,
    "sellingAndMarketingExpenses": 0,
    "sellingGeneralAndAdministrativeExpenses": 176000000,
    "otherExpenses": 107000000,
    "operatingExpenses": 283000000,
    "costAndExpenses": 2669000000,
    "interestIncome": 0,
    "interestExpense": 461000000,
    "depreciationAndAmortization": 587000000,
    "ebitda": 1812000000,
    "ebitdaratio": 0.4929270947,
    "operatingIncome": 1007000000,
    "operatingIncomeRatio": 0.2739390642,
    "totalOtherIncomeExpensesNet": -243000000,
    "incomeBeforeTax": 764000000,
    "incomeBeforeTaxRatio": 0.2078346028,
    "incomeTaxExpense": 113000000,
    "netIncome": 625000000,
    "netIncomeRatio": 0.1700217628,
    "eps": 0.28,
    "epsdiluted": 0.28,
    "weightedAverageShsOut": 2221000000,
    "weightedAverageShsOutDil": 2221000000,
    "link": "https://www.sec.gov/Archives/edgar/data/1506307/000150630724000119/0001506307-24-000119-index.htm",
    "finalLink": "https://www.sec.gov/Archives/edgar/data/1506307/000150630724000119/kmi-20240930.htm"
  },
  {
    "date": "2024-06-30",
    "symbol": "KMI",
    "reportedCurrency": "USD",
    "cik": "0001506307",
    "fillingDate": "2024-07-19",
    "acceptedDate": "2024-07-19 16:07:38",
    "calendarYear": "2024",
    "period": "Q2",
    "revenue": 3597000000,
    "costOfRevenue": 2272000000,
    "grossProfit": 1325000000,
    "grossProfitRatio": 0.3683625243,
    "researchAndDevelopmentExpenses": 0,
    "generalAndAdministrativeExpenses": 0,
    "sellingAndMarketingExpenses": 0,
    "sellingGeneralAndAdministrativeExpenses": 179000000,
    "otherExpenses": 109000000,
    "operatingExpenses": 288000000,
    "costAndExpenses": 2560000000,
    "interestIncome": 0,
    "interestExpense": 465000000,
    "depreciationAndAmortization": 584000000,
    "ebitda": 1819000000,
    "ebitdaratio": 0.5056991938,
    "operatingIncome": 1037000000,
    "operatingIncomeRatio": 0.2882958021,
    "totalOtherIncomeExpensesNet": -267000000,
    "incomeBeforeTax": 770000000,
    "incomeBeforeTaxRatio": 0.2140672783,
    "incomeTaxExpense": 168000000,
    "netIncome": 575000000,
    "netIncomeRatio": 0.1598554351,
    "eps": 0.26,
    "epsdiluted": 0.26,
    "weightedAverageShsOut": 2219000000,
    "weightedAverageShsOutDil": 2219000000,
    "link": "https://www.sec.gov/Archives/edgar/data/1506307/000150630724000074/0001506307-24-000074-index.htm",
    "finalLink": "https://www.sec.gov/Archives/edgar/data/1506307/000150630724000074/kmi-20240630.htm"
  },
  {
    "date": "2024-03-31",
    "symbol": "KMI",
    "reportedCurrency": "USD",
    "cik": "0001506307",
    "fillingDate": "2024-04-19",
    "acceptedDate": "2024-04-19 16:28:58",
    "calendarYear": "2024",
    "period": "Q1",
    "revenue": 3833000000,
    "costOfRevenue": 2353000000,
    "grossProfit": 1480000000,
    "grossProfitRatio": 0.3861205322,
    "researchAndDevelopmentExpenses": 0,
    "generalAndAdministrativeExpenses": 0,
    "sellingAndMarketingExpenses": 0,
    "sellingGeneralAndAdministrativeExpenses": 175000000,
    "otherExpenses": 111000000,
    "operatingExpenses": 286000000,
    "costAndExpenses": 2639000000,
    "interestIncome": 0,
    "interestExpense": 475000000,
    "depreciationAndAmortization": 587000000,
    "ebitda": 2044000000,
    "ebitdaratio": 0.5332637621,
    "operatingIncome": 1194000000,
    "operatingIncomeRatio": 0.3115053483,
    "totalOtherIncomeExpensesNet": -212000000,
    "incomeBeforeTax": 982000000,
    "incomeBeforeTaxRatio": 0.256196191,
    "incomeTaxExpense": 209000000,
    "netIncome": 746000000,
    "netIncomeRatio": 0.1946256196,
    "eps": 0.33,
    "epsdiluted": 0.33,
    "weightedAverageShsOut": 2220000000,
    "weightedAverageShsOutDil": 2220000000,
    "link": "https://www.sec.gov/Archives/edgar/data/1506307/000150630724000031/0001506307-24-000031-index.htm",
    "finalLink": "https://www.sec.gov/Archives/edgar/data/1506307/000150630724000031/kmi-20240331.htm"
  },
  {
    "date": "2023-12-31",
    "symbol": "KMI",
    "reportedCurrency": "USD",
    "cik": "0001506307",
    "fillingDate": "2024-02-20",
    "acceptedDate": "2024-02-20 08:56:07",
    "calendarYear": "2023",
    "period": "Q4",
    "revenue": 3969000000,
    "costOfRevenue": 2624000000,
    "grossProfit": 1345000000,
    "grossProfitRatio": 0.3388762913,
    "researchAndDevelopmentExpenses": 0,
    "generalAndAdministrativeExpenses": 0,
    "sellingAndMarketingExpenses": 0,
    "sellingGeneralAndAdministrativeExpenses": 171000000,
    "otherExpenses": 102000000,
    "operatingExpenses": 273000000,
    "costAndExpenses": 2897000000,
    "interestIncome": 0,
    "interestExpense": 449000000,
    "depreciationAndAmortization": 567000000,
    "ebitda": 1840000000,
    "ebitdaratio": 0.4635928445,
    "operatingIncome": 1072000000,
    "operatingIncomeRatio": 0.2700932225,
    "totalOtherIncomeExpensesNet": -248000000,
    "incomeBeforeTax": 824000000,
    "incomeBeforeTaxRatio": 0.2076089695,
    "incomeTaxExpense": 206000000,
    "netIncome": 594000000,
    "netIncomeRatio": 0.1496598639,
    "eps": 0.27,
    "epsdiluted": 0.27,
    "weightedAverageShsOut": 2221000000,
    "weightedAverageShsOutDil": 2221000000,
    "link": "https://www.sec.gov/Archives/edgar/data/1506307/000150630724000011/0001506307-24-000011-index.htm",
    "finalLink": "https://www.sec.gov/Archives/edgar/data/1506307/000150630724000011/kmi-20231231.htm"
  },
  {
    "date": "2023-09-30",
    "symbol": "KMI",
    "reportedCurrency": "USD",
    "cik": "0001506307",
    "fillingDate": "2023-10-23",
    "acceptedDate": "2023-10-20 18:19:29",
    "calendarYear": "2023",
    "period": "Q3",
    "revenue": 3912000000,
    "costOfRevenue": 2673000000,
    "grossProfit": 1239000000,
    "grossProfitRatio": 0.3167177914,
    "researchAndDevelopmentExpenses": 0,
    "generalAndAdministrativeExpenses": 0,
    "sellingAndMarketingExpenses": 0,
    "sellingGeneralAndAdministrativeExpenses": 162000000,
    "otherExpenses": 106000000,
    "operatingExpenses": 268000000,
    "costAndExpenses": 2941000000,
    "interestIncome": 0,
    "interestExpense": 454000000,
    "depreciationAndAmortization": 561000000,
    "ebitda": 1715000000,
    "ebitdaratio": 0.438394683,
    "operatingIncome": 971000000,
    "operatingIncomeRatio": 0.2482106339,
    "totalOtherIncomeExpensesNet": -271000000,
    "incomeBeforeTax": 700000000,
    "incomeBeforeTaxRatio": 0.1789366053,
    "incomeTaxExpense": 145000000,
    "netIncome": 532000000,
    "netIncomeRatio": 0.13599182,
    "eps": 0.24,
    "epsdiluted": 0.24,
    "weightedAverageShsOut": 2230000000,
    "weightedAverageShsOutDil": 2230000000,
    "link": "https://www.sec.gov/Archives/edgar/data/1506307/000150630723000118/0001506307-23-000118-index.htm",
    "finalLink": "https://www.sec.gov/Archives/edgar/data/1506307/000150630723000118/kmi-20230930.htm"
  },
  {
    "date": "2023-06-30",
    "symbol": "KMI",
    "reportedCurrency": "USD",
    "cik": "0001506307",
    "fillingDate": "2023-07-21",
    "acceptedDate": "2023-07-21 16:10:09",
    "calendarYear": "2023",
    "period": "Q2",
    "revenue": 3473000000,
    "costOfRevenue": 2244000000,
    "grossProfit": 1229000000,
    "grossProfitRatio": 0.3538727325,
    "researchAndDevelopmentExpenses": 0,
    "generalAndAdministrativeExpenses": 0,
    "sellingAndMarketingExpenses": 0,
    "sellingGeneralAndAdministrativeExpenses": 169000000,
    "otherExpenses": 103000000,
    "operatingExpenses": 272000000,
    "costAndExpenses": 2516000000,
    "interestIncome": 0,
    "interestExpense": 452000000,
    "depreciationAndAmortization": 557000000,
    "ebitda": 1787000000,
    "ebitdaratio": 0.5145407429,
    "operatingIncome": 957000000,
    "operatingIncomeRatio": 0.2755542758,
    "totalOtherIncomeExpensesNet": -179000000,
    "incomeBeforeTax": 778000000,
    "incomeBeforeTaxRatio": 0.2240138209,
    "incomeTaxExpense": 168000000,
    "netIncome": 586000000,
    "netIncomeRatio": 0.1687302044,
    "eps": 0.26,
    "epsdiluted": 0.26,
    "weightedAverageShsOut": 2237000000,
    "weightedAverageShsOutDil": 2237000000,
    "link": "https://www.sec.gov/Archives/edgar/data/1506307/000150630723000081/0001506307-23-000081-index.htm",
    "finalLink": "https://www.sec.gov/Archives/edgar/data/1506307/000150630723000081/kmi-20230630.htm"
  },
  {
    "date": "2023-03-31",
    "symbol": "KMI",
    "reportedCurrency": "USD",
    "cik": "0001506307",
    "fillingDate": "2023-04-21",
    "acceptedDate": "2023-04-21 16:18:39",
    "calendarYear": "2023",
    "period": "Q1",
    "revenue": 3802000000,
    "costOfRevenue": 2481000000,
    "grossProfit": 1321000000,
    "grossProfitRatio": 0.3474487112,
    "researchAndDevelopmentExpenses": 0,
    "generalAndAdministrativeExpenses": 0,
    "sellingAndMarketingExpenses": 0,
    "sellingGeneralAndAdministrativeExpenses": 166000000,
    "otherExpenses": 110000000,
    "operatingExpenses": 276000000,
    "costAndExpenses": 2757000000,
    "interestIncome": 0,
    "interestExpense": 445000000,
    "depreciationAndAmortization": 565000000,
    "ebitda": 1909000000,
    "ebitdaratio": 0.5021041557,
    "operatingIncome": 1045000000,
    "operatingIncomeRatio": 0.2748553393,
    "totalOtherIncomeExpensesNet": -146000000,
    "incomeBeforeTax": 899000000,
    "incomeBeforeTaxRatio": 0.2364544976,
    "incomeTaxExpense": 196000000,
    "netIncome": 679000000,
    "netIncomeRatio": 0.1785902157,
    "eps": 0.3,
    "epsdiluted": 0.3,
    "weightedAverageShsOut": 2247000000,
    "weightedAverageShsOutDil": 2247000000,
    "link": "https://www.sec.gov/Archives/edgar/data/1506307/000150630723000036/0001506307-23-000036-index.htm",
    "finalLink": "https://www.sec.gov/Archives/edgar/data/1506307/000150630723000036/kmi-20230331.htm"
  },
  {
    "date": "2022-12-31",
    "symbol": "KMI",
    "reportedCurrency": "USD",
    "cik": "0001506307",
    "fillingDate": "2023-02-08",
    "acceptedDate": "2023-02-08 16:33:03",
    "calendarYear": "2022",
    "period": "Q4",
    "revenue": 4518000000,
    "costOfRevenue": 3259000000,
    "grossProfit": 1259000000,
    "grossProfitRatio": 0.2786631253,
    "researchAndDevelopmentExpenses": 0,
    "generalAndAdministrativeExpenses": 0,
    "sellingAndMarketingExpenses": 0,
    "sellingGeneralAndAdministrativeExpenses": 167000000,
    "otherExpenses": 101000000,
    "operatingExpenses": 268000000,
    "costAndExpenses": 3527000000,
    "interestIncome": 0,
    "interestExpense": 414000000,
    "depreciationAndAmortization": 554000000,
    "ebitda": 1859000000,
    "ebitdaratio": 0.4114652501,
    "operatingIncome": 991000000,
    "operatingIncomeRatio": 0.2193448429,
    "totalOtherIncomeExpensesNet": -100000000,
    "incomeBeforeTax": 891000000,
    "incomeBeforeTaxRatio": 0.1972111554,
    "incomeTaxExpense": 198000000,
    "netIncome": 670000000,
    "netIncomeRatio": 0.1482957061,
    "eps": 0.3,
    "epsdiluted": 0.3,
    "weightedAverageShsOut": 2248000000,
    "weightedAverageShsOutDil": 2248000000,
    "link": "https://www.sec.gov/Archives/edgar/data/1506307/000150630723000023/0001506307-23-000023-index.htm",
    "finalLink": "https://www.sec.gov/Archives/edgar/data/1506307/000150630723000023/kmi-20221231.htm"
  },
  {
    "date": "2022-09-30",
    "symbol": "KMI",
    "reportedCurrency": "USD",
    "cik": "0001506307",
    "fillingDate": "2022-10-21",
    "acceptedDate": "2022-10-21 16:28:36",
    "calendarYear": "2022",
    "period": "Q3",
    "revenue": 5249000000,
    "costOfRevenue": 3967000000,
    "grossProfit": 1282000000,
    "grossProfitRatio": 0.2442369975,
    "researchAndDevelopmentExpenses": 0,
    "generalAndAdministrativeExpenses": 0,
    "sellingAndMarketingExpenses": 0,
    "sellingGeneralAndAdministrativeExpenses": 162000000,
    "otherExpenses": 113000000,
    "operatingExpenses": 275000000,
    "costAndExpenses": 4242000000,
    "interestIncome": 0,
    "interestExpense": 400000000,
    "depreciationAndAmortization": 551000000,
    "ebitda": 1680000000,
    "ebitdaratio": 0.320060964,
    "operatingIncome": 1007000000,
    "operatingIncomeRatio": 0.1918460659,
    "totalOtherIncomeExpensesNet": -278000000,
    "incomeBeforeTax": 729000000,
    "incomeBeforeTaxRatio": 0.1388835969,
    "incomeTaxExpense": 134000000,
    "netIncome": 576000000,
    "netIncomeRatio": 0.1097351877,
    "eps": 0.25,
    "epsdiluted": 0.25,
    "weightedAverageShsOut": 2253000000,
    "weightedAverageShsOutDil": 2253000000,
    "link": "https://www.sec.gov/Archives/edgar/data/1506307/000150630722000111/0001506307-22-000111-index.htm",
    "finalLink": "https://www.sec.gov/Archives/edgar/data/1506307/000150630722000111/kmi-20220930.htm"
  },
  {
    "date": "2022-06-30",
    "symbol": "KMI",
    "reportedCurrency": "USD",
    "cik": "0001506307",
    "fillingDate": "2022-07-22",
    "acceptedDate": "2022-07-22 16:11:11",
    "calendarYear": "2022",
    "period": "Q2",
    "revenue": 5353000000,
    "costOfRevenue": 3888000000,
    "grossProfit": 1465000000,
    "grossProfitRatio": 0.2736783112,
    "researchAndDevelopmentExpenses": 0,
    "generalAndAdministrativeExpenses": 0,
    "sellingAndMarketingExpenses": 0,
    "sellingGeneralAndAdministrativeExpenses": 152000000,
    "otherExpenses": 116000000,
    "operatingExpenses": 268000000,
    "costAndExpenses": 4156000000,
    "interestIncome": 0,
    "interestExpense": 369000000,
    "depreciationAndAmortization": 543000000,
    "ebitda": 1749000000,
    "ebitdaratio": 0.3267326733,
    "operatingIncome": 1197000000,
    "operatingIncomeRatio": 0.2236129273,
    "totalOtherIncomeExpensesNet": -360000000,
    "incomeBeforeTax": 837000000,
    "incomeBeforeTaxRatio": 0.1563609191,
    "incomeTaxExpense": 184000000,
    "netIncome": 635000000,
    "netIncomeRatio": 0.1186250701,
    "eps": 0.28,
    "epsdiluted": 0.28,
    "weightedAverageShsOut": 2265000000,
    "weightedAverageShsOutDil": 2265000000,
    "link": "https://www.sec.gov/Archives/edgar/data/1506307/000150630722000083/0001506307-22-000083-index.htm",
    "finalLink": "https://www.sec.gov/Archives/edgar/data/1506307/000150630722000083/kmi-20220630.htm"
  },
  {
    "date": "2022-03-31",
    "symbol": "KMI",
    "reportedCurrency": "USD",
    "cik": "0001506307",
    "fillingDate": "2022-04-22",
    "acceptedDate": "2022-04-22 16:10:18",
    "calendarYear": "2022",
    "period": "Q1",
    "revenue": 4434000000,
    "costOfRevenue": 2935000000,
    "grossProfit": 1499000000,
    "grossProfitRatio": 0.3380694632,
    "researchAndDevelopmentExpenses": 0,
    "generalAndAdministrativeExpenses": 0,
    "sellingAndMarketingExpenses": 0,
    "sellingGeneralAndAdministrativeExpenses": 156000000,
    "otherExpenses": 111000000,
    "operatingExpenses": 267000000,
    "costAndExpenses": 3202000000,
    "interestIncome": 0,
    "interestExpense": 372000000,
    "depreciationAndAmortization": 538000000,
    "ebitda": 1788000000,
    "ebitdaratio": 0.4032476319,
    "operatingIncome": 1232000000,
    "operatingIncomeRatio": 0.2778529544,
    "totalOtherIncomeExpensesNet": -354000000,
    "incomeBeforeTax": 878000000,
    "incomeBeforeTaxRatio": 0.198015336,
    "incomeTaxExpense": 194000000,
    "netIncome": 667000000,
    "netIncomeRatio": 0.150428507,
    "eps": 0.29,
    "epsdiluted": 0.29,
    "weightedAverageShsOut": 2267000000,
    "weightedAverageShsOutDil": 2267000000,
    "link": "https://www.sec.gov/Archives/edgar/data/1506307/000150630722000037/0001506307-22-000037-index.htm",
    "finalLink": "https://www.sec.gov/Archives/edgar/data/1506307/000150630722000037/kmi-20220331.htm"
  },
  {
    "date": "2021-12-31",
    "symbol": "KMI",
    "reportedCurrency": "USD",
    "cik": "0001506307",
    "fillingDate": "2022-02-07",
    "acceptedDate": "2022-02-07 17:03:15",
    "calendarYear": "2021",
    "period": "Q4",
    "revenue": 4478000000,
    "costOfRevenue": 3195000000,
    "grossProfit": 1283000000,
    "grossProfitRatio": 0.2865118356,
    "researchAndDevelopmentExpenses": 0,
    "generalAndAdministrativeExpenses": 0,
    "sellingAndMarketingExpenses": 0,
    "sellingGeneralAndAdministrativeExpenses": 165000000,
    "otherExpenses": 102000000,
    "operatingExpenses": 267000000,
    "costAndExpenses": 3462000000,
    "interestIncome": 0,
    "interestExpense": 373000000,
    "depreciationAndAmortization": 540000000,
    "ebitda": 1688000000,
    "ebitdaratio": 0.3769539973,
    "operatingIncome": 1016000000,
    "operatingIncomeRatio": 0.2268870031,
    "totalOtherIncomeExpensesNet": -241000000,
    "incomeBeforeTax": 775000000,
    "incomeBeforeTaxRatio": 0.1730683341,
    "incomeTaxExpense": 121000000,
    "netIncome": 637000000,
    "netIncomeRatio": 0.1422510049,
    "eps": 0.28,
    "epsdiluted": 0.28,
    "weightedAverageShsOut": 2267000000,
    "weightedAverageShsOutDil": 2267000000,
    "link": "https://www.sec.gov/Archives/edgar/data/1506307/000150630722000018/0001506307-22-000018-index.htm",
    "finalLink": "https://www.sec.gov/Archives/edgar/data/1506307/000150630722000018/kmi-20211231.htm"
  },
  {
    "date": "2021-09-30",
    "symbol": "KMI",
    "reportedCurrency": "USD",
    "cik": "0001506307",
    "fillingDate": "2021-10-22",
    "acceptedDate": "2021-10-22 16:09:46",
    "calendarYear": "2021",
    "period": "Q3",
    "revenue": 3958000000,
    "costOfRevenue": 2700000000,
    "grossProfit": 1258000000,
    "grossProfitRatio": 0.3178372916,
    "researchAndDevelopmentExpenses": 0,
    "generalAndAdministrativeExpenses": 0,
    "sellingAndMarketingExpenses": 0,
    "sellingGeneralAndAdministrativeExpenses": 174000000,
    "otherExpenses": 106000000,
    "operatingExpenses": 280000000,
    "costAndExpenses": 2980000000,
    "interestIncome": 0,
    "interestExpense": 368000000,
    "depreciationAndAmortization": 526000000,
    "ebitda": 1539000000,
    "ebitdaratio": 0.3888327438,
    "operatingIncome": 978000000,
    "operatingIncomeRatio": 0.2470944922,
    "totalOtherIncomeExpensesNet": -333000000,
    "incomeBeforeTax": 645000000,
    "incomeBeforeTaxRatio": 0.1629610915,
    "incomeTaxExpense": 134000000,
    "netIncome": 495000000,
    "netIncomeRatio": 0.1250631632,
    "eps": 0.22,
    "epsdiluted": 0.22,
    "weightedAverageShsOut": 2267000000,
    "weightedAverageShsOutDil": 2267000000,
    "link": "https://www.sec.gov/Archives/edgar/data/1506307/000150630721000106/0001506307-21-000106-index.htm",
    "finalLink": "https://www.sec.gov/Archives/edgar/data/1506307/000150630721000106/kmi-20210930.htm"
  },
  {
    "date": "2021-06-30",
    "symbol": "KMI",
    "reportedCurrency": "USD",
    "cik": "0001506307",
    "fillingDate": "2021-07-23",
    "acceptedDate": "2021-07-23 17:14:05",
    "calendarYear": "2021",
    "period": "Q2",
    "revenue": 3236000000,
    "costOfRevenue": 2042000000,
    "grossProfit": 1194000000,
    "grossProfitRatio": 0.368974042,
    "researchAndDevelopmentExpenses": 0,
    "generalAndAdministrativeExpenses": 0,
    "sellingAndMarketingExpenses": 0,
    "sellingGeneralAndAdministrativeExpenses": 160000000,
    "otherExpenses": 108000000,
    "operatingExpenses": 268000000,
    "costAndExpenses": 2310000000,
    "interestIncome": 0,
    "interestExpense": 377000000,
    "depreciationAndAmortization": 528000000,
    "ebitda": -72000000,
    "ebitdaratio": -0.022249691,
    "operatingIncome": 926000000,
    "operatingIncomeRatio": 0.2861557478,
    "totalOtherIncomeExpensesNet": -1903000000,
    "incomeBeforeTax": -977000000,
    "incomeBeforeTaxRatio": -0.3019159456,
    "incomeTaxExpense": -237000000,
    "netIncome": -757000000,
    "netIncomeRatio": -0.2339307787,
    "eps": -0.34,
    "epsdiluted": -0.34,
    "weightedAverageShsOut": 2265000000,
    "weightedAverageShsOutDil": 2265000000,
    "link": "https://www.sec.gov/Archives/edgar/data/1506307/000150630721000079/0001506307-21-000079-index.htm",
    "finalLink": "https://www.sec.gov/Archives/edgar/data/1506307/000150630721000079/kmi-20210630.htm"
  },
  {
    "date": "2021-03-31",
    "symbol": "KMI",
    "reportedCurrency": "USD",
    "cik": "0001506307",
    "fillingDate": "2021-04-23",
    "acceptedDate": "2021-04-23 16:40:57",
    "calendarYear": "2021",
    "period": "Q1",
    "revenue": 5862000000,
    "costOfRevenue": 3231000000,
    "grossProfit": 2631000000,
    "grossProfitRatio": 0.4488229273,
    "researchAndDevelopmentExpenses": 0,
    "generalAndAdministrativeExpenses": 0,
    "sellingAndMarketingExpenses": 0,
    "sellingGeneralAndAdministrativeExpenses": 156000000,
    "otherExpenses": 110000000,
    "operatingExpenses": 266000000,
    "costAndExpenses": 3497000000,
    "interestIncome": 0,
    "interestExpense": 379000000,
    "depreciationAndAmortization": 541000000,
    "ebitda": 2696000000,
    "ebitdaratio": 0.4599112931,
    "operatingIncome": 2365000000,
    "operatingIncomeRatio": 0.4034459229,
    "totalOtherIncomeExpensesNet": -589000000,
    "incomeBeforeTax": 1776000000,
    "incomeBeforeTaxRatio": 0.3029682702,
    "incomeTaxExpense": 351000000,
    "netIncome": 1409000000,
    "netIncomeRatio": 0.2403616513,
    "eps": 0.62,
    "epsdiluted": 0.62,
    "weightedAverageShsOut": 2263001000,
    "weightedAverageShsOutDil": 2264000000,
    "link": "https://www.sec.gov/Archives/edgar/data/1506307/000150630721000032/0001506307-21-000032-index.htm",
    "finalLink": "https://www.sec.gov/Archives/edgar/data/1506307/000150630721000032/kmi-20210331.htm"
  },
  {
    "date": "2020-12-31",
    "symbol": "KMI",
    "reportedCurrency": "USD",
    "cik": "0001506307",
    "fillingDate": "2021-02-05",
    "acceptedDate": "2021-02-05 17:06:31",
    "calendarYear": "2020",
    "period": "Q4",
    "revenue": 3102000000,
    "costOfRevenue": 1940000000,
    "grossProfit": 1162000000,
    "grossProfitRatio": 0.3745970342,
    "researchAndDevelopmentExpenses": 0,
    "generalAndAdministrativeExpenses": 0,
    "sellingAndMarketingExpenses": 0,
    "sellingGeneralAndAdministrativeExpenses": 187000000,
    "otherExpenses": 83000000,
    "operatingExpenses": 270000000,
    "costAndExpenses": 2210000000,
    "interestIncome": 0,
    "interestExpense": 382000000,
    "depreciationAndAmortization": 528000000,
    "ebitda": 1710000000,
    "ebitdaratio": 0.5512572534,
    "operatingIncome": 892000000,
    "operatingIncomeRatio": 0.2875564152,
    "totalOtherIncomeExpensesNet": -92000000,
    "incomeBeforeTax": 800000000,
    "incomeBeforeTaxRatio": 0.2578981302,
    "incomeTaxExpense": 177000000,
    "netIncome": 607000000,
    "netIncomeRatio": 0.1956802063,
    "eps": 0.27,
    "epsdiluted": 0.27,
    "weightedAverageShsOut": 2263000000,
    "weightedAverageShsOutDil": 2264000000,
    "link": "https://www.sec.gov/Archives/edgar/data/1506307/000150630721000022/0001506307-21-000022-index.htm",
    "finalLink": "https://www.sec.gov/Archives/edgar/data/1506307/000150630721000022/kmi-20201231.htm"
  },
  {
    "date": "2020-09-30",
    "symbol": "KMI",
    "reportedCurrency": "USD",
    "cik": "0001506307",
    "fillingDate": "2020-10-23",
    "acceptedDate": "2020-10-23 16:25:04",
    "calendarYear": "2020",
    "period": "Q3",
    "revenue": 2879000000,
    "costOfRevenue": 1842000000,
    "grossProfit": 1037000000,
    "grossProfitRatio": 0.360194512,
    "researchAndDevelopmentExpenses": 0,
    "generalAndAdministrativeExpenses": 0,
    "sellingAndMarketingExpenses": 0,
    "sellingGeneralAndAdministrativeExpenses": 153000000,
    "otherExpenses": 111000000,
    "operatingExpenses": 264000000,
    "costAndExpenses": 2106000000,
    "interestIncome": 0,
    "interestExpense": 383000000,
    "depreciationAndAmortization": 539000000,
    "ebitda": 1534000000,
    "ebitdaratio": 0.5328238972,
    "operatingIncome": 773000000,
    "operatingIncomeRatio": 0.2684960056,
    "totalOtherIncomeExpensesNet": -161000000,
    "incomeBeforeTax": 612000000,
    "incomeBeforeTaxRatio": 0.2125738104,
    "incomeTaxExpense": 140000000,
    "netIncome": 455000000,
    "netIncomeRatio": 0.1580409865,
    "eps": 0.2,
    "epsdiluted": 0.2,
    "weightedAverageShsOut": 2263000000,
    "weightedAverageShsOutDil": 2263000000,
    "link": "https://www.sec.gov/Archives/edgar/data/1506307/000150630720000097/0001506307-20-000097-index.htm",
    "finalLink": "https://www.sec.gov/Archives/edgar/data/1506307/000150630720000097/kmi-20200930.htm"
  },
  {
    "date": "2020-06-30",
    "symbol": "KMI",
    "reportedCurrency": "USD",
    "cik": "0001506307",
    "fillingDate": "2020-07-27",
    "acceptedDate": "2020-07-24 17:57:03",
    "calendarYear": "2020",
    "period": "Q2",
    "revenue": 2495000000,
    "costOfRevenue": 1579000000,
    "grossProfit": 916000000,
    "grossProfitRatio": 0.3671342685,
    "researchAndDevelopmentExpenses": 0,
    "generalAndAdministrativeExpenses": 0,
    "sellingAndMarketingExpenses": 0,
    "sellingGeneralAndAdministrativeExpenses": 155000000,
    "otherExpenses": 103000000,
    "operatingExpenses": 258000000,
    "costAndExpenses": 1837000000,
    "interestIncome": 0,
    "interestExpense": 393000000,
    "depreciationAndAmortization": 532000000,
    "ebitda": 405000000,
    "ebitdaratio": 0.1623246493,
    "operatingIncome": 658000000,
    "operatingIncomeRatio": 0.2637274549,
    "totalOtherIncomeExpensesNet": -1178000000,
    "incomeBeforeTax": -520000000,
    "incomeBeforeTaxRatio": -0.2084168337,
    "incomeTaxExpense": 104000000,
    "netIncome": -637000000,
    "netIncomeRatio": -0.2553106212,
    "eps": -0.28,
    "epsdiluted": -0.28,
    "weightedAverageShsOut": 2261000000,
    "weightedAverageShsOutDil": 2261000000,
    "link": "https://www.sec.gov/Archives/edgar/data/1506307/000150630720000067/0001506307-20-000067-index.htm",
    "finalLink": "https://www.sec.gov/Archives/edgar/data/1506307/000150630720000067/kmi-20200630.htm"
  },
  {
    "date": "2020-03-31",
    "symbol": "KMI",
    "reportedCurrency": "USD",
    "cik": "0001506307",
    "fillingDate": "2020-04-29",
    "acceptedDate": "2020-04-28 17:47:04",
    "calendarYear": "2020",
    "period": "Q1",
    "revenue": 2997000000,
    "costOfRevenue": 1835000000,
    "grossProfit": 1162000000,
    "grossProfitRatio": 0.3877210544,
    "researchAndDevelopmentExpenses": 0,
    "generalAndAdministrativeExpenses": 0,
    "sellingAndMarketingExpenses": 0,
    "sellingGeneralAndAdministrativeExpenses": 153000000,
    "otherExpenses": 92000000,
    "operatingExpenses": 245000000,
    "costAndExpenses": 2080000000,
    "interestIncome": 0,
    "interestExpense": 429000000,
    "depreciationAndAmortization": 565000000,
    "ebitda": 763000000,
    "ebitdaratio": 0.2545879213,
    "operatingIncome": 917000000,
    "operatingIncomeRatio": 0.3059726393,
    "totalOtherIncomeExpensesNet": -1148000000,
    "incomeBeforeTax": -231000000,
    "incomeBeforeTaxRatio": -0.0770770771,
    "incomeTaxExpense": 60000000,
    "netIncome": -306000000,
    "netIncomeRatio": -0.1021021021,
    "eps": -0.14,
    "epsdiluted": -0.14,
    "weightedAverageShsOut": 2264000000,
    "weightedAverageShsOutDil": 2264000000,
    "link": "https://www.sec.gov/Archives/edgar/data/1506307/000150630720000041/0001506307-20-000041-index.htm",
    "finalLink": "https://www.sec.gov/Archives/edgar/data/1506307/000150630720000041/kmi-03312020x10q.htm"
  },
  {
    "date": "2019-12-31",
    "symbol": "KMI",
    "reportedCurrency": "USD",
    "cik": "0001506307",
    "fillingDate": "2020-02-12",
    "acceptedDate": "2020-02-11 19:42:37",
    "calendarYear": "2019",
    "period": "Q4",
    "revenue": 3354000000,
    "costOfRevenue": 2109000000,
    "grossProfit": 1245000000,
    "grossProfitRatio": 0.3711985689,
    "researchAndDevelopmentExpenses": 0,
    "generalAndAdministrativeExpenses": 0,
    "sellingAndMarketingExpenses": 0,
    "sellingGeneralAndAdministrativeExpenses": 134000000,
    "otherExpenses": 102000000,
    "operatingExpenses": 236000000,
    "costAndExpenses": 2345000000,
    "interestIncome": 0,
    "interestExpense": 444000000,
    "depreciationAndAmortization": 661000000,
    "ebitda": 2187000000,
    "ebitdaratio": 0.6520572451,
    "operatingIncome": 1009000000,
    "operatingIncomeRatio": 0.3008348241,
    "totalOtherIncomeExpensesNet": 73000000,
    "incomeBeforeTax": 1082000000,
    "incomeBeforeTaxRatio": 0.3225998807,
    "incomeTaxExpense": 455000000,
    "netIncome": 610000000,
    "netIncomeRatio": 0.1818723912,
    "eps": 0.27,
    "epsdiluted": 0.27,
    "weightedAverageShsOut": 2265000000,
    "weightedAverageShsOutDil": 2265000000,
    "link": "https://www.sec.gov/Archives/edgar/data/1506307/000150630720000022/0001506307-20-000022-index.htm",
    "finalLink": "https://www.sec.gov/Archives/edgar/data/1506307/000150630720000022/kmi-2019x10k.htm"
  },
  {
    "date": "2019-09-30",
    "symbol": "KMI",
    "reportedCurrency": "USD",
    "cik": "0001506307",
    "fillingDate": "2019-10-21",
    "acceptedDate": "2019-10-18 17:48:56",
    "calendarYear": "2019",
    "period": "Q3",
    "revenue": 3193000000,
    "costOfRevenue": 2005000000,
    "grossProfit": 1188000000,
    "grossProfitRatio": 0.3720638898,
    "researchAndDevelopmentExpenses": 0,
    "generalAndAdministrativeExpenses": 0,
    "sellingAndMarketingExpenses": 0,
    "sellingGeneralAndAdministrativeExpenses": 154000000,
    "otherExpenses": 103000000,
    "operatingExpenses": 257000000,
    "costAndExpenses": 2262000000,
    "interestIncome": 0,
    "interestExpense": 445000000,
    "depreciationAndAmortization": 578000000,
    "ebitda": 1691000000,
    "ebitdaratio": 0.5295959912,
    "operatingIncome": 931000000,
    "operatingIncomeRatio": 0.291575321,
    "totalOtherIncomeExpensesNet": -263000000,
    "incomeBeforeTax": 668000000,
    "incomeBeforeTaxRatio": 0.2092076417,
    "incomeTaxExpense": 151000000,
    "netIncome": 506000000,
    "netIncomeRatio": 0.1584716567,
    "eps": 0.22,
    "epsdiluted": 0.22,
    "weightedAverageShsOut": 2264000000,
    "weightedAverageShsOutDil": 2264000000,
    "link": "https://www.sec.gov/Archives/edgar/data/1506307/000150630719000158/0001506307-19-000158-index.htm",
    "finalLink": "https://www.sec.gov/Archives/edgar/data/1506307/000150630719000158/kmi-09302019x10q.htm"
  },
  {
    "date": "2019-06-30",
    "symbol": "KMI",
    "reportedCurrency": "USD",
    "cik": "0001506307",
    "fillingDate": "2019-07-19",
    "acceptedDate": "2019-07-19 16:12:31",
    "calendarYear": "2019",
    "period": "Q2",
    "revenue": 3207000000,
    "costOfRevenue": 2011000000,
    "grossProfit": 1196000000,
    "grossProfitRatio": 0.3729342064,
    "researchAndDevelopmentExpenses": 0,
    "generalAndAdministrativeExpenses": 0,
    "sellingAndMarketingExpenses": 0,
    "sellingGeneralAndAdministrativeExpenses": 148000000,
    "otherExpenses": 103000000,
    "operatingExpenses": 251000000,
    "costAndExpenses": 2262000000,
    "interestIncome": 0,
    "interestExpense": 449000000,
    "depreciationAndAmortization": 579000000,
    "ebitda": 1704000000,
    "ebitdaratio": 0.5313376988,
    "operatingIncome": 945000000,
    "operatingIncomeRatio": 0.2946679139,
    "totalOtherIncomeExpensesNet": -269000000,
    "incomeBeforeTax": 676000000,
    "incomeBeforeTaxRatio": 0.2107888993,
    "incomeTaxExpense": 148000000,
    "netIncome": 518000000,
    "netIncomeRatio": 0.1615216713,
    "eps": 0.23,
    "epsdiluted": 0.23,
    "weightedAverageShsOut": 2262000000,
    "weightedAverageShsOutDil": 2262000000,
    "link": "https://www.sec.gov/Archives/edgar/data/1506307/000150630719000129/0001506307-19-000129-index.htm",
    "finalLink": "https://www.sec.gov/Archives/edgar/data/1506307/000150630719000129/kmi-06302019x10q.htm"
  },
  {
    "date": "2019-03-31",
    "symbol": "KMI",
    "reportedCurrency": "USD",
    "cik": "0001506307",
    "fillingDate": "2019-04-23",
    "acceptedDate": "2019-04-22 20:04:52",
    "calendarYear": "2019",
    "period": "Q1",
    "revenue": 3406000000,
    "costOfRevenue": 2138000000,
    "grossProfit": 1268000000,
    "grossProfitRatio": 0.3722842043,
    "researchAndDevelopmentExpenses": 0,
    "generalAndAdministrativeExpenses": 0,
    "sellingAndMarketingExpenses": 0,
    "sellingGeneralAndAdministrativeExpenses": 154000000,
    "otherExpenses": 118000000,
    "operatingExpenses": 272000000,
    "costAndExpenses": 2410000000,
    "interestIncome": 0,
    "interestExpense": 450000000,
    "depreciationAndAmortization": 593000000,
    "ebitda": 1782000000,
    "ebitdaratio": 0.5231943629,
    "operatingIncome": 996000000,
    "operatingIncomeRatio": 0.2924251321,
    "totalOtherIncomeExpensesNet": -257000000,
    "incomeBeforeTax": 739000000,
    "incomeBeforeTaxRatio": 0.2169700528,
    "incomeTaxExpense": 172000000,
    "netIncome": 556000000,
    "netIncomeRatio": 0.1632413388,
    "eps": 0.24,
    "epsdiluted": 0.24,
    "weightedAverageShsOut": 2262000000,
    "weightedAverageShsOutDil": 2262000000,
    "link": "https://www.sec.gov/Archives/edgar/data/1506307/000150630719000079/0001506307-19-000079-index.htm",
    "finalLink": "https://www.sec.gov/Archives/edgar/data/1506307/000150630719000079/kmi-03312019x10q.htm"
  },
  {
    "date": "2018-12-31",
    "symbol": "KMI",
    "reportedCurrency": "USD",
    "cik": "0001506307",
    "fillingDate": "2019-02-08",
    "acceptedDate": "2019-02-08 17:34:43",
    "calendarYear": "2018",
    "period": "Q4",
    "revenue": 3689000000,
    "costOfRevenue": 2446000000,
    "grossProfit": 1243000000,
    "grossProfitRatio": 0.3369476823,
    "researchAndDevelopmentExpenses": 0,
    "generalAndAdministrativeExpenses": 0,
    "sellingAndMarketingExpenses": 0,
    "sellingGeneralAndAdministrativeExpenses": 110000000,
    "otherExpenses": 86000000,
    "operatingExpenses": 196000000,
    "costAndExpenses": 2642000000,
    "interestIncome": 0,
    "interestExpense": 459000000,
    "depreciationAndAmortization": 587000000,
    "ebitda": 1821000000,
    "ebitdaratio": 0.4936297099,
    "operatingIncome": 1047000000,
    "operatingIncomeRatio": 0.2838167525,
    "totalOtherIncomeExpensesNet": -272000000,
    "incomeBeforeTax": 775000000,
    "incomeBeforeTaxRatio": 0.2100840336,
    "incomeTaxExpense": 273000000,
    "netIncome": 494000000,
    "netIncomeRatio": 0.1339116292,
    "eps": 0.22,
    "epsdiluted": 0.22,
    "weightedAverageShsOut": 2248000000,
    "weightedAverageShsOutDil": 2248000000,
    "link": "https://www.sec.gov/Archives/edgar/data/1506307/000150630719000033/0001506307-19-000033-index.htm",
    "finalLink": "https://www.sec.gov/Archives/edgar/data/1506307/000150630719000033/kmi-2018x10k.htm"
  },
  {
    "date": "2018-09-30",
    "symbol": "KMI",
    "reportedCurrency": "USD",
    "cik": "0001506307",
    "fillingDate": "2018-10-19",
    "acceptedDate": "2018-10-19 16:26:29",
    "calendarYear": "2018",
    "period": "Q3",
    "revenue": 3581000000,
    "costOfRevenue": 2352000000,
    "grossProfit": 1229000000,
    "grossProfitRatio": 0.3432002234,
    "researchAndDevelopmentExpenses": 0,
    "generalAndAdministrativeExpenses": 0,
    "sellingAndMarketingExpenses": 0,
    "sellingGeneralAndAdministrativeExpenses": 154000000,
    "otherExpenses": 86000000,
    "operatingExpenses": 240000000,
    "costAndExpenses": 2592000000,
    "interestIncome": 0,
    "interestExpense": 471000000,
    "depreciationAndAmortization": 569000000,
    "ebitda": 2241000000,
    "ebitdaratio": 0.6258028484,
    "operatingIncome": 989000000,
    "operatingIncomeRatio": 0.276179838,
    "totalOtherIncomeExpensesNet": 212000000,
    "incomeBeforeTax": 1201000000,
    "incomeBeforeTaxRatio": 0.3353811784,
    "incomeTaxExpense": 196000000,
    "netIncome": 732000000,
    "netIncomeRatio": 0.2044121754,
    "eps": 0.31,
    "epsdiluted": 0.31,
    "weightedAverageShsOut": 2205000000,
    "weightedAverageShsOutDil": 2205000000,
    "link": "https://www.sec.gov/Archives/edgar/data/1506307/000150630718000079/0001506307-18-000079-index.htm",
    "finalLink": "https://www.sec.gov/Archives/edgar/data/1506307/000150630718000079/kmi-09302018x10q.htm"
  },
  {
    "date": "2018-06-30",
    "symbol": "KMI",
    "reportedCurrency": "USD",
    "cik": "0001506307",
    "fillingDate": "2018-07-20",
    "acceptedDate": "2018-07-20 16:54:24",
    "calendarYear": "2018",
    "period": "Q2",
    "revenue": 3548000000,
    "costOfRevenue": 2257000000,
    "grossProfit": 1291000000,
    "grossProfitRatio": 0.3638669673,
    "researchAndDevelopmentExpenses": 0,
    "generalAndAdministrativeExpenses": 0,
    "sellingAndMarketingExpenses": 0,
    "sellingGeneralAndAdministrativeExpenses": 164000000,
    "otherExpenses": 85000000,
    "operatingExpenses": 249000000,
    "costAndExpenses": 2506000000,
    "interestIncome": 0,
    "interestExpense": 512000000,
    "depreciationAndAmortization": 571000000,
    "ebitda": 907000000,
    "ebitdaratio": 0.2556369786,
    "operatingIncome": 1042000000,
    "operatingIncomeRatio": 0.293686584,
    "totalOtherIncomeExpensesNet": -1218000000,
    "incomeBeforeTax": -176000000,
    "incomeBeforeTaxRatio": -0.0496054115,
    "incomeTaxExpense": -46000000,
    "netIncome": -141000000,
    "netIncomeRatio": -0.039740699,
    "eps": -0.08,
    "epsdiluted": -0.08,
    "weightedAverageShsOut": 2204000000,
    "weightedAverageShsOutDil": 2204000000,
    "link": "https://www.sec.gov/Archives/edgar/data/1506307/000150630718000058/0001506307-18-000058-index.htm",
    "finalLink": "https://www.sec.gov/Archives/edgar/data/1506307/000150630718000058/kmi-06302018x10q.htm"
  },
  {
    "date": "2018-03-31",
    "symbol": "KMI",
    "reportedCurrency": "USD",
    "cik": "0001506307",
    "fillingDate": "2018-04-24",
    "acceptedDate": "2018-04-23 19:01:36",
    "calendarYear": "2018",
    "period": "Q1",
    "revenue": 3459000000,
    "costOfRevenue": 2208000000,
    "grossProfit": 1251000000,
    "grossProfitRatio": 0.3616652212,
    "researchAndDevelopmentExpenses": 0,
    "generalAndAdministrativeExpenses": 0,
    "sellingAndMarketingExpenses": 0,
    "sellingGeneralAndAdministrativeExpenses": 173000000,
    "otherExpenses": 88000000,
    "operatingExpenses": 261000000,
    "costAndExpenses": 2469000000,
    "interestIncome": 0,
    "interestExpense": 462000000,
    "depreciationAndAmortization": 570000000,
    "ebitda": 1738000000,
    "ebitdaratio": 0.5024573576,
    "operatingIncome": 990000000,
    "operatingIncomeRatio": 0.2862098873,
    "totalOtherIncomeExpensesNet": -284000000,
    "incomeBeforeTax": 706000000,
    "incomeBeforeTaxRatio": 0.2041052327,
    "incomeTaxExpense": 164000000,
    "netIncome": 524000000,
    "netIncomeRatio": 0.1514888696,
    "eps": 0.22,
    "epsdiluted": 0.22,
    "weightedAverageShsOut": 2207000000,
    "weightedAverageShsOutDil": 2207000000,
    "link": "https://www.sec.gov/Archives/edgar/data/1506307/000150630718000019/0001506307-18-000019-index.htm",
    "finalLink": "https://www.sec.gov/Archives/edgar/data/1506307/000150630718000019/kmi-03312018x10q.htm"
  },
  {
    "date": "2017-12-31",
    "symbol": "KMI",
    "reportedCurrency": "USD",
    "cik": "0001506307",
    "fillingDate": "2018-02-09",
    "acceptedDate": "2018-02-09 17:10:00",
    "calendarYear": "2017",
    "period": "Q4",
    "revenue": 3634000000,
    "costOfRevenue": 2549000000,
    "grossProfit": 1085000000,
    "grossProfitRatio": 0.2985690699,
    "researchAndDevelopmentExpenses": 0,
    "generalAndAdministrativeExpenses": 0,
    "sellingAndMarketingExpenses": 0,
    "sellingGeneralAndAdministrativeExpenses": 175000000,
    "otherExpenses": 101000000,
    "operatingExpenses": 276000000,
    "costAndExpenses": 2825000000,
    "interestIncome": 0,
    "interestExpense": 452000000,
    "depreciationAndAmortization": 564000000,
    "ebitda": 1340000000,
    "ebitdaratio": 0.3687396808,
    "operatingIncome": 809000000,
    "operatingIncomeRatio": 0.2226197028,
    "totalOtherIncomeExpensesNet": -485000000,
    "incomeBeforeTax": 324000000,
    "incomeBeforeTaxRatio": 0.0891579527,
    "incomeTaxExpense": 1316000000,
    "netIncome": -1006000000,
    "netIncomeRatio": -0.2768299395,
    "eps": -0.47,
    "epsdiluted": -0.47,
    "weightedAverageShsOut": 2229000000,
    "weightedAverageShsOutDil": 2229000000,
    "link": "https://www.sec.gov/Archives/edgar/data/1506307/000150630718000010/0001506307-18-000010-index.htm",
    "finalLink": "https://www.sec.gov/Archives/edgar/data/1506307/000150630718000010/kmi-2017x10k.htm"
  },
  {
    "date": "2017-09-30",
    "symbol": "KMI",
    "reportedCurrency": "USD",
    "cik": "0001506307",
    "fillingDate": "2017-10-20",
    "acceptedDate": "2017-10-20 16:36:45",
    "calendarYear": "2017",
    "period": "Q3",
    "revenue": 3276000000,
    "costOfRevenue": 2179000000,
    "grossProfit": 1097000000,
    "grossProfitRatio": 0.3348595849,
    "researchAndDevelopmentExpenses": 0,
    "generalAndAdministrativeExpenses": 0,
    "sellingAndMarketingExpenses": 4000000,
    "sellingGeneralAndAdministrativeExpenses": 164000000,
    "otherExpenses": 94000000,
    "operatingExpenses": 266000000,
    "costAndExpenses": 2445000000,
    "interestIncome": 0,
    "interestExpense": 456000000,
    "depreciationAndAmortization": 562000000,
    "ebitda": 1565000000,
    "ebitdaratio": 0.4777167277,
    "operatingIncome": 831000000,
    "operatingIncomeRatio": 0.2536630037,
    "totalOtherIncomeExpensesNet": -284000000,
    "incomeBeforeTax": 547000000,
    "incomeBeforeTaxRatio": 0.166971917,
    "incomeTaxExpense": 160000000,
    "netIncome": 373000000,
    "netIncomeRatio": 0.1138583639,
    "eps": 0.15,
    "epsdiluted": 0.15,
    "weightedAverageShsOut": 2231000000,
    "weightedAverageShsOutDil": 2231000000,
    "link": "https://www.sec.gov/Archives/edgar/data/1506307/000150630717000051/0001506307-17-000051-index.htm",
    "finalLink": "https://www.sec.gov/Archives/edgar/data/1506307/000150630717000051/kmi-09302017x10q.htm"
  },
  {
    "date": "2017-06-30",
    "symbol": "KMI",
    "reportedCurrency": "USD",
    "cik": "0001506307",
    "fillingDate": "2017-07-24",
    "acceptedDate": "2017-07-24 06:27:37",
    "calendarYear": "2017",
    "period": "Q2",
    "revenue": 3338000000,
    "costOfRevenue": 2204000000,
    "grossProfit": 1134000000,
    "grossProfitRatio": 0.3397243859,
    "researchAndDevelopmentExpenses": 0,
    "generalAndAdministrativeExpenses": 0,
    "sellingAndMarketingExpenses": 0,
    "sellingGeneralAndAdministrativeExpenses": 153000000,
    "otherExpenses": 91000000,
    "operatingExpenses": 244000000,
    "costAndExpenses": 2448000000,
    "interestIncome": 0,
    "interestExpense": 461000000,
    "depreciationAndAmortization": 577000000,
    "ebitda": 1637000000,
    "ebitdaratio": 0.4904134212,
    "operatingIncome": 890000000,
    "operatingIncomeRatio": 0.2666267226,
    "totalOtherIncomeExpensesNet": -291000000,
    "incomeBeforeTax": 599000000,
    "incomeBeforeTaxRatio": 0.1794487717,
    "incomeTaxExpense": 216000000,
    "netIncome": 376000000,
    "netIncomeRatio": 0.1126423008,
    "eps": 0.15,
    "epsdiluted": 0.15,
    "weightedAverageShsOut": 2230000000,
    "weightedAverageShsOutDil": 2230000000,
    "link": "https://www.sec.gov/Archives/edgar/data/1506307/000150630717000036/0001506307-17-000036-index.htm",
    "finalLink": "https://www.sec.gov/Archives/edgar/data/1506307/000150630717000036/kmi-06302017x10q.htm"
  },
  {
    "date": "2017-03-31",
    "symbol": "KMI",
    "reportedCurrency": "USD",
    "cik": "0001506307",
    "fillingDate": "2017-04-21",
    "acceptedDate": "2017-04-21 16:15:58",
    "calendarYear": "2017",
    "period": "Q1",
    "revenue": 3395000000,
    "costOfRevenue": 2155000000,
    "grossProfit": 1240000000,
    "grossProfitRatio": 0.3652430044,
    "researchAndDevelopmentExpenses": 0,
    "generalAndAdministrativeExpenses": 0,
    "sellingAndMarketingExpenses": 0,
    "sellingGeneralAndAdministrativeExpenses": 181000000,
    "otherExpenses": 104000000,
    "operatingExpenses": 285000000,
    "costAndExpenses": 2440000000,
    "interestIncome": 0,
    "interestExpense": 462000000,
    "depreciationAndAmortization": 558000000,
    "ebitda": 1711000000,
    "ebitdaratio": 0.5039764359,
    "operatingIncome": 955000000,
    "operatingIncomeRatio": 0.2812960236,
    "totalOtherIncomeExpensesNet": -264000000,
    "incomeBeforeTax": 691000000,
    "incomeBeforeTaxRatio": 0.2035346097,
    "incomeTaxExpense": 246000000,
    "netIncome": 440000000,
    "netIncomeRatio": 0.1296023564,
    "eps": 0.18,
    "epsdiluted": 0.18,
    "weightedAverageShsOut": 2230000000,
    "weightedAverageShsOutDil": 2230000000,
    "link": "https://www.sec.gov/Archives/edgar/data/1506307/000150630717000017/0001506307-17-000017-index.htm",
    "finalLink": "https://www.sec.gov/Archives/edgar/data/1506307/000150630717000017/kmi-03312017x10q.htm"
  },
  {
    "date": "2016-12-31",
    "symbol": "KMI",
    "reportedCurrency": "USD",
    "cik": "0001506307",
    "fillingDate": "2017-02-10",
    "acceptedDate": "2017-02-10 16:47:08",
    "calendarYear": "2016",
    "period": "Q4",
    "revenue": 3400000000,
    "costOfRevenue": 2160000000,
    "grossProfit": 1240000000,
    "grossProfitRatio": 0.3647058824,
    "researchAndDevelopmentExpenses": 0,
    "generalAndAdministrativeExpenses": 0,
    "sellingAndMarketingExpenses": 0,
    "sellingGeneralAndAdministrativeExpenses": 119000000,
    "otherExpenses": 735000000,
    "operatingExpenses": 216000000,
    "costAndExpenses": 2376000000,
    "interestIncome": 0,
    "interestExpense": 426300000,
    "depreciationAndAmortization": 557000000,
    "ebitda": 1371300000,
    "ebitdaratio": 0.4033235294,
    "operatingIncome": 1024000000,
    "operatingIncomeRatio": 0.3011764706,
    "totalOtherIncomeExpensesNet": -636000000,
    "incomeBeforeTax": 388000000,
    "incomeBeforeTaxRatio": 0.1141176471,
    "incomeTaxExpense": 173000000,
    "netIncome": 209000000,
    "netIncomeRatio": 0.0614705882,
    "eps": 0.08,
    "epsdiluted": 0.08,
    "weightedAverageShsOut": 2230000000,
    "weightedAverageShsOutDil": 2230000000,
    "link": "https://www.sec.gov/Archives/edgar/data/1506307/000150630717000008/0001506307-17-000008-index.htm",
    "finalLink": "https://www.sec.gov/Archives/edgar/data/1506307/000150630717000008/kmi-2016x10k.htm"
  },
  {
    "date": "2016-09-30",
    "symbol": "KMI",
    "reportedCurrency": "USD",
    "cik": "0001506307",
    "fillingDate": "2016-10-21",
    "acceptedDate": "2016-10-21 16:34:30",
    "calendarYear": "2016",
    "period": "Q3",
    "revenue": 3293000000,
    "costOfRevenue": 2096000000,
    "grossProfit": 1197000000,
    "grossProfitRatio": 0.3634983298,
    "researchAndDevelopmentExpenses": 0,
    "generalAndAdministrativeExpenses": 0,
    "sellingAndMarketingExpenses": 0,
    "sellingGeneralAndAdministrativeExpenses": 171000000,
    "otherExpenses": 106000000,
    "operatingExpenses": 277000000,
    "costAndExpenses": 2373000000,
    "interestIncome": 0,
    "interestExpense": 482300000,
    "depreciationAndAmortization": 549000000,
    "ebitda": 1225300000,
    "ebitdaratio": 0.372092317,
    "operatingIncome": 920000000,
    "operatingIncomeRatio": 0.2793805041,
    "totalOtherIncomeExpensesNet": -726000000,
    "incomeBeforeTax": 194000000,
    "incomeBeforeTaxRatio": 0.0589128454,
    "incomeTaxExpense": 377000000,
    "netIncome": -188000000,
    "netIncomeRatio": -0.0570907987,
    "eps": -0.1,
    "epsdiluted": -0.1,
    "weightedAverageShsOut": 2230000000,
    "weightedAverageShsOutDil": 2230000000,
    "link": "https://www.sec.gov/Archives/edgar/data/1506307/000150630716000120/0001506307-16-000120-index.htm",
    "finalLink": "https://www.sec.gov/Archives/edgar/data/1506307/000150630716000120/kmi-09302016x10q.htm"
  },
  {
    "date": "2016-06-30",
    "symbol": "KMI",
    "reportedCurrency": "USD",
    "cik": "0001506307",
    "fillingDate": "2016-07-22",
    "acceptedDate": "2016-07-22 16:09:36",
    "calendarYear": "2016",
    "period": "Q2",
    "revenue": 3144000000,
    "costOfRevenue": 1304000000,
    "grossProfit": 1840000000,
    "grossProfitRatio": 0.5852417303,
    "researchAndDevelopmentExpenses": 0,
    "generalAndAdministrativeExpenses": 189000000,
    "sellingAndMarketingExpenses": 0,
    "sellingGeneralAndAdministrativeExpenses": 189000000,
    "otherExpenses": 660000000,
    "operatingExpenses": 849000000,
    "costAndExpenses": 2206000000,
    "interestIncome": 0,
    "interestExpense": 471000000,
    "depreciationAndAmortization": 552000000,
    "ebitda": 1611000000,
    "ebitdaratio": 0.5124045802,
    "operatingIncome": 940000000,
    "operatingIncomeRatio": 0.2989821883,
    "totalOtherIncomeExpensesNet": -352000000,
    "incomeBeforeTax": 588000000,
    "incomeBeforeTaxRatio": 0.1870229008,
    "incomeTaxExpense": 213000000,
    "netIncome": 372000000,
    "netIncomeRatio": 0.1183206107,
    "eps": 0.15,
    "epsdiluted": 0.15,
    "weightedAverageShsOut": 2229000000,
    "weightedAverageShsOutDil": 2229000000,
    "link": "https://www.sec.gov/Archives/edgar/data/1506307/000150630716000103/0001506307-16-000103-index.htm",
    "finalLink": "https://www.sec.gov/Archives/edgar/data/1506307/000150630716000103/kmi-06302016x10q.htm"
  },
  {
    "date": "2016-03-31",
    "symbol": "KMI",
    "reportedCurrency": "USD",
    "cik": "0001506307",
    "fillingDate": "2016-04-22",
    "acceptedDate": "2016-04-22 15:33:02",
    "calendarYear": "2016",
    "period": "Q1",
    "revenue": 3195000000,
    "costOfRevenue": 1282000000,
    "grossProfit": 1913000000,
    "grossProfitRatio": 0.5987480438,
    "researchAndDevelopmentExpenses": 0,
    "generalAndAdministrativeExpenses": 190000000,
    "sellingAndMarketingExpenses": 0,
    "sellingGeneralAndAdministrativeExpenses": 190000000,
    "otherExpenses": 893000000,
    "operatingExpenses": 863000000,
    "costAndExpenses": 2145000000,
    "interestIncome": 0,
    "interestExpense": 441000000,
    "depreciationAndAmortization": 551000000,
    "ebitda": 1460000000,
    "ebitdaratio": 0.4569640063,
    "operatingIncome": 816000000,
    "operatingIncomeRatio": 0.255399061,
    "totalOtherIncomeExpensesNet": -348000000,
    "incomeBeforeTax": 468000000,
    "incomeBeforeTaxRatio": 0.1464788732,
    "incomeTaxExpense": 154000000,
    "netIncome": 315000000,
    "netIncomeRatio": 0.0985915493,
    "eps": 0.12,
    "epsdiluted": 0.12,
    "weightedAverageShsOut": 2229000000,
    "weightedAverageShsOutDil": 2229000000,
    "link": "https://www.sec.gov/Archives/edgar/data/1506307/000150630716000083/0001506307-16-000083-index.htm",
    "finalLink": "https://www.sec.gov/Archives/edgar/data/1506307/000150630716000083/kmi-03312016x10q.htm"
  },
  {
    "date": "2015-12-31",
    "symbol": "KMI",
    "reportedCurrency": "USD",
    "cik": "0001506307",
    "fillingDate": "2016-02-16",
    "acceptedDate": "2016-02-16 07:26:20",
    "calendarYear": "2015",
    "period": "Q4",
    "revenue": 3636000000,
    "costOfRevenue": -891000000,
    "grossProfit": 2218000000,
    "grossProfitRatio": 0.6100110011,
    "researchAndDevelopmentExpenses": 0,
    "generalAndAdministrativeExpenses": 150000000,
    "sellingAndMarketingExpenses": 0,
    "sellingGeneralAndAdministrativeExpenses": 150000000,
    "otherExpenses": 2266000000,
    "operatingExpenses": 2462000000,
    "costAndExpenses": 2300000000,
    "interestIncome": 0,
    "interestExpense": 527000000,
    "depreciationAndAmortization": 584000000,
    "ebitda": 1920000000,
    "ebitdaratio": 0.5280528053,
    "operatingIncome": -244000000,
    "operatingIncomeRatio": -0.0671067107,
    "totalOtherIncomeExpensesNet": -449000000,
    "incomeBeforeTax": -518000000,
    "incomeBeforeTaxRatio": -0.1424642464,
    "incomeTaxExpense": 43000000,
    "netIncome": -695000000,
    "netIncomeRatio": -0.1911441144,
    "eps": -0.29,
    "epsdiluted": -0.29,
    "weightedAverageShsOut": 2229000000,
    "weightedAverageShsOutDil": 2229000000,
    "link": "https://www.sec.gov/Archives/edgar/data/1506307/000150630716000072/0001506307-16-000072-index.htm",
    "finalLink": "https://www.sec.gov/Archives/edgar/data/1506307/000150630716000072/kmi-2015x10k.htm"
  },
  {
    "date": "2015-09-30",
    "symbol": "KMI",
    "reportedCurrency": "USD",
    "cik": "0001506307",
    "fillingDate": "2015-10-23",
    "acceptedDate": "2015-10-23 15:54:01",
    "calendarYear": "2015",
    "period": "Q3",
    "revenue": 3707000000,
    "costOfRevenue": 617000000,
    "grossProfit": 3090000000,
    "grossProfitRatio": 0.8335581333,
    "researchAndDevelopmentExpenses": 0,
    "generalAndAdministrativeExpenses": 160000000,
    "sellingAndMarketingExpenses": 0,
    "sellingGeneralAndAdministrativeExpenses": 160000000,
    "otherExpenses": 1103000000,
    "operatingExpenses": 1986000000,
    "costAndExpenses": 2603000000,
    "interestIncome": 0,
    "interestExpense": 540000000,
    "depreciationAndAmortization": 617000000,
    "ebitda": 1725000000,
    "ebitdaratio": 0.4653358511,
    "operatingIncome": 721000000,
    "operatingIncomeRatio": 0.1944968978,
    "totalOtherIncomeExpensesNet": -430000000,
    "incomeBeforeTax": 291000000,
    "incomeBeforeTaxRatio": 0.0785001349,
    "incomeTaxExpense": 108000000,
    "netIncome": 186000000,
    "netIncomeRatio": 0.0501753439,
    "eps": 0.08,
    "epsdiluted": 0.08,
    "weightedAverageShsOut": 2203000000,
    "weightedAverageShsOutDil": 2203000000,
    "link": "https://www.sec.gov/Archives/edgar/data/1506307/000150630715000055/0001506307-15-000055-index.htm",
    "finalLink": "https://www.sec.gov/Archives/edgar/data/1506307/000150630715000055/kmi-09302015x10q.htm"
  },
  {
    "date": "2015-06-30",
    "symbol": "KMI",
    "reportedCurrency": "USD",
    "cik": "0001506307",
    "fillingDate": "2015-07-24",
    "acceptedDate": "2015-07-24 16:08:47",
    "calendarYear": "2015",
    "period": "Q2",
    "revenue": 3463000000,
    "costOfRevenue": 570000000,
    "grossProfit": 2893000000,
    "grossProfitRatio": 0.8354028299,
    "researchAndDevelopmentExpenses": 0,
    "generalAndAdministrativeExpenses": 164000000,
    "sellingAndMarketingExpenses": 0,
    "sellingGeneralAndAdministrativeExpenses": 164000000,
    "otherExpenses": 732000000,
    "operatingExpenses": 1955000000,
    "costAndExpenses": 2525000000,
    "interestIncome": 0,
    "interestExpense": 472000000,
    "depreciationAndAmortization": 570000000,
    "ebitda": 1573000000,
    "ebitdaratio": 0.454230436,
    "operatingIncome": 892000000,
    "operatingIncomeRatio": 0.2575801328,
    "totalOtherIncomeExpensesNet": -361000000,
    "incomeBeforeTax": 531000000,
    "incomeBeforeTaxRatio": 0.1533352584,
    "incomeTaxExpense": 189000000,
    "netIncome": 333000000,
    "netIncomeRatio": 0.0961593994,
    "eps": 0.15,
    "epsdiluted": 0.15,
    "weightedAverageShsOut": 2175000000,
    "weightedAverageShsOutDil": 2187000000,
    "link": "https://www.sec.gov/Archives/edgar/data/1506307/000150630715000043/0001506307-15-000043-index.htm",
    "finalLink": "https://www.sec.gov/Archives/edgar/data/1506307/000150630715000043/kmi-06302015x10q.htm"
  },
  {
    "date": "2015-03-31",
    "symbol": "KMI",
    "reportedCurrency": "USD",
    "cik": "0001506307",
    "fillingDate": "2015-04-28",
    "acceptedDate": "2015-04-28 07:06:44",
    "calendarYear": "2015",
    "period": "Q1",
    "revenue": 3597000000,
    "costOfRevenue": 538000000,
    "grossProfit": 3059000000,
    "grossProfitRatio": 0.8504309147,
    "researchAndDevelopmentExpenses": 0,
    "generalAndAdministrativeExpenses": 179000000,
    "sellingAndMarketingExpenses": 0,
    "sellingGeneralAndAdministrativeExpenses": 179000000,
    "otherExpenses": 745000000,
    "operatingExpenses": 891000000,
    "costAndExpenses": 2427000000,
    "interestIncome": 0,
    "interestExpense": 489000000,
    "depreciationAndAmortization": 538000000,
    "ebitda": 1681000000,
    "ebitdaratio": 0.4673338894,
    "operatingIncome": 1078000000,
    "operatingIncomeRatio": 0.2996941896,
    "totalOtherIncomeExpensesNet": -435000000,
    "incomeBeforeTax": 643000000,
    "incomeBeforeTaxRatio": 0.1787600778,
    "incomeTaxExpense": 244000000,
    "netIncome": 429000000,
    "netIncomeRatio": 0.119266055,
    "eps": 0.22,
    "epsdiluted": 0.22,
    "weightedAverageShsOut": 2141000000,
    "weightedAverageShsOutDil": 2151000000,
    "link": "https://www.sec.gov/Archives/edgar/data/1506307/000150630715000020/0001506307-15-000020-index.htm",
    "finalLink": "https://www.sec.gov/Archives/edgar/data/1506307/000150630715000020/kmi-03312015x10q.htm"
  },
  {
    "date": "2014-12-31",
    "symbol": "KMI",
    "reportedCurrency": "USD",
    "cik": "0001506307",
    "fillingDate": "2015-02-23",
    "acceptedDate": "2015-02-23 06:07:55",
    "calendarYear": "2014",
    "period": "Q4",
    "revenue": 3951000000,
    "costOfRevenue": 522000000,
    "grossProfit": 3429000000,
    "grossProfitRatio": 0.867881549,
    "researchAndDevelopmentExpenses": 0,
    "generalAndAdministrativeExpenses": 149000000,
    "sellingAndMarketingExpenses": 0,
    "sellingGeneralAndAdministrativeExpenses": 149000000,
    "otherExpenses": 886000000,
    "operatingExpenses": 2201000000,
    "costAndExpenses": 2723000000,
    "interestIncome": 0,
    "interestExpense": 478000000,
    "depreciationAndAmortization": 522000000,
    "ebitda": 1421000000,
    "ebitdaratio": 0.3596557833,
    "operatingIncome": 956000000,
    "operatingIncomeRatio": 0.2419640597,
    "totalOtherIncomeExpensesNet": -366000000,
    "incomeBeforeTax": 590000000,
    "incomeBeforeTaxRatio": 0.1493292837,
    "incomeTaxExpense": 24000000,
    "netIncome": 126000000,
    "netIncomeRatio": 0.0318906606,
    "eps": 0.0865,
    "epsdiluted": 0.0865,
    "weightedAverageShsOut": 1457000000,
    "weightedAverageShsOutDil": 1457000000,
    "link": "https://www.sec.gov/Archives/edgar/data/1506307/000150630715000014/0001506307-15-000014-index.htm",
    "finalLink": "https://www.sec.gov/Archives/edgar/data/1506307/000150630715000014/kmi-2014x10k.htm"
  },
  {
    "date": "2014-09-30",
    "symbol": "KMI",
    "reportedCurrency": "USD",
    "cik": "0001506307",
    "fillingDate": "2014-10-29",
    "acceptedDate": "2014-10-29 16:14:22",
    "calendarYear": "2014",
    "period": "Q3",
    "revenue": 4291000000,
    "costOfRevenue": 520000000,
    "grossProfit": 3771000000,
    "grossProfitRatio": 0.8788161268,
    "researchAndDevelopmentExpenses": 0,
    "generalAndAdministrativeExpenses": 135000000,
    "sellingAndMarketingExpenses": 0,
    "sellingGeneralAndAdministrativeExpenses": 135000000,
    "otherExpenses": 2304000000,
    "operatingExpenses": 2439000000,
    "costAndExpenses": 2959000000,
    "interestIncome": 0,
    "interestExpense": 432000000,
    "depreciationAndAmortization": 520000000,
    "ebitda": 1852000000,
    "ebitdaratio": 0.4316010254,
    "operatingIncome": 1332000000,
    "operatingIncomeRatio": 0.3104171522,
    "totalOtherIncomeExpensesNet": -307000000,
    "incomeBeforeTax": 1025000000,
    "incomeBeforeTaxRatio": 0.2388720578,
    "incomeTaxExpense": 246000000,
    "netIncome": 329000000,
    "netIncomeRatio": 0.0766721044,
    "eps": 0.32,
    "epsdiluted": 0.32,
    "weightedAverageShsOut": 1028000000,
    "weightedAverageShsOutDil": 1028000000,
    "link": "https://www.sec.gov/Archives/edgar/data/1506307/000150630714000065/0001506307-14-000065-index.htm",
    "finalLink": "https://www.sec.gov/Archives/edgar/data/1506307/000150630714000065/kmi-09302014x10q.htm"
  },
  {
    "date": "2014-06-30",
    "symbol": "KMI",
    "reportedCurrency": "USD",
    "cik": "0001506307",
    "fillingDate": "2014-07-31",
    "acceptedDate": "2014-07-30 19:05:39",
    "calendarYear": "2014",
    "period": "Q2",
    "revenue": 3937000000,
    "costOfRevenue": 502000000,
    "grossProfit": 3435000000,
    "grossProfitRatio": 0.872491745,
    "researchAndDevelopmentExpenses": 0,
    "generalAndAdministrativeExpenses": 154000000,
    "sellingAndMarketingExpenses": 0,
    "sellingGeneralAndAdministrativeExpenses": 154000000,
    "otherExpenses": 2261000000,
    "operatingExpenses": 2415000000,
    "costAndExpenses": 2917000000,
    "interestIncome": 0,
    "interestExpense": 440000000,
    "depreciationAndAmortization": 502000000,
    "ebitda": 1617000000,
    "ebitdaratio": 0.4107188214,
    "operatingIncome": 1013000000,
    "operatingIncomeRatio": 0.2573025146,
    "totalOtherIncomeExpensesNet": -338000000,
    "incomeBeforeTax": 675000000,
    "incomeBeforeTaxRatio": 0.1714503429,
    "incomeTaxExpense": 178000000,
    "netIncome": 284000000,
    "netIncomeRatio": 0.0721361443,
    "eps": 0.28,
    "epsdiluted": 0.28,
    "weightedAverageShsOut": 1028000000,
    "weightedAverageShsOutDil": 1028000000,
    "link": "https://www.sec.gov/Archives/edgar/data/1506307/000150630714000052/0001506307-14-000052-index.htm",
    "finalLink": "https://www.sec.gov/Archives/edgar/data/1506307/000150630714000052/kmi-06302014x10q.htm"
  },
  {
    "date": "2014-03-31",
    "symbol": "KMI",
    "reportedCurrency": "USD",
    "cik": "0001506307",
    "fillingDate": "2014-05-01",
    "acceptedDate": "2014-04-30 18:52:48",
    "calendarYear": "2014",
    "period": "Q1",
    "revenue": 4047000000,
    "costOfRevenue": 496000000,
    "grossProfit": 3551000000,
    "grossProfitRatio": 0.8774400791,
    "researchAndDevelopmentExpenses": 0,
    "generalAndAdministrativeExpenses": 172000000,
    "sellingAndMarketingExpenses": 0,
    "sellingGeneralAndAdministrativeExpenses": 172000000,
    "otherExpenses": 2236000000,
    "operatingExpenses": 2408000000,
    "costAndExpenses": 2904000000,
    "interestIncome": 0,
    "interestExpense": 448000000,
    "depreciationAndAmortization": 496000000,
    "ebitda": 1745000000,
    "ebitdaratio": 0.4311835928,
    "operatingIncome": 1147000000,
    "operatingIncomeRatio": 0.2834198171,
    "totalOtherIncomeExpensesNet": -346000000,
    "incomeBeforeTax": 801000000,
    "incomeBeforeTaxRatio": 0.1979243884,
    "incomeTaxExpense": 200000000,
    "netIncome": 287000000,
    "netIncomeRatio": 0.0709167284,
    "eps": 0.28,
    "epsdiluted": 0.28,
    "weightedAverageShsOut": 1028002000,
    "weightedAverageShsOutDil": 1029000000,
    "link": "https://www.sec.gov/Archives/edgar/data/1506307/000150630714000029/0001506307-14-000029-index.htm",
    "finalLink": "https://www.sec.gov/Archives/edgar/data/1506307/000150630714000029/kmi-03312014x10q.htm"
  },
  {
    "date": "2013-12-31",
    "symbol": "KMI",
    "reportedCurrency": "USD",
    "cik": "0001506307",
    "fillingDate": "2014-02-24",
    "acceptedDate": "2014-02-21 17:55:15",
    "calendarYear": "2013",
    "period": "Q4",
    "revenue": 3872000000,
    "costOfRevenue": 1965000000,
    "grossProfit": 3393000000,
    "grossProfitRatio": 0.8762913223,
    "researchAndDevelopmentExpenses": 0,
    "generalAndAdministrativeExpenses": 132000000,
    "sellingAndMarketingExpenses": 0,
    "sellingGeneralAndAdministrativeExpenses": 132000000,
    "otherExpenses": 561000000,
    "operatingExpenses": 747000000,
    "costAndExpenses": 2712000000,
    "interestIncome": 0,
    "interestExpense": 428000000,
    "depreciationAndAmortization": 479000000,
    "ebitda": 1720000000,
    "ebitdaratio": 0.444214876,
    "operatingIncome": 1160000000,
    "operatingIncomeRatio": 0.2995867769,
    "totalOtherIncomeExpensesNet": -387000000,
    "incomeBeforeTax": 773000000,
    "incomeBeforeTaxRatio": 0.1996384298,
    "incomeTaxExpense": 67000000,
    "netIncome": 338000000,
    "netIncomeRatio": 0.0872933884,
    "eps": 0.33,
    "epsdiluted": 0.33,
    "weightedAverageShsOut": 1035000000,
    "weightedAverageShsOutDil": 1035000000,
    "link": "https://www.sec.gov/Archives/edgar/data/1506307/000150630714000010/0001506307-14-000010-index.htm",
    "finalLink": "https://www.sec.gov/Archives/edgar/data/1506307/000150630714000010/kmi-2013x10k.htm"
  },
  {
    "date": "2013-09-30",
    "symbol": "KMI",
    "reportedCurrency": "USD",
    "cik": "0001506307",
    "fillingDate": "2013-10-30",
    "acceptedDate": "2013-10-30 16:14:14",
    "calendarYear": "2013",
    "period": "Q3",
    "revenue": 3654000000,
    "costOfRevenue": 2010000000,
    "grossProfit": 1696000000,
    "grossProfitRatio": 0.4641488779,
    "researchAndDevelopmentExpenses": 0,
    "generalAndAdministrativeExpenses": 158000000,
    "sellingAndMarketingExpenses": 0,
    "sellingGeneralAndAdministrativeExpenses": 158000000,
    "otherExpenses": 497000000,
    "operatingExpenses": 705000000,
    "costAndExpenses": 2678000000,
    "interestIncome": 0,
    "interestExpense": 418000000,
    "depreciationAndAmortization": 473000000,
    "ebitda": 1607000000,
    "ebitdaratio": 0.4397920088,
    "operatingIncome": 1041000000,
    "operatingIncomeRatio": 0.2848932677,
    "totalOtherIncomeExpensesNet": -319000000,
    "incomeBeforeTax": 722000000,
    "incomeBeforeTaxRatio": 0.1975916804,
    "incomeTaxExpense": 171000000,
    "netIncome": 286000000,
    "netIncomeRatio": 0.0782703886,
    "eps": 0.27,
    "epsdiluted": 0.27,
    "weightedAverageShsOut": 1036000000,
    "weightedAverageShsOutDil": 1036000000,
    "link": "https://www.sec.gov/Archives/edgar/data/1506307/000150630713000068/0001506307-13-000068-index.htm",
    "finalLink": "https://www.sec.gov/Archives/edgar/data/1506307/000150630713000068/kmi-9302013x10q.htm"
  },
  {
    "date": "2013-06-30",
    "symbol": "KMI",
    "reportedCurrency": "USD",
    "cik": "0001506307",
    "fillingDate": "2013-08-05",
    "acceptedDate": "2013-08-02 20:19:07",
    "calendarYear": "2013",
    "period": "Q2",
    "revenue": 3382000000,
    "costOfRevenue": 1699000000,
    "grossProfit": 2940000000,
    "grossProfitRatio": 0.8693081017,
    "researchAndDevelopmentExpenses": 0,
    "generalAndAdministrativeExpenses": 183000000,
    "sellingAndMarketingExpenses": 0,
    "sellingGeneralAndAdministrativeExpenses": 183000000,
    "otherExpenses": -131000000,
    "operatingExpenses": 911000000,
    "costAndExpenses": 2624000000,
    "interestIncome": 427000000,
    "interestExpense": 427000000,
    "depreciationAndAmortization": 442000000,
    "ebitda": 1878000000,
    "ebitdaratio": 0.5552927262,
    "operatingIncome": 775000000,
    "operatingIncomeRatio": 0.2291543465,
    "totalOtherIncomeExpensesNet": 234000000,
    "incomeBeforeTax": 1006000000,
    "incomeBeforeTaxRatio": 0.297457126,
    "incomeTaxExpense": 225000000,
    "netIncome": 277000000,
    "netIncomeRatio": 0.0819041987,
    "eps": 0.27,
    "epsdiluted": 0.27,
    "weightedAverageShsOut": 1036000000,
    "weightedAverageShsOutDil": 1038000000,
    "link": "https://www.sec.gov/Archives/edgar/data/1506307/000150630713000054/0001506307-13-000054-index.htm",
    "finalLink": "https://www.sec.gov/Archives/edgar/data/1506307/000150630713000054/kmi-6302013x10q.htm"
  },
  {
    "date": "2013-03-31",
    "symbol": "KMI",
    "reportedCurrency": "USD",
    "cik": "0001506307",
    "fillingDate": "2013-05-03",
    "acceptedDate": "2013-05-03 17:01:16",
    "calendarYear": "2013",
    "period": "Q1",
    "revenue": 3060000000,
    "costOfRevenue": 1385000000,
    "grossProfit": 2648000000,
    "grossProfitRatio": 0.8653594771,
    "researchAndDevelopmentExpenses": 0,
    "generalAndAdministrativeExpenses": 140000000,
    "sellingAndMarketingExpenses": 0,
    "sellingGeneralAndAdministrativeExpenses": 140000000,
    "otherExpenses": 518000000,
    "operatingExpenses": 658000000,
    "costAndExpenses": 2039000000,
    "interestIncome": 402000000,
    "interestExpense": 402000000,
    "depreciationAndAmortization": 412000000,
    "ebitda": 1754000000,
    "ebitdaratio": 0.5732026144,
    "operatingIncome": 1020000000,
    "operatingIncomeRatio": 0.3333333333,
    "totalOtherIncomeExpensesNet": -80000000,
    "incomeBeforeTax": 937000000,
    "incomeBeforeTaxRatio": 0.3062091503,
    "incomeTaxExpense": 279000000,
    "netIncome": 292000000,
    "netIncomeRatio": 0.0954248366,
    "eps": 0.28,
    "epsdiluted": 0.28,
    "weightedAverageShsOut": 1036000000,
    "weightedAverageShsOutDil": 1038000000,
    "link": "https://www.sec.gov/Archives/edgar/data/1506307/000150630713000030/0001506307-13-000030-index.htm",
    "finalLink": "https://www.sec.gov/Archives/edgar/data/1506307/000150630713000030/kmi-3312013x10q.htm"
  },
  {
    "date": "2012-12-31",
    "symbol": "KMI",
    "reportedCurrency": "USD",
    "cik": "0001506307",
    "fillingDate": "2013-03-01",
    "acceptedDate": "2013-03-01 08:16:34",
    "calendarYear": "2012",
    "period": "Q4",
    "revenue": 3079000000,
    "costOfRevenue": 1221000000,
    "grossProfit": 1858000000,
    "grossProfitRatio": 0.6034426762,
    "researchAndDevelopmentExpenses": 0,
    "generalAndAdministrativeExpenses": 273000000,
    "sellingAndMarketingExpenses": 415000000,
    "sellingGeneralAndAdministrativeExpenses": 142000000,
    "otherExpenses": 683000000,
    "operatingExpenses": 893000000,
    "costAndExpenses": 2105000000,
    "interestIncome": 8000000,
    "interestExpense": 414000000,
    "depreciationAndAmortization": 409000000,
    "ebitda": 1273000000,
    "ebitdaratio": 0.413445924,
    "operatingIncome": 965000000,
    "operatingIncomeRatio": 0.3134134459,
    "totalOtherIncomeExpensesNet": -482000000,
    "incomeBeforeTax": 450000000,
    "incomeBeforeTaxRatio": 0.1461513478,
    "incomeTaxExpense": -26000000,
    "netIncome": 220000000,
    "netIncomeRatio": 0.0714517701,
    "eps": 0.34,
    "epsdiluted": 0.26,
    "weightedAverageShsOut": 1036000000,
    "weightedAverageShsOutDil": 1039000000,
    "link": "https://www.sec.gov/Archives/edgar/data/1506307/000150630713000015/0001506307-13-000015-index.htm",
    "finalLink": "https://www.sec.gov/Archives/edgar/data/1506307/000150630713000015/kmi-20121231x10k.htm"
  },
  {
    "date": "2012-09-30",
    "symbol": "KMI",
    "reportedCurrency": "USD",
    "cik": "0001506307",
    "fillingDate": "2012-11-14",
    "acceptedDate": "2012-11-14 14:18:25",
    "calendarYear": "2012",
    "period": "Q3",
    "revenue": 2870000000,
    "costOfRevenue": 1345000000,
    "grossProfit": 1525000000,
    "grossProfitRatio": 0.531358885,
    "researchAndDevelopmentExpenses": 0,
    "generalAndAdministrativeExpenses": 186000000,
    "sellingAndMarketingExpenses": 0,
    "sellingGeneralAndAdministrativeExpenses": 186000000,
    "otherExpenses": 575000000,
    "operatingExpenses": 761000000,
    "costAndExpenses": 2022000000,
    "interestIncome": 9000000,
    "interestExpense": 532000000,
    "depreciationAndAmortization": 403000000,
    "ebitda": 1372000000,
    "ebitdaratio": 0.4780487805,
    "operatingIncome": 852000000,
    "operatingIncomeRatio": 0.2968641115,
    "totalOtherIncomeExpensesNet": -406000000,
    "incomeBeforeTax": 446000000,
    "incomeBeforeTaxRatio": 0.1554006969,
    "incomeTaxExpense": 60000000,
    "netIncome": 200000000,
    "netIncomeRatio": 0.0696864111,
    "eps": 0.19,
    "epsdiluted": 0.19,
    "weightedAverageShsOut": 1037000000,
    "weightedAverageShsOutDil": 1039000000,
    "link": "https://www.sec.gov/Archives/edgar/data/1506307/000150630712000118/0001506307-12-000118-index.htm",
    "finalLink": "https://www.sec.gov/Archives/edgar/data/1506307/000150630712000118/kmi-2012930x10q.htm"
  },
  {
    "date": "2012-06-30",
    "symbol": "KMI",
    "reportedCurrency": "USD",
    "cik": "0001506307",
    "fillingDate": "2012-08-14",
    "acceptedDate": "2012-08-14 10:05:11",
    "calendarYear": "2012",
    "period": "Q2",
    "revenue": 2166000000,
    "costOfRevenue": 1019000000,
    "grossProfit": 1197000000,
    "grossProfitRatio": 0.5526315789,
    "researchAndDevelopmentExpenses": 0,
    "generalAndAdministrativeExpenses": 501000000,
    "sellingAndMarketingExpenses": 0,
    "sellingGeneralAndAdministrativeExpenses": 501000000,
    "otherExpenses": 436000000,
    "operatingExpenses": 501000000,
    "costAndExpenses": 1907000000,
    "interestIncome": 6000000,
    "interestExpense": 297000000,
    "depreciationAndAmortization": 333000000,
    "ebitda": 670000000,
    "ebitdaratio": 0.3093259464,
    "operatingIncome": 293000000,
    "operatingIncomeRatio": 0.1352723915,
    "totalOtherIncomeExpensesNet": -214000000,
    "incomeBeforeTax": 80000000,
    "incomeBeforeTaxRatio": 0.0369344414,
    "incomeTaxExpense": 42000000,
    "netIncome": -126000000,
    "netIncomeRatio": -0.0581717452,
    "eps": -0.15,
    "epsdiluted": -0.15,
    "weightedAverageShsOut": 842000000,
    "weightedAverageShsOutDil": 843000000,
    "link": "https://www.sec.gov/Archives/edgar/data/1506307/000150630712000096/0001506307-12-000096-index.htm",
    "finalLink": "https://www.sec.gov/Archives/edgar/data/1506307/000150630712000096/kmi-2012630x10q.htm"
  },
  {
    "date": "2012-03-31",
    "symbol": "KMI",
    "reportedCurrency": "USD",
    "cik": "0001506307",
    "fillingDate": "2012-05-02",
    "acceptedDate": "2012-05-02 17:00:09",
    "calendarYear": "2012",
    "period": "Q1",
    "revenue": 1857000000,
    "costOfRevenue": 854000000,
    "grossProfit": 1003000000,
    "grossProfitRatio": 0.5401184707,
    "researchAndDevelopmentExpenses": 0,
    "generalAndAdministrativeExpenses": 129000000,
    "sellingAndMarketingExpenses": 0,
    "sellingGeneralAndAdministrativeExpenses": 129000000,
    "otherExpenses": 358000000,
    "operatingExpenses": 487000000,
    "costAndExpenses": 1339000000,
    "interestIncome": 5000000,
    "interestExpense": 184000000,
    "depreciationAndAmortization": 281000000,
    "ebitda": 861000000,
    "ebitdaratio": 0.4636510501,
    "operatingIncome": 516000000,
    "operatingIncomeRatio": 0.2778675283,
    "totalOtherIncomeExpensesNet": -100100000,
    "incomeBeforeTax": 401000000,
    "incomeBeforeTaxRatio": 0.2159396877,
    "incomeTaxExpense": 96000000,
    "netIncome": 21000000,
    "netIncomeRatio": 0.0113085622,
    "eps": 0.0297,
    "epsdiluted": 0.0297,
    "weightedAverageShsOut": 707000000,
    "weightedAverageShsOutDil": 708000000,
    "link": "https://www.sec.gov/Archives/edgar/data/1506307/000150630712000039/0001506307-12-000039-index.htm",
    "finalLink": "https://www.sec.gov/Archives/edgar/data/1506307/000150630712000039/kmi10q1_2012.htm"
  },
  {
    "date": "2011-12-31",
    "symbol": "KMI",
    "reportedCurrency": "USD",
    "cik": "0001506307",
    "fillingDate": "2011-12-31",
    "acceptedDate": "2011-12-31 00:00:00",
    "calendarYear": "2011",
    "period": "Q4",
    "revenue": 2017300000,
    "costOfRevenue": 1098700000,
    "grossProfit": 918600000,
    "grossProfitRatio": 0.4553611263,
    "researchAndDevelopmentExpenses": 0,
    "generalAndAdministrativeExpenses": 0,
    "sellingAndMarketingExpenses": 0,
    "sellingGeneralAndAdministrativeExpenses": 115800000,
    "otherExpenses": 333200000,
    "operatingExpenses": 443200000,
    "costAndExpenses": 1541900000,
    "interestIncome": 3900000,
    "interestExpense": 179100000,
    "depreciationAndAmortization": 284300000,
    "ebitda": 860800000,
    "ebitdaratio": 0.4267089674,
    "operatingIncome": 469600000,
    "operatingIncomeRatio": 0.2327863977,
    "totalOtherIncomeExpensesNet": -72200000,
    "incomeBeforeTax": 397400000,
    "incomeBeforeTaxRatio": 0.1969959847,
    "incomeTaxExpense": 112600000,
    "netIncome": 155800000,
    "netIncomeRatio": 0.0772319437,
    "eps": 0.22,
    "epsdiluted": 0.22,
    "weightedAverageShsOut": 707000000,
    "weightedAverageShsOutDil": 707000000,
    "link": null,
    "finalLink": null
  },
  {
    "date": "2011-09-30",
    "symbol": "KMI",
    "reportedCurrency": "USD",
    "cik": "0001506307",
    "fillingDate": "2011-11-02",
    "acceptedDate": "2011-11-02 10:56:53",
    "calendarYear": "2011",
    "period": "Q3",
    "revenue": 2122000000,
    "costOfRevenue": 1313000000,
    "grossProfit": 809000000,
    "grossProfitRatio": 0.3812441093,
    "researchAndDevelopmentExpenses": 0,
    "generalAndAdministrativeExpenses": 109100000,
    "sellingAndMarketingExpenses": 0,
    "sellingGeneralAndAdministrativeExpenses": 109100000,
    "otherExpenses": 318900000,
    "operatingExpenses": 435900000,
    "costAndExpenses": 1741000000,
    "interestIncome": 6000000,
    "interestExpense": 177400000,
    "depreciationAndAmortization": 287800000,
    "ebitda": 558000000,
    "ebitdaratio": 0.2629594722,
    "operatingIncome": 381000000,
    "operatingIncomeRatio": 0.1795475966,
    "totalOtherIncomeExpensesNet": -286000000,
    "incomeBeforeTax": 95000000,
    "incomeBeforeTaxRatio": 0.0447690858,
    "incomeTaxExpense": 66500000,
    "netIncome": 151500000,
    "netIncomeRatio": 0.0713949105,
    "eps": 0.21,
    "epsdiluted": 0.12,
    "weightedAverageShsOut": 707000000,
    "weightedAverageShsOutDil": 1304000000,
    "link": "https://www.sec.gov/Archives/edgar/data/1506307/000150630711000128/0001506307-11-000128-index.htm",
    "finalLink": "https://www.sec.gov/Archives/edgar/data/1506307/000150630711000128/kmi10q3_2011.htm"
  },
  {
    "date": "2011-06-30",
    "symbol": "KMI",
    "reportedCurrency": "USD",
    "cik": "0001506307",
    "fillingDate": "2011-08-04",
    "acceptedDate": "2011-08-04 13:22:43",
    "calendarYear": "2011",
    "period": "Q2",
    "revenue": 2033500000,
    "costOfRevenue": 1310000000,
    "grossProfit": 642000000,
    "grossProfitRatio": 0.3157118269,
    "researchAndDevelopmentExpenses": 0,
    "generalAndAdministrativeExpenses": 109700000,
    "sellingAndMarketingExpenses": 0,
    "sellingGeneralAndAdministrativeExpenses": 109700000,
    "otherExpenses": 296300000,
    "operatingExpenses": 406000000,
    "costAndExpenses": 1716000000,
    "interestIncome": 5700000,
    "interestExpense": 172700000,
    "depreciationAndAmortization": 263700000,
    "ebitda": 567000000,
    "ebitdaratio": 0.2788296041,
    "operatingIncome": 256600000,
    "operatingIncomeRatio": 0.1261863782,
    "totalOtherIncomeExpensesNet": -87000000,
    "incomeBeforeTax": 169600000,
    "incomeBeforeTaxRatio": 0.0834029998,
    "incomeTaxExpense": 87800000,
    "netIncome": 132100000,
    "netIncomeRatio": 0.0649618884,
    "eps": 0.19,
    "epsdiluted": 0.1,
    "weightedAverageShsOut": 707000000,
    "weightedAverageShsOutDil": 1303000000,
    "link": "https://www.sec.gov/Archives/edgar/data/1506307/000150630711000080/0001506307-11-000080-index.htm",
    "finalLink": "https://www.sec.gov/Archives/edgar/data/1506307/000150630711000080/kmi10q2_2011.htm"
  },
  {
    "date": "2011-03-31",
    "symbol": "KMI",
    "reportedCurrency": "USD",
    "cik": "0001506307",
    "fillingDate": "2011-05-06",
    "acceptedDate": "2011-05-06 16:18:13",
    "calendarYear": "2011",
    "period": "Q1",
    "revenue": 1932000000,
    "costOfRevenue": 1091000000,
    "grossProfit": 841000000,
    "grossProfitRatio": 0.435300207,
    "researchAndDevelopmentExpenses": 0,
    "generalAndAdministrativeExpenses": 180400000,
    "sellingAndMarketingExpenses": 0,
    "sellingGeneralAndAdministrativeExpenses": 180400000,
    "otherExpenses": 295600000,
    "operatingExpenses": 485200000,
    "costAndExpenses": 1567000000,
    "interestIncome": 5000000,
    "interestExpense": 174100000,
    "depreciationAndAmortization": 256100000,
    "ebitda": 676000000,
    "ebitdaratio": 0.3498964803,
    "operatingIncome": 397000000,
    "operatingIncomeRatio": 0.2054865424,
    "totalOtherIncomeExpensesNet": -100100000,
    "incomeBeforeTax": 246000000,
    "incomeBeforeTaxRatio": 0.1273291925,
    "incomeTaxExpense": 95900000,
    "netIncome": 155000000,
    "netIncomeRatio": 0.0802277433,
    "eps": 0.12,
    "epsdiluted": 0.12,
    "weightedAverageShsOut": 707000000,
    "weightedAverageShsOutDil": 1303000000,
    "link": "https://www.sec.gov/Archives/edgar/data/1506307/000150630711000057/0001506307-11-000057-index.htm",
    "finalLink": "https://www.sec.gov/Archives/edgar/data/1506307/000150630711000057/kmi10k1_2011.htm"
  },
  {
    "date": "2010-12-31",
    "symbol": "KMI",
    "reportedCurrency": "USD",
    "cik": "0001506307",
    "fillingDate": "2011-03-02",
    "acceptedDate": "2011-03-02 14:00:44",
    "calendarYear": "2010",
    "period": "Q4",
    "revenue": 1953900000,
    "costOfRevenue": 2206000000,
    "grossProfit": -252100000,
    "grossProfitRatio": -0.1290240033,
    "researchAndDevelopmentExpenses": 0,
    "generalAndAdministrativeExpenses": 0,
    "sellingAndMarketingExpenses": 0,
    "sellingGeneralAndAdministrativeExpenses": 102400000,
    "otherExpenses": -804300000,
    "operatingExpenses": -701900000,
    "costAndExpenses": 1504100000,
    "interestIncome": 0,
    "interestExpense": 0,
    "depreciationAndAmortization": 265100000,
    "ebitda": 570400000,
    "ebitdaratio": 0.2919289626,
    "operatingIncome": 449800000,
    "operatingIncomeRatio": 0.2302062542,
    "totalOtherIncomeExpensesNet": -86200000,
    "incomeBeforeTax": 363600000,
    "incomeBeforeTaxRatio": 0.1860893597,
    "incomeTaxExpense": 196700000,
    "netIncome": 63000000,
    "netIncomeRatio": 0.0322432059,
    "eps": 0.0891,
    "epsdiluted": 0.0483,
    "weightedAverageShsOut": 707000000,
    "weightedAverageShsOutDil": 1303000000,
    "link": "https://www.sec.gov/Archives/edgar/data/1506307/000150630711000009/0001506307-11-000009-index.htm",
    "finalLink": "https://www.sec.gov/Archives/edgar/data/1506307/000150630711000009/kmi10k2010.htm"
  },
  {
    "date": "2010-09-30",
    "symbol": "KMI",
    "reportedCurrency": "USD",
    "cik": "0001506307",
    "fillingDate": "2010-09-30",
    "acceptedDate": "2010-09-30 00:00:00",
    "calendarYear": "2010",
    "period": "Q3",
    "revenue": 2088200000,
    "costOfRevenue": 1294900000,
    "grossProfit": 793300000,
    "grossProfitRatio": 0.3798965616,
    "researchAndDevelopmentExpenses": 0,
    "generalAndAdministrativeExpenses": 0,
    "sellingAndMarketingExpenses": 0,
    "sellingGeneralAndAdministrativeExpenses": 308200000,
    "otherExpenses": 303600000,
    "operatingExpenses": 611800000,
    "costAndExpenses": 1906700000,
    "interestIncome": 5000000,
    "interestExpense": 173900000,
    "depreciationAndAmortization": 261700000,
    "ebitda": 509000000,
    "ebitdaratio": 0.2437505986,
    "operatingIncome": 181100000,
    "operatingIncomeRatio": 0.0867254094,
    "totalOtherIncomeExpensesNet": -107700000,
    "incomeBeforeTax": 73400000,
    "incomeBeforeTaxRatio": 0.0351498899,
    "incomeTaxExpense": 20600000,
    "netIncome": 10600000,
    "netIncomeRatio": 0.0050761421,
    "eps": 0.015,
    "epsdiluted": 0.0081,
    "weightedAverageShsOut": 707000000,
    "weightedAverageShsOutDil": 1303000000,
    "link": null,
    "finalLink": null
  },
  {
    "date": "2010-06-30",
    "symbol": "KMI",
    "reportedCurrency": "USD",
    "cik": "0001506307",
    "fillingDate": "2010-06-30",
    "acceptedDate": "2010-06-30 00:00:00",
    "calendarYear": "2010",
    "period": "Q2",
    "revenue": 1990900000,
    "costOfRevenue": 1167100000,
    "grossProfit": 823800000,
    "grossProfitRatio": 0.4137827113,
    "researchAndDevelopmentExpenses": 0,
    "generalAndAdministrativeExpenses": 0,
    "sellingAndMarketingExpenses": 0,
    "sellingGeneralAndAdministrativeExpenses": 104800000,
    "otherExpenses": 310500000,
    "operatingExpenses": 415300000,
    "costAndExpenses": 1582400000,
    "interestIncome": 7300000,
    "interestExpense": 163700000,
    "depreciationAndAmortization": 269700000,
    "ebitda": 739500000,
    "ebitdaratio": 0.3714400522,
    "operatingIncome": 405400000,
    "operatingIncomeRatio": 0.2036265006,
    "totalOtherIncomeExpensesNet": -99300000,
    "incomeBeforeTax": 306100000,
    "incomeBeforeTaxRatio": 0.1537495605,
    "incomeTaxExpense": 45800000,
    "netIncome": 46000000,
    "netIncomeRatio": 0.0231051283,
    "eps": 0.0651,
    "epsdiluted": 0.0353,
    "weightedAverageShsOut": 707000000,
    "weightedAverageShsOutDil": 1303000000,
    "link": null,
    "finalLink": null
  },
  {
    "date": "2010-03-31",
    "symbol": "KMI",
    "reportedCurrency": "USD",
    "cik": "0001506307",
    "fillingDate": "2010-03-31",
    "acceptedDate": "2010-03-31 00:00:00",
    "calendarYear": "2010",
    "period": "Q1",
    "revenue": 2157600000,
    "costOfRevenue": 1471100000,
    "grossProfit": 686500000,
    "grossProfitRatio": 0.3181776047,
    "researchAndDevelopmentExpenses": 0,
    "generalAndAdministrativeExpenses": 0,
    "sellingAndMarketingExpenses": 0,
    "sellingGeneralAndAdministrativeExpenses": 115700000,
    "otherExpenses": 327700000,
    "operatingExpenses": 443400000,
    "costAndExpenses": 1914500000,
    "interestIncome": 5600000,
    "interestExpense": 156200000,
    "depreciationAndAmortization": 282300000,
    "ebitda": 163300000,
    "ebitdaratio": 0.0756859473,
    "operatingIncome": 244400000,
    "operatingIncomeRatio": 0.1132740082,
    "totalOtherIncomeExpensesNet": -519600000,
    "incomeBeforeTax": -275200000,
    "incomeBeforeTaxRatio": -0.1275491287,
    "incomeTaxExpense": -95500000,
    "netIncome": -160900000,
    "netIncomeRatio": -0.0745736003,
    "eps": -0.23,
    "epsdiluted": -0.12,
    "weightedAverageShsOut": 707000000,
    "weightedAverageShsOutDil": 1303000000,
    "link": null,
    "finalLink": null
  },
  {
    "date": "2009-12-31",
    "symbol": "KMI",
    "reportedCurrency": "USD",
    "cik": "0001506307",
    "fillingDate": "2009-12-31",
    "acceptedDate": "2009-12-31 00:00:00",
    "calendarYear": "2009",
    "period": "Q4",
    "revenue": 1950700000,
    "costOfRevenue": 828200000,
    "grossProfit": 1122500000,
    "grossProfitRatio": 0.5754344594,
    "researchAndDevelopmentExpenses": 0,
    "generalAndAdministrativeExpenses": 0,
    "sellingAndMarketingExpenses": 0,
    "sellingGeneralAndAdministrativeExpenses": 103800000,
    "otherExpenses": 659300000,
    "operatingExpenses": 763100000,
    "costAndExpenses": 1591300000,
    "interestIncome": 0,
    "interestExpense": 0,
    "depreciationAndAmortization": 293100000,
    "ebitda": 652500000,
    "ebitdaratio": 0.3344953094,
    "operatingIncome": 359400000,
    "operatingIncomeRatio": 0.1842415543,
    "totalOtherIncomeExpensesNet": -90200000,
    "incomeBeforeTax": 269200000,
    "incomeBeforeTaxRatio": 0.138001743,
    "incomeTaxExpense": 79400000,
    "netIncome": 127100000,
    "netIncomeRatio": 0.0651560978,
    "eps": 0.18,
    "epsdiluted": 0.0975,
    "weightedAverageShsOut": 707000000,
    "weightedAverageShsOutDil": 1303000000,
    "link": null,
    "finalLink": null
  }
]