[
  {
    "date": "2024-12-31",
    "symbol": "KMI",
    "reportedCurrency": "USD",
    "cik": "0001506307",
    "fillingDate": "2025-02-13",
    "acceptedDate": "2025-02-13 17:22:04",
    "calendarYear": "2024",
    "period": "FY",
    "revenue": 15073000000,
    "costOfRevenue": 9545000000,
    "grossProfit": 5528000000,
    "grossProfitRatio": 0.3667484907,
    "researchAndDevelopmentExpenses": 0,
    "generalAndAdministrativeExpenses": 0,
    "sellingAndMarketingExpenses": 0,
    "sellingGeneralAndAdministrativeExpenses": 712000000,
    "otherExpenses": 433000000,
    "operatingExpenses": 1145000000,
    "costAndExpenses": 10690000000,
    "interestIncome": 0,
    "interestExpense": 1866000000,
    "depreciationAndAmortization": 2354000000,
    "ebitda": 7627000000,
    "ebitdaratio": 0.5060041133,
    "operatingIncome": 4383000000,
    "operatingIncomeRatio": 0.2907848471,
    "totalOtherIncomeExpensesNet": -976000000,
    "incomeBeforeTax": 3407000000,
    "incomeBeforeTaxRatio": 0.2260333046,
    "incomeTaxExpense": 687000000,
    "netIncome": 2613000000,
    "netIncomeRatio": 0.1733563325,
    "eps": 1.17,
    "epsdiluted": 1.17,
    "weightedAverageShsOut": 2220000000,
    "weightedAverageShsOutDil": 2220000000,
    "link": "https://www.sec.gov/Archives/edgar/data/1506307/000150630725000008/0001506307-25-000008-index.htm",
    "finalLink": "https://www.sec.gov/Archives/edgar/data/1506307/000150630725000008/kmi-20241231.htm"
  },
  {
    "date": "2023-12-31",
    "symbol": "KMI",
    "reportedCurrency": "USD",
    "cik": "0001506307",
    "fillingDate": "2024-02-20",
    "acceptedDate": "2024-02-20 08:56:07",
    "calendarYear": "2023",
    "period": "FY",
    "revenue": 15156000000,
    "costOfRevenue": 10022000000,
    "grossProfit": 5134000000,
    "grossProfitRatio": 0.3387437319,
    "researchAndDevelopmentExpenses": 0,
    "generalAndAdministrativeExpenses": 0,
    "sellingAndMarketingExpenses": 0,
    "sellingGeneralAndAdministrativeExpenses": 668000000,
    "otherExpenses": 421000000,
    "operatingExpenses": 1089000000,
    "costAndExpenses": 11111000000,
    "interestIncome": 0,
    "interestExpense": 1804000000,
    "depreciationAndAmortization": 2250000000,
    "ebitda": 7255000000,
    "ebitdaratio": 0.4786883083,
    "operatingIncome": 4045000000,
    "operatingIncomeRatio": 0.2668910003,
    "totalOtherIncomeExpensesNet": -844000000,
    "incomeBeforeTax": 3201000000,
    "incomeBeforeTaxRatio": 0.2112034838,
    "incomeTaxExpense": 715000000,
    "netIncome": 2391000000,
    "netIncomeRatio": 0.1577593032,
    "eps": 1.06,
    "epsdiluted": 1.06,
    "weightedAverageShsOut": 2234000000,
    "weightedAverageShsOutDil": 2234000000,
    "link": "https://www.sec.gov/Archives/edgar/data/1506307/000150630724000011/0001506307-24-000011-index.htm",
    "finalLink": "https://www.sec.gov/Archives/edgar/data/1506307/000150630724000011/kmi-20231231.htm"
  },
  {
    "date": "2022-12-31",
    "symbol": "KMI",
    "reportedCurrency": "USD",
    "cik": "0001506307",
    "fillingDate": "2023-02-08",
    "acceptedDate": "2023-02-08 16:33:03",
    "calendarYear": "2022",
    "period": "FY",
    "revenue": 19554000000,
    "costOfRevenue": 14050000000,
    "grossProfit": 5504000000,
    "grossProfitRatio": 0.2814769357,
    "researchAndDevelopmentExpenses": 0,
    "generalAndAdministrativeExpenses": 0,
    "sellingAndMarketingExpenses": 0,
    "sellingGeneralAndAdministrativeExpenses": 637000000,
    "otherExpenses": 441000000,
    "operatingExpenses": 1078000000,
    "costAndExpenses": 15128000000,
    "interestIncome": 0,
    "interestExpense": 1508000000,
    "depreciationAndAmortization": 2186000000,
    "ebitda": 7029000000,
    "ebitdaratio": 0.3594660939,
    "operatingIncome": 4426000000,
    "operatingIncomeRatio": 0.2263475504,
    "totalOtherIncomeExpensesNet": -1091000000,
    "incomeBeforeTax": 3335000000,
    "incomeBeforeTaxRatio": 0.1705533395,
    "incomeTaxExpense": 710000000,
    "netIncome": 2548000000,
    "netIncomeRatio": 0.1303058198,
    "eps": 1.12,
    "epsdiluted": 1.12,
    "weightedAverageShsOut": 2258000000,
    "weightedAverageShsOutDil": 2258000000,
    "link": "https://www.sec.gov/Archives/edgar/data/1506307/000150630723000023/0001506307-23-000023-index.htm",
    "finalLink": "https://www.sec.gov/Archives/edgar/data/1506307/000150630723000023/kmi-20221231.htm"
  },
  {
    "date": "2021-12-31",
    "symbol": "KMI",
    "reportedCurrency": "USD",
    "cik": "0001506307",
    "fillingDate": "2022-02-07",
    "acceptedDate": "2022-02-07 17:03:15",
    "calendarYear": "2021",
    "period": "FY",
    "revenue": 17533000000,
    "costOfRevenue": 11168000000,
    "grossProfit": 6365000000,
    "grossProfitRatio": 0.3630297154,
    "researchAndDevelopmentExpenses": 0,
    "generalAndAdministrativeExpenses": 0,
    "sellingAndMarketingExpenses": 0,
    "sellingGeneralAndAdministrativeExpenses": 655000000,
    "otherExpenses": 426000000,
    "operatingExpenses": 1081000000,
    "costAndExpenses": 12249000000,
    "interestIncome": 0,
    "interestExpense": 1496000000,
    "depreciationAndAmortization": 2135000000,
    "ebitda": 5850000000,
    "ebitdaratio": 0.3336565334,
    "operatingIncome": 5284000000,
    "operatingIncomeRatio": 0.3013745508,
    "totalOtherIncomeExpensesNet": -3065000000,
    "incomeBeforeTax": 2219000000,
    "incomeBeforeTaxRatio": 0.1265613415,
    "incomeTaxExpense": 369000000,
    "netIncome": 1784000000,
    "netIncomeRatio": 0.1017509839,
    "eps": 0.78,
    "epsdiluted": 0.78,
    "weightedAverageShsOut": 2266000000,
    "weightedAverageShsOutDil": 2266000000,
    "link": "https://www.sec.gov/Archives/edgar/data/1506307/000150630722000018/0001506307-22-000018-index.htm",
    "finalLink": "https://www.sec.gov/Archives/edgar/data/1506307/000150630722000018/kmi-20211231.htm"
  },
  {
    "date": "2020-12-31",
    "symbol": "KMI",
    "reportedCurrency": "USD",
    "cik": "0001506307",
    "fillingDate": "2021-02-05",
    "acceptedDate": "2021-02-05 17:06:31",
    "calendarYear": "2020",
    "period": "FY",
    "revenue": 11479000000,
    "costOfRevenue": 7195000000,
    "grossProfit": 4284000000,
    "grossProfitRatio": 0.3732032407,
    "researchAndDevelopmentExpenses": 0,
    "generalAndAdministrativeExpenses": 0,
    "sellingAndMarketingExpenses": 0,
    "sellingGeneralAndAdministrativeExpenses": 648000000,
    "otherExpenses": 389000000,
    "operatingExpenses": 1037000000,
    "costAndExpenses": 8232000000,
    "interestIncome": 0,
    "interestExpense": 1587000000,
    "depreciationAndAmortization": 2164000000,
    "ebitda": 4412000000,
    "ebitdaratio": 0.3843540378,
    "operatingIncome": 3247000000,
    "operatingIncomeRatio": 0.282864361,
    "totalOtherIncomeExpensesNet": -2586000000,
    "incomeBeforeTax": 661000000,
    "incomeBeforeTaxRatio": 0.0575834132,
    "incomeTaxExpense": 481000000,
    "netIncome": 119000000,
    "netIncomeRatio": 0.0103667567,
    "eps": 0.0468,
    "epsdiluted": 0.0468,
    "weightedAverageShsOut": 2263000000,
    "weightedAverageShsOutDil": 2263000000,
    "link": "https://www.sec.gov/Archives/edgar/data/1506307/000150630721000022/0001506307-21-000022-index.htm",
    "finalLink": "https://www.sec.gov/Archives/edgar/data/1506307/000150630721000022/kmi-20201231.htm"
  },
  {
    "date": "2019-12-31",
    "symbol": "KMI",
    "reportedCurrency": "USD",
    "cik": "0001506307",
    "fillingDate": "2020-02-12",
    "acceptedDate": "2020-02-11 19:42:37",
    "calendarYear": "2019",
    "period": "FY",
    "revenue": 13160000000,
    "costOfRevenue": 8263000000,
    "grossProfit": 4897000000,
    "grossProfitRatio": 0.372112462,
    "researchAndDevelopmentExpenses": 0,
    "generalAndAdministrativeExpenses": 0,
    "sellingAndMarketingExpenses": 0,
    "sellingGeneralAndAdministrativeExpenses": 590000000,
    "otherExpenses": 426000000,
    "operatingExpenses": 1016000000,
    "costAndExpenses": 9279000000,
    "interestIncome": 0,
    "interestExpense": 1788000000,
    "depreciationAndAmortization": 2411000000,
    "ebitda": 7364000000,
    "ebitdaratio": 0.5595744681,
    "operatingIncome": 3881000000,
    "operatingIncomeRatio": 0.2949088146,
    "totalOtherIncomeExpensesNet": -716000000,
    "incomeBeforeTax": 3165000000,
    "incomeBeforeTaxRatio": 0.2405015198,
    "incomeTaxExpense": 926000000,
    "netIncome": 2190000000,
    "netIncomeRatio": 0.1664133739,
    "eps": 0.96,
    "epsdiluted": 0.96,
    "weightedAverageShsOut": 2264000000,
    "weightedAverageShsOutDil": 2264000000,
    "link": "https://www.sec.gov/Archives/edgar/data/1506307/000150630720000022/0001506307-20-000022-index.htm",
    "finalLink": "https://www.sec.gov/Archives/edgar/data/1506307/000150630720000022/kmi-2019x10k.htm"
  },
  {
    "date": "2018-12-31",
    "symbol": "KMI",
    "reportedCurrency": "USD",
    "cik": "0001506307",
    "fillingDate": "2019-02-08",
    "acceptedDate": "2019-02-08 17:34:43",
    "calendarYear": "2018",
    "period": "FY",
    "revenue": 14277000000,
    "costOfRevenue": 9263000000,
    "grossProfit": 5014000000,
    "grossProfitRatio": 0.3511942285,
    "researchAndDevelopmentExpenses": 0,
    "generalAndAdministrativeExpenses": 0,
    "sellingAndMarketingExpenses": 0,
    "sellingGeneralAndAdministrativeExpenses": 601000000,
    "otherExpenses": 345000000,
    "operatingExpenses": 946000000,
    "costAndExpenses": 10209000000,
    "interestIncome": 0,
    "interestExpense": 1904000000,
    "depreciationAndAmortization": 2297000000,
    "ebitda": 6707000000,
    "ebitdaratio": 0.4697765637,
    "operatingIncome": 4068000000,
    "operatingIncomeRatio": 0.2849338096,
    "totalOtherIncomeExpensesNet": -1562000000,
    "incomeBeforeTax": 2506000000,
    "incomeBeforeTaxRatio": 0.1755270715,
    "incomeTaxExpense": 587000000,
    "netIncome": 1609000000,
    "netIncomeRatio": 0.1126987462,
    "eps": 0.66,
    "epsdiluted": 0.66,
    "weightedAverageShsOut": 2216000000,
    "weightedAverageShsOutDil": 2216000000,
    "link": "https://www.sec.gov/Archives/edgar/data/1506307/000150630719000033/0001506307-19-000033-index.htm",
    "finalLink": "https://www.sec.gov/Archives/edgar/data/1506307/000150630719000033/kmi-2018x10k.htm"
  },
  {
    "date": "2017-12-31",
    "symbol": "KMI",
    "reportedCurrency": "USD",
    "cik": "0001506307",
    "fillingDate": "2018-02-09",
    "acceptedDate": "2018-02-09 17:10:00",
    "calendarYear": "2017",
    "period": "FY",
    "revenue": 13617000000,
    "costOfRevenue": 9092000000,
    "grossProfit": 4525000000,
    "grossProfitRatio": 0.3323052067,
    "researchAndDevelopmentExpenses": 0,
    "generalAndAdministrativeExpenses": 0,
    "sellingAndMarketingExpenses": 0,
    "sellingGeneralAndAdministrativeExpenses": 688000000,
    "otherExpenses": 398000000,
    "operatingExpenses": 1086000000,
    "costAndExpenses": 10178000000,
    "interestIncome": 0,
    "interestExpense": 1829000000,
    "depreciationAndAmortization": 2261000000,
    "ebitda": 6251000000,
    "ebitdaratio": 0.4590585298,
    "operatingIncome": 3439000000,
    "operatingIncomeRatio": 0.2525519571,
    "totalOtherIncomeExpensesNet": -1278000000,
    "incomeBeforeTax": 2161000000,
    "incomeBeforeTaxRatio": 0.1586986855,
    "incomeTaxExpense": 1938000000,
    "netIncome": 183000000,
    "netIncomeRatio": 0.0134390835,
    "eps": 0.01,
    "epsdiluted": 0.01,
    "weightedAverageShsOut": 2230000000,
    "weightedAverageShsOutDil": 2230000000,
    "link": "https://www.sec.gov/Archives/edgar/data/1506307/000150630718000010/0001506307-18-000010-index.htm",
    "finalLink": "https://www.sec.gov/Archives/edgar/data/1506307/000150630718000010/kmi-2017x10k.htm"
  },
  {
    "date": "2016-12-31",
    "symbol": "KMI",
    "reportedCurrency": "USD",
    "cik": "0001506307",
    "fillingDate": "2017-02-10",
    "acceptedDate": "2017-02-10 16:47:08",
    "calendarYear": "2016",
    "period": "FY",
    "revenue": 12943000000,
    "costOfRevenue": 7996000000,
    "grossProfit": 4947000000,
    "grossProfitRatio": 0.3822143243,
    "researchAndDevelopmentExpenses": 0,
    "generalAndAdministrativeExpenses": 0,
    "sellingAndMarketingExpenses": -34000000,
    "sellingGeneralAndAdministrativeExpenses": 669000000,
    "otherExpenses": 421000000,
    "operatingExpenses": 1090000000,
    "costAndExpenses": 9086000000,
    "interestIncome": 0,
    "interestExpense": 1891600000,
    "depreciationAndAmortization": 2209000000,
    "ebitda": 5738600000,
    "ebitdaratio": 0.4433747972,
    "operatingIncome": 3857000000,
    "operatingIncomeRatio": 0.2979989183,
    "totalOtherIncomeExpensesNet": -2219000000,
    "incomeBeforeTax": 1638000000,
    "incomeBeforeTaxRatio": 0.1265548945,
    "incomeTaxExpense": 917000000,
    "netIncome": 708000000,
    "netIncomeRatio": 0.054701383,
    "eps": 0.25,
    "epsdiluted": 0.25,
    "weightedAverageShsOut": 2230000000,
    "weightedAverageShsOutDil": 2230000000,
    "link": "https://www.sec.gov/Archives/edgar/data/1506307/000150630717000008/0001506307-17-000008-index.htm",
    "finalLink": "https://www.sec.gov/Archives/edgar/data/1506307/000150630717000008/kmi-2016x10k.htm"
  },
  {
    "date": "2015-12-31",
    "symbol": "KMI",
    "reportedCurrency": "USD",
    "cik": "0001506307",
    "fillingDate": "2016-02-16",
    "acceptedDate": "2016-02-16 07:26:20",
    "calendarYear": "2015",
    "period": "FY",
    "revenue": 13918000000,
    "costOfRevenue": 8744000000,
    "grossProfit": 5174000000,
    "grossProfitRatio": 0.3717488145,
    "researchAndDevelopmentExpenses": 0,
    "generalAndAdministrativeExpenses": 0,
    "sellingAndMarketingExpenses": 0,
    "sellingGeneralAndAdministrativeExpenses": 690000000,
    "otherExpenses": 439000000,
    "operatingExpenses": 1129000000,
    "costAndExpenses": 9873000000,
    "interestIncome": 4000000,
    "interestExpense": 2029000000,
    "depreciationAndAmortization": 2309000000,
    "ebitda": 5110000000,
    "ebitdaratio": 0.3671504527,
    "operatingIncome": 4045000000,
    "operatingIncomeRatio": 0.2906308378,
    "totalOtherIncomeExpensesNet": -3273000000,
    "incomeBeforeTax": 772000000,
    "incomeBeforeTaxRatio": 0.0554677396,
    "incomeTaxExpense": 564000000,
    "netIncome": 253000000,
    "netIncomeRatio": 0.0181778991,
    "eps": 0.14,
    "epsdiluted": 0.14,
    "weightedAverageShsOut": 2187000000,
    "weightedAverageShsOutDil": 2193000000,
    "link": "https://www.sec.gov/Archives/edgar/data/1506307/000150630716000072/0001506307-16-000072-index.htm",
    "finalLink": "https://www.sec.gov/Archives/edgar/data/1506307/000150630716000072/kmi-2015x10k.htm"
  },
  {
    "date": "2014-12-31",
    "symbol": "KMI",
    "reportedCurrency": "USD",
    "cik": "0001506307",
    "fillingDate": "2015-02-23",
    "acceptedDate": "2015-02-23 06:07:55",
    "calendarYear": "2014",
    "period": "FY",
    "revenue": 16177000000,
    "costOfRevenue": 10479000000,
    "grossProfit": 5698000000,
    "grossProfitRatio": 0.3522284725,
    "researchAndDevelopmentExpenses": 0,
    "generalAndAdministrativeExpenses": 0,
    "sellingAndMarketingExpenses": 0,
    "sellingGeneralAndAdministrativeExpenses": 610000000,
    "otherExpenses": 418000000,
    "operatingExpenses": 1028000000,
    "costAndExpenses": 11507000000,
    "interestIncome": 9000000,
    "interestExpense": 1806000000,
    "depreciationAndAmortization": 2040000000,
    "ebitda": 6937000000,
    "ebitdaratio": 0.4288186932,
    "operatingIncome": 4670000000,
    "operatingIncomeRatio": 0.2886814613,
    "totalOtherIncomeExpensesNet": -1579000000,
    "incomeBeforeTax": 3091000000,
    "incomeBeforeTaxRatio": 0.1910737467,
    "incomeTaxExpense": 648000000,
    "netIncome": 1026000000,
    "netIncomeRatio": 0.0634233789,
    "eps": 0.89,
    "epsdiluted": 0.9,
    "weightedAverageShsOut": 1137000000,
    "weightedAverageShsOutDil": 1137000000,
    "link": "https://www.sec.gov/Archives/edgar/data/1506307/000150630715000014/0001506307-15-000014-index.htm",
    "finalLink": "https://www.sec.gov/Archives/edgar/data/1506307/000150630715000014/kmi-2014x10k.htm"
  },
  {
    "date": "2013-12-31",
    "symbol": "KMI",
    "reportedCurrency": "USD",
    "cik": "0001506307",
    "fillingDate": "2014-02-24",
    "acceptedDate": "2014-02-21 17:55:15",
    "calendarYear": "2013",
    "period": "FY",
    "revenue": 14090000000,
    "costOfRevenue": 9171000000,
    "grossProfit": 4919000000,
    "grossProfitRatio": 0.349112846,
    "researchAndDevelopmentExpenses": 0,
    "generalAndAdministrativeExpenses": 0,
    "sellingAndMarketingExpenses": 0,
    "sellingGeneralAndAdministrativeExpenses": 613000000,
    "otherExpenses": 395000000,
    "operatingExpenses": 1008000000,
    "costAndExpenses": 10179000000,
    "interestIncome": 15000000,
    "interestExpense": 1692000000,
    "depreciationAndAmortization": 1806000000,
    "ebitda": 6936000000,
    "ebitdaratio": 0.492264017,
    "operatingIncome": 3911000000,
    "operatingIncomeRatio": 0.2775727466,
    "totalOtherIncomeExpensesNet": -473000000,
    "incomeBeforeTax": 3438000000,
    "incomeBeforeTaxRatio": 0.2440028389,
    "incomeTaxExpense": 742000000,
    "netIncome": 1193000000,
    "netIncomeRatio": 0.0846699787,
    "eps": 1.15,
    "epsdiluted": 1.15,
    "weightedAverageShsOut": 1036000000,
    "weightedAverageShsOutDil": 1036000000,
    "link": "https://www.sec.gov/Archives/edgar/data/1506307/000150630714000010/0001506307-14-000010-index.htm",
    "finalLink": "https://www.sec.gov/Archives/edgar/data/1506307/000150630714000010/kmi-2013x10k.htm"
  },
  {
    "date": "2012-12-31",
    "symbol": "KMI",
    "reportedCurrency": "USD",
    "cik": "0001506307",
    "fillingDate": "2013-03-01",
    "acceptedDate": "2013-03-01 08:16:34",
    "calendarYear": "2012",
    "period": "FY",
    "revenue": 9998000000,
    "costOfRevenue": 6195000000,
    "grossProfit": 3803000000,
    "grossProfitRatio": 0.3803760752,
    "researchAndDevelopmentExpenses": 0,
    "generalAndAdministrativeExpenses": 0,
    "sellingAndMarketingExpenses": 0,
    "sellingGeneralAndAdministrativeExpenses": 929000000,
    "otherExpenses": 286000000,
    "operatingExpenses": 1215000000,
    "costAndExpenses": 7410000000,
    "interestIncome": 28000000,
    "interestExpense": 1429000000,
    "depreciationAndAmortization": 1426000000,
    "ebitda": 4191000000,
    "ebitdaratio": 0.4191838368,
    "operatingIncome": 2588000000,
    "operatingIncomeRatio": 0.2588517704,
    "totalOtherIncomeExpensesNet": -1245000000,
    "incomeBeforeTax": 1343000000,
    "incomeBeforeTaxRatio": 0.1343268654,
    "incomeTaxExpense": 210000000,
    "netIncome": 315000000,
    "netIncomeRatio": 0.0315063013,
    "eps": 0.49,
    "epsdiluted": 0.49,
    "weightedAverageShsOut": 907000000,
    "weightedAverageShsOutDil": 1354000000,
    "link": "https://www.sec.gov/Archives/edgar/data/1506307/000150630713000015/0001506307-13-000015-index.htm",
    "finalLink": "https://www.sec.gov/Archives/edgar/data/1506307/000150630713000015/kmi-20121231x10k.htm"
  },
  {
    "date": "2011-12-31",
    "symbol": "KMI",
    "reportedCurrency": "USD",
    "cik": "0001506307",
    "fillingDate": "2011-12-31",
    "acceptedDate": "2011-12-31 00:00:00",
    "calendarYear": "2011",
    "period": "FY",
    "revenue": 8329600000,
    "costOfRevenue": 6035100000,
    "grossProfit": 2294500000,
    "grossProfitRatio": 0.2754634076,
    "researchAndDevelopmentExpenses": 0,
    "generalAndAdministrativeExpenses": 0,
    "sellingAndMarketingExpenses": 0,
    "sellingGeneralAndAdministrativeExpenses": 560800000,
    "otherExpenses": 230300000,
    "operatingExpenses": 745300000,
    "costAndExpenses": 6780400000,
    "interestIncome": 23000000,
    "interestExpense": 703300000,
    "depreciationAndAmortization": 1091900000,
    "ebitda": 2810200000,
    "ebitdaratio": 0.3373751441,
    "operatingIncome": 1549200000,
    "operatingIncomeRatio": 0.1859873223,
    "totalOtherIncomeExpensesNet": -534200000,
    "incomeBeforeTax": 1015000000,
    "incomeBeforeTaxRatio": 0.1218545909,
    "incomeTaxExpense": 362800000,
    "netIncome": 523800000,
    "netIncomeRatio": 0.0628841721,
    "eps": 0.74,
    "epsdiluted": 0.74,
    "weightedAverageShsOut": 707000000,
    "weightedAverageShsOutDil": 708000000,
    "link": null,
    "finalLink": null
  },
  {
    "date": "2010-12-31",
    "symbol": "KMI",
    "reportedCurrency": "USD",
    "cik": "0001506307",
    "fillingDate": "2011-03-02",
    "acceptedDate": "2011-03-02 14:00:44",
    "calendarYear": "2010",
    "period": "FY",
    "revenue": 8207700000,
    "costOfRevenue": 6117500000,
    "grossProfit": 2090199999,
    "grossProfitRatio": 0.2546633038,
    "researchAndDevelopmentExpenses": 0,
    "generalAndAdministrativeExpenses": 0,
    "sellingAndMarketingExpenses": 0,
    "sellingGeneralAndAdministrativeExpenses": 631100000,
    "otherExpenses": 171400000,
    "operatingExpenses": 802500000,
    "costAndExpenses": 6920000000,
    "interestIncome": 23400000,
    "interestExpense": 668300000,
    "depreciationAndAmortization": 1078800000,
    "ebitda": 2215000000,
    "ebitdaratio": 0.2698685381,
    "operatingIncome": 1287700000,
    "operatingIncomeRatio": 0.1568892625,
    "totalOtherIncomeExpensesNet": -819800000,
    "incomeBeforeTax": 467900000,
    "incomeBeforeTaxRatio": 0.0570074442,
    "incomeTaxExpense": 167600000,
    "netIncome": -41300000,
    "netIncomeRatio": -0.0050318603,
    "eps": -0.0584,
    "epsdiluted": -0.0317,
    "weightedAverageShsOut": 707000000,
    "weightedAverageShsOutDil": 1303000000,
    "link": "https://www.sec.gov/Archives/edgar/data/1506307/000150630711000009/0001506307-11-000009-index.htm",
    "finalLink": "https://www.sec.gov/Archives/edgar/data/1506307/000150630711000009/kmi10k2010.htm"
  },
  {
    "date": "2009-12-31",
    "symbol": "KMI",
    "reportedCurrency": "USD",
    "cik": "0001506307",
    "fillingDate": "2009-12-31",
    "acceptedDate": "2009-12-31 00:00:00",
    "calendarYear": "2009",
    "period": "FY",
    "revenue": 7159900000,
    "costOfRevenue": 5295000000,
    "grossProfit": 1864900000,
    "grossProfitRatio": 0.2604645316,
    "researchAndDevelopmentExpenses": 0,
    "generalAndAdministrativeExpenses": 0,
    "sellingAndMarketingExpenses": 0,
    "sellingGeneralAndAdministrativeExpenses": 373000000,
    "otherExpenses": 137000000,
    "operatingExpenses": 510000000,
    "costAndExpenses": 5805000000,
    "interestIncome": 16100000,
    "interestExpense": 589500000,
    "depreciationAndAmortization": 1070200000,
    "ebitda": 2759100000,
    "ebitdaratio": 0.3853545441,
    "operatingIncome": 1354900000,
    "operatingIncomeRatio": 0.1892344865,
    "totalOtherIncomeExpensesNet": -255500000,
    "incomeBeforeTax": 1099400000,
    "incomeBeforeTaxRatio": 0.1535496306,
    "incomeTaxExpense": 326600000,
    "netIncome": 495000000,
    "netIncomeRatio": 0.0691350438,
    "eps": 0.7,
    "epsdiluted": 0.38,
    "weightedAverageShsOut": 707000000,
    "weightedAverageShsOutDil": 1303000000,
    "link": null,
    "finalLink": null
  },
  {
    "date": "2008-12-31",
    "symbol": "KMI",
    "reportedCurrency": "USD",
    "cik": "0001506307",
    "fillingDate": "2008-12-31",
    "acceptedDate": "2008-12-30 19:00:00",
    "calendarYear": "2008",
    "period": "FY",
    "revenue": 12094800000,
    "costOfRevenue": 9980400000,
    "grossProfit": 2114400000,
    "grossProfitRatio": 0.1748189304,
    "researchAndDevelopmentExpenses": 0,
    "generalAndAdministrativeExpenses": 0,
    "sellingAndMarketingExpenses": 0,
    "sellingGeneralAndAdministrativeExpenses": 352500000,
    "otherExpenses": 191400000,
    "operatingExpenses": 543900000,
    "costAndExpenses": 10524300000,
    "interestIncome": 0,
    "interestExpense": 613700000,
    "depreciationAndAmortization": 918400000,
    "ebitda": -1365900000,
    "ebitdaratio": -0.1129328306,
    "operatingIncome": 1570500000,
    "operatingIncomeRatio": 0.1298491914,
    "totalOtherIncomeExpensesNet": -4468500000,
    "incomeBeforeTax": -2898000000,
    "incomeBeforeTaxRatio": -0.2396071039,
    "incomeTaxExpense": 304300000,
    "netIncome": -3599300000,
    "netIncomeRatio": -0.2975907001,
    "eps": -5.09,
    "epsdiluted": -2.76,
    "weightedAverageShsOut": 707000000,
    "weightedAverageShsOutDil": 1303000000,
    "link": null,
    "finalLink": null
  }
]