[
  {
    "date": "2025-06-27",
    "symbol": "KO",
    "reportedCurrency": "USD",
    "cik": "0000021344",
    "fillingDate": "2025-07-24",
    "acceptedDate": "2025-07-24 14:07:20",
    "calendarYear": "2025",
    "period": "Q2",
    "revenue": 12535000000,
    "costOfRevenue": 4714000000,
    "grossProfit": 7821000000,
    "grossProfitRatio": 0.6239329876,
    "researchAndDevelopmentExpenses": 0,
    "generalAndAdministrativeExpenses": 2142000000,
    "sellingAndMarketingExpenses": 1328000000,
    "sellingGeneralAndAdministrativeExpenses": 3470000000,
    "otherExpenses": 71000000,
    "operatingExpenses": 3541000000,
    "costAndExpenses": 8255000000,
    "interestIncome": 188000000,
    "interestExpense": 445000000,
    "depreciationAndAmortization": 279000000,
    "ebitda": 5520000000,
    "ebitdaratio": 0.4403669725,
    "operatingIncome": 4280000000,
    "operatingIncomeRatio": 0.3414439569,
    "totalOtherIncomeExpensesNet": 516000000,
    "incomeBeforeTax": 4796000000,
    "incomeBeforeTaxRatio": 0.3826086957,
    "incomeTaxExpense": 993000000,
    "netIncome": 3810000000,
    "netIncomeRatio": 0.303948943,
    "eps": 0.89,
    "epsdiluted": 0.88,
    "weightedAverageShsOut": 4303000000,
    "weightedAverageShsOutDil": 4314000000,
    "link": "https://www.sec.gov/Archives/edgar/data/21344/000002134425000061/0000021344-25-000061-index.htm",
    "finalLink": "https://www.sec.gov/Archives/edgar/data/21344/000002134425000061/ko-20250627.htm"
  },
  {
    "date": "2025-03-28",
    "symbol": "KO",
    "reportedCurrency": "USD",
    "cik": "0000021344",
    "fillingDate": "2025-05-01",
    "acceptedDate": "2025-05-01 15:38:52",
    "calendarYear": "2025",
    "period": "Q1",
    "revenue": 11129000000,
    "costOfRevenue": 4163000000,
    "grossProfit": 6966000000,
    "grossProfitRatio": 0.6259322491,
    "researchAndDevelopmentExpenses": 0,
    "generalAndAdministrativeExpenses": 2142000000,
    "sellingAndMarketingExpenses": 1089000000,
    "sellingGeneralAndAdministrativeExpenses": 3231000000,
    "otherExpenses": 76000000,
    "operatingExpenses": 3307000000,
    "costAndExpenses": 7470000000,
    "interestIncome": 180000000,
    "interestExpense": 387000000,
    "depreciationAndAmortization": 267000000,
    "ebitda": 4711000000,
    "ebitdaratio": 0.4233084734,
    "operatingIncome": 3659000000,
    "operatingIncomeRatio": 0.3287806631,
    "totalOtherIncomeExpensesNet": 398000000,
    "incomeBeforeTax": 4057000000,
    "incomeBeforeTaxRatio": 0.3645430856,
    "incomeTaxExpense": 722000000,
    "netIncome": 3330000000,
    "netIncomeRatio": 0.2992182586,
    "eps": 0.77,
    "epsdiluted": 0.77,
    "weightedAverageShsOut": 4302000000,
    "weightedAverageShsOutDil": 4313000000,
    "link": "https://www.sec.gov/Archives/edgar/data/21344/000002134425000029/0000021344-25-000029-index.htm",
    "finalLink": "https://www.sec.gov/Archives/edgar/data/21344/000002134425000029/ko-20250328.htm"
  },
  {
    "date": "2024-12-31",
    "symbol": "KO",
    "reportedCurrency": "USD",
    "cik": "0000021344",
    "fillingDate": "2025-02-20",
    "acceptedDate": "2025-02-20 15:17:12",
    "calendarYear": "2024",
    "period": "Q4",
    "revenue": 11544000000,
    "costOfRevenue": 4613000000,
    "grossProfit": 6931000000,
    "grossProfitRatio": 0.6003984754,
    "researchAndDevelopmentExpenses": 0,
    "generalAndAdministrativeExpenses": 2759000000,
    "sellingAndMarketingExpenses": 1209000000,
    "sellingGeneralAndAdministrativeExpenses": 3968000000,
    "otherExpenses": 254000000,
    "operatingExpenses": 4222000000,
    "costAndExpenses": 8835000000,
    "interestIncome": 204000000,
    "interestExpense": 431000000,
    "depreciationAndAmortization": 276000000,
    "ebitda": 3513000000,
    "ebitdaratio": 0.3043139293,
    "operatingIncome": 2709000000,
    "operatingIncomeRatio": 0.2346673597,
    "totalOtherIncomeExpensesNet": 97000000,
    "incomeBeforeTax": 2806000000,
    "incomeBeforeTaxRatio": 0.2430699931,
    "incomeTaxExpense": 593000000,
    "netIncome": 2195000000,
    "netIncomeRatio": 0.1901420651,
    "eps": 0.51,
    "epsdiluted": 0.51,
    "weightedAverageShsOut": 4309000000,
    "weightedAverageShsOutDil": 4320000000,
    "link": "https://www.sec.gov/Archives/edgar/data/21344/000002134425000011/0000021344-25-000011-index.htm",
    "finalLink": "https://www.sec.gov/Archives/edgar/data/21344/000002134425000011/ko-20241231.htm"
  },
  {
    "date": "2024-09-27",
    "symbol": "KO",
    "reportedCurrency": "USD",
    "cik": "0000021344",
    "fillingDate": "2024-10-24",
    "acceptedDate": "2024-10-24 11:55:23",
    "calendarYear": "2024",
    "period": "Q3",
    "revenue": 11854000000,
    "costOfRevenue": 4664000000,
    "grossProfit": 7190000000,
    "grossProfitRatio": 0.6065463135,
    "researchAndDevelopmentExpenses": 0,
    "generalAndAdministrativeExpenses": 2226000000,
    "sellingAndMarketingExpenses": 1376000000,
    "sellingGeneralAndAdministrativeExpenses": 3602000000,
    "otherExpenses": 1078000000,
    "operatingExpenses": 4680000000,
    "costAndExpenses": 9344000000,
    "interestIncome": 263000000,
    "interestExpense": 425000000,
    "depreciationAndAmortization": 268000000,
    "ebitda": 4073000000,
    "ebitdaratio": 0.343597098,
    "operatingIncome": 2510000000,
    "operatingIncomeRatio": 0.2117428716,
    "totalOtherIncomeExpensesNet": 870000000,
    "incomeBeforeTax": 3380000000,
    "incomeBeforeTaxRatio": 0.2851358191,
    "incomeTaxExpense": 530000000,
    "netIncome": 2848000000,
    "netIncomeRatio": 0.2402564535,
    "eps": 0.66,
    "epsdiluted": 0.66,
    "weightedAverageShsOut": 4311000000,
    "weightedAverageShsOutDil": 4323000000,
    "link": "https://www.sec.gov/Archives/edgar/data/21344/000002134424000060/0000021344-24-000060-index.htm",
    "finalLink": "https://www.sec.gov/Archives/edgar/data/21344/000002134424000060/ko-20240927.htm"
  },
  {
    "date": "2024-06-28",
    "symbol": "KO",
    "reportedCurrency": "USD",
    "cik": "0000021344",
    "fillingDate": "2024-07-29",
    "acceptedDate": "2024-07-29 15:54:36",
    "calendarYear": "2024",
    "period": "Q2",
    "revenue": 12363000000,
    "costOfRevenue": 4812000000,
    "grossProfit": 7551000000,
    "grossProfitRatio": 0.610774084,
    "researchAndDevelopmentExpenses": 0,
    "generalAndAdministrativeExpenses": 2136000000,
    "sellingAndMarketingExpenses": 1400000000,
    "sellingGeneralAndAdministrativeExpenses": 3536000000,
    "otherExpenses": 1383000000,
    "operatingExpenses": 4919000000,
    "costAndExpenses": 9731000000,
    "interestIncome": 275000000,
    "interestExpense": 418000000,
    "depreciationAndAmortization": 269000000,
    "ebitda": 3715000000,
    "ebitdaratio": 0.3004934077,
    "operatingIncome": 2632000000,
    "operatingIncomeRatio": 0.2128933107,
    "totalOtherIncomeExpensesNet": 396000000,
    "incomeBeforeTax": 3028000000,
    "incomeBeforeTaxRatio": 0.2449243711,
    "incomeTaxExpense": 627000000,
    "netIncome": 2411000000,
    "netIncomeRatio": 0.1950173906,
    "eps": 0.56,
    "epsdiluted": 0.56,
    "weightedAverageShsOut": 4309000000,
    "weightedAverageShsOutDil": 4319000000,
    "link": "https://www.sec.gov/Archives/edgar/data/21344/000002134424000044/0000021344-24-000044-index.htm",
    "finalLink": "https://www.sec.gov/Archives/edgar/data/21344/000002134424000044/ko-20240628.htm"
  },
  {
    "date": "2024-03-29",
    "symbol": "KO",
    "reportedCurrency": "USD",
    "cik": "0000021344",
    "fillingDate": "2024-05-02",
    "acceptedDate": "2024-05-02 13:52:06",
    "calendarYear": "2024",
    "period": "Q1",
    "revenue": 11300000000,
    "costOfRevenue": 4235000000,
    "grossProfit": 7065000000,
    "grossProfitRatio": 0.6252212389,
    "researchAndDevelopmentExpenses": 0,
    "generalAndAdministrativeExpenses": 2175000000,
    "sellingAndMarketingExpenses": 1161000000,
    "sellingGeneralAndAdministrativeExpenses": 3336000000,
    "otherExpenses": 1588000000,
    "operatingExpenses": 4924000000,
    "costAndExpenses": 9159000000,
    "interestIncome": 246000000,
    "interestExpense": 382000000,
    "depreciationAndAmortization": 262000000,
    "ebitda": 4516000000,
    "ebitdaratio": 0.3996460177,
    "operatingIncome": 2141000000,
    "operatingIncomeRatio": 0.1894690265,
    "totalOtherIncomeExpensesNet": 1731000000,
    "incomeBeforeTax": 3872000000,
    "incomeBeforeTaxRatio": 0.3426548673,
    "incomeTaxExpense": 687000000,
    "netIncome": 3177000000,
    "netIncomeRatio": 0.2811504425,
    "eps": 0.74,
    "epsdiluted": 0.74,
    "weightedAverageShsOut": 4310000000,
    "weightedAverageShsOutDil": 4322000000,
    "link": "https://www.sec.gov/Archives/edgar/data/21344/000002134424000017/0000021344-24-000017-index.htm",
    "finalLink": "https://www.sec.gov/Archives/edgar/data/21344/000002134424000017/ko-20240329.htm"
  },
  {
    "date": "2023-12-31",
    "symbol": "KO",
    "reportedCurrency": "USD",
    "cik": "0000021344",
    "fillingDate": "2024-02-20",
    "acceptedDate": "2024-02-20 13:21:24",
    "calendarYear": "2023",
    "period": "Q4",
    "revenue": 10849000000,
    "costOfRevenue": 4634000000,
    "grossProfit": 6215000000,
    "grossProfitRatio": 0.5728638584,
    "researchAndDevelopmentExpenses": 0,
    "generalAndAdministrativeExpenses": 2653000000,
    "sellingAndMarketingExpenses": 1200000000,
    "sellingGeneralAndAdministrativeExpenses": 3853000000,
    "otherExpenses": 89000000,
    "operatingExpenses": 3942000000,
    "costAndExpenses": 8576000000,
    "interestIncome": 267000000,
    "interestExpense": 413000000,
    "depreciationAndAmortization": 271000000,
    "ebitda": 3166000000,
    "ebitdaratio": 0.2918241313,
    "operatingIncome": 2273000000,
    "operatingIncomeRatio": 0.2095123975,
    "totalOtherIncomeExpensesNet": 209000000,
    "incomeBeforeTax": 2482000000,
    "incomeBeforeTaxRatio": 0.2287768458,
    "incomeTaxExpense": 496000000,
    "netIncome": 1973000000,
    "netIncomeRatio": 0.1818600793,
    "eps": 0.46,
    "epsdiluted": 0.46,
    "weightedAverageShsOut": 4317000000,
    "weightedAverageShsOutDil": 4330000000,
    "link": "https://www.sec.gov/Archives/edgar/data/21344/000002134424000009/0000021344-24-000009-index.htm",
    "finalLink": "https://www.sec.gov/Archives/edgar/data/21344/000002134424000009/ko-20231231.htm"
  },
  {
    "date": "2023-09-29",
    "symbol": "KO",
    "reportedCurrency": "USD",
    "cik": "0000021344",
    "fillingDate": "2023-10-24",
    "acceptedDate": "2023-10-24 14:46:01",
    "calendarYear": "2023",
    "period": "Q3",
    "revenue": 11953000000,
    "costOfRevenue": 4657000000,
    "grossProfit": 7296000000,
    "grossProfitRatio": 0.6103906969,
    "researchAndDevelopmentExpenses": 0,
    "generalAndAdministrativeExpenses": 2128000000,
    "sellingAndMarketingExpenses": 1526000000,
    "sellingGeneralAndAdministrativeExpenses": 3654000000,
    "otherExpenses": 372000000,
    "operatingExpenses": 4026000000,
    "costAndExpenses": 8683000000,
    "interestIncome": 248000000,
    "interestExpense": 368000000,
    "depreciationAndAmortization": 290000000,
    "ebitda": 4195000000,
    "ebitdaratio": 0.3509579185,
    "operatingIncome": 3270000000,
    "operatingIncomeRatio": 0.2735714883,
    "totalOtherIncomeExpensesNet": 267000000,
    "incomeBeforeTax": 3537000000,
    "incomeBeforeTaxRatio": 0.2959089768,
    "incomeTaxExpense": 454000000,
    "netIncome": 3087000000,
    "netIncomeRatio": 0.2582615243,
    "eps": 0.71,
    "epsdiluted": 0.71,
    "weightedAverageShsOut": 4324000000,
    "weightedAverageShsOutDil": 4339000000,
    "link": "https://www.sec.gov/Archives/edgar/data/21344/000002134423000060/0000021344-23-000060-index.htm",
    "finalLink": "https://www.sec.gov/Archives/edgar/data/21344/000002134423000060/ko-20230929.htm"
  },
  {
    "date": "2023-06-30",
    "symbol": "KO",
    "reportedCurrency": "USD",
    "cik": "0000021344",
    "fillingDate": "2023-07-27",
    "acceptedDate": "2023-07-27 11:49:13",
    "calendarYear": "2023",
    "period": "Q2",
    "revenue": 11972000000,
    "costOfRevenue": 4912000000,
    "grossProfit": 7060000000,
    "grossProfitRatio": 0.5897093218,
    "researchAndDevelopmentExpenses": 0,
    "generalAndAdministrativeExpenses": 2090000000,
    "sellingAndMarketingExpenses": 1219000000,
    "sellingGeneralAndAdministrativeExpenses": 3309000000,
    "otherExpenses": 1350000000,
    "operatingExpenses": 4659000000,
    "costAndExpenses": 9571000000,
    "interestIncome": 224000000,
    "interestExpense": 374000000,
    "depreciationAndAmortization": 281000000,
    "ebitda": 3535000000,
    "ebitdaratio": 0.295272302,
    "operatingIncome": 2401000000,
    "operatingIncomeRatio": 0.2005512863,
    "totalOtherIncomeExpensesNet": 479000000,
    "incomeBeforeTax": 2880000000,
    "incomeBeforeTaxRatio": 0.2405613097,
    "incomeTaxExpense": 359000000,
    "netIncome": 2547000000,
    "netIncomeRatio": 0.2127464083,
    "eps": 0.59,
    "epsdiluted": 0.59,
    "weightedAverageShsOut": 4325000000,
    "weightedAverageShsOutDil": 4341000000,
    "link": "https://www.sec.gov/Archives/edgar/data/21344/000002134423000048/0000021344-23-000048-index.htm",
    "finalLink": "https://www.sec.gov/Archives/edgar/data/21344/000002134423000048/ko-20230630.htm"
  },
  {
    "date": "2023-03-31",
    "symbol": "KO",
    "reportedCurrency": "USD",
    "cik": "0000021344",
    "fillingDate": "2023-04-26",
    "acceptedDate": "2023-04-26 15:21:27",
    "calendarYear": "2023",
    "period": "Q1",
    "revenue": 10980000000,
    "costOfRevenue": 4317000000,
    "grossProfit": 6663000000,
    "grossProfitRatio": 0.6068306011,
    "researchAndDevelopmentExpenses": 0,
    "generalAndAdministrativeExpenses": 2107000000,
    "sellingAndMarketingExpenses": 1065000000,
    "sellingGeneralAndAdministrativeExpenses": 3172000000,
    "otherExpenses": 124000000,
    "operatingExpenses": 3296000000,
    "costAndExpenses": 7613000000,
    "interestIncome": 168000000,
    "interestExpense": 372000000,
    "depreciationAndAmortization": 286000000,
    "ebitda": 4711000000,
    "ebitdaratio": 0.4290528233,
    "operatingIncome": 3367000000,
    "operatingIncomeRatio": 0.3066484517,
    "totalOtherIncomeExpensesNet": 686000000,
    "incomeBeforeTax": 4053000000,
    "incomeBeforeTaxRatio": 0.3691256831,
    "incomeTaxExpense": 940000000,
    "netIncome": 3107000000,
    "netIncomeRatio": 0.2829690346,
    "eps": 0.72,
    "epsdiluted": 0.72,
    "weightedAverageShsOut": 4326000000,
    "weightedAverageShsOutDil": 4345000000,
    "link": "https://www.sec.gov/Archives/edgar/data/21344/000002134423000024/0000021344-23-000024-index.htm",
    "finalLink": "https://www.sec.gov/Archives/edgar/data/21344/000002134423000024/ko-20230331.htm"
  },
  {
    "date": "2022-12-31",
    "symbol": "KO",
    "reportedCurrency": "USD",
    "cik": "0000021344",
    "fillingDate": "2023-02-21",
    "acceptedDate": "2023-02-21 16:03:20",
    "calendarYear": "2022",
    "period": "Q4",
    "revenue": 10125000000,
    "costOfRevenue": 4513000000,
    "grossProfit": 5612000000,
    "grossProfitRatio": 0.5542716049,
    "researchAndDevelopmentExpenses": 0,
    "generalAndAdministrativeExpenses": 2670000000,
    "sellingAndMarketingExpenses": 720000000,
    "sellingGeneralAndAdministrativeExpenses": 3390000000,
    "otherExpenses": 147000000,
    "operatingExpenses": 3537000000,
    "costAndExpenses": 8050000000,
    "interestIncome": 143000000,
    "interestExpense": 304000000,
    "depreciationAndAmortization": 307000000,
    "ebitda": 3111000000,
    "ebitdaratio": 0.3072592593,
    "operatingIncome": 2075000000,
    "operatingIncomeRatio": 0.2049382716,
    "totalOtherIncomeExpensesNet": 425000000,
    "incomeBeforeTax": 2500000000,
    "incomeBeforeTaxRatio": 0.2469135802,
    "incomeTaxExpense": 444000000,
    "netIncome": 2031000000,
    "netIncomeRatio": 0.2005925926,
    "eps": 0.47,
    "epsdiluted": 0.47,
    "weightedAverageShsOut": 4326000000,
    "weightedAverageShsOutDil": 4347000000,
    "link": "https://www.sec.gov/Archives/edgar/data/21344/000002134423000011/0000021344-23-000011-index.htm",
    "finalLink": "https://www.sec.gov/Archives/edgar/data/21344/000002134423000011/ko-20221231.htm"
  },
  {
    "date": "2022-09-30",
    "symbol": "KO",
    "reportedCurrency": "USD",
    "cik": "0000021344",
    "fillingDate": "2022-10-26",
    "acceptedDate": "2022-10-26 12:06:35",
    "calendarYear": "2022",
    "period": "Q3",
    "revenue": 11063000000,
    "costOfRevenue": 4566000000,
    "grossProfit": 6497000000,
    "grossProfitRatio": 0.5872728916,
    "researchAndDevelopmentExpenses": 0,
    "generalAndAdministrativeExpenses": 1787000000,
    "sellingAndMarketingExpenses": 1451000000,
    "sellingGeneralAndAdministrativeExpenses": 3238000000,
    "otherExpenses": 171000000,
    "operatingExpenses": 3409000000,
    "costAndExpenses": 7975000000,
    "interestIncome": 128000000,
    "interestExpense": 198000000,
    "depreciationAndAmortization": 307000000,
    "ebitda": 3949000000,
    "ebitdaratio": 0.3569556178,
    "operatingIncome": 3088000000,
    "operatingIncomeRatio": 0.279128627,
    "totalOtherIncomeExpensesNet": 356000000,
    "incomeBeforeTax": 3444000000,
    "incomeBeforeTaxRatio": 0.3113079635,
    "incomeTaxExpense": 622000000,
    "netIncome": 2825000000,
    "netIncomeRatio": 0.2553556901,
    "eps": 0.65,
    "epsdiluted": 0.65,
    "weightedAverageShsOut": 4325000000,
    "weightedAverageShsOutDil": 4346000000,
    "link": "https://www.sec.gov/Archives/edgar/data/21344/000002134422000042/0000021344-22-000042-index.htm",
    "finalLink": "https://www.sec.gov/Archives/edgar/data/21344/000002134422000042/ko-20220930.htm"
  },
  {
    "date": "2022-07-01",
    "symbol": "KO",
    "reportedCurrency": "USD",
    "cik": "0000021344",
    "fillingDate": "2022-07-27",
    "acceptedDate": "2022-07-27 11:45:45",
    "calendarYear": "2022",
    "period": "Q2",
    "revenue": 11325000000,
    "costOfRevenue": 4830000000,
    "grossProfit": 6495000000,
    "grossProfitRatio": 0.5735099338,
    "researchAndDevelopmentExpenses": 0,
    "generalAndAdministrativeExpenses": 1968000000,
    "sellingAndMarketingExpenses": 1168000000,
    "sellingGeneralAndAdministrativeExpenses": 3136000000,
    "otherExpenses": 1018000000,
    "operatingExpenses": 4154000000,
    "costAndExpenses": 8984000000,
    "interestIncome": 100000000,
    "interestExpense": 198000000,
    "depreciationAndAmortization": 322000000,
    "ebitda": 2804000000,
    "ebitdaratio": 0.247593819,
    "operatingIncome": 2341000000,
    "operatingIncomeRatio": 0.2067108168,
    "totalOtherIncomeExpensesNet": -57000000,
    "incomeBeforeTax": 2284000000,
    "incomeBeforeTaxRatio": 0.2016777042,
    "incomeTaxExpense": 384000000,
    "netIncome": 1905000000,
    "netIncomeRatio": 0.1682119205,
    "eps": 0.44,
    "epsdiluted": 0.44,
    "weightedAverageShsOut": 4331000000,
    "weightedAverageShsOutDil": 4353000000,
    "link": "https://www.sec.gov/Archives/edgar/data/21344/000002134422000034/0000021344-22-000034-index.htm",
    "finalLink": "https://www.sec.gov/Archives/edgar/data/21344/000002134422000034/ko-20220701.htm"
  },
  {
    "date": "2022-04-01",
    "symbol": "KO",
    "reportedCurrency": "USD",
    "cik": "0000021344",
    "fillingDate": "2022-04-28",
    "acceptedDate": "2022-04-28 10:24:51",
    "calendarYear": "2022",
    "period": "Q1",
    "revenue": 10491000000,
    "costOfRevenue": 4091000000,
    "grossProfit": 6400000000,
    "grossProfitRatio": 0.6100467067,
    "researchAndDevelopmentExpenses": 0,
    "generalAndAdministrativeExpenses": 1917000000,
    "sellingAndMarketingExpenses": 980000000,
    "sellingGeneralAndAdministrativeExpenses": 2897000000,
    "otherExpenses": 98000000,
    "operatingExpenses": 2995000000,
    "costAndExpenses": 7086000000,
    "interestIncome": 78000000,
    "interestExpense": 182000000,
    "depreciationAndAmortization": 324000000,
    "ebitda": 3964000000,
    "ebitdaratio": 0.377847679,
    "operatingIncome": 3405000000,
    "operatingIncomeRatio": 0.3245639119,
    "totalOtherIncomeExpensesNet": 53000000,
    "incomeBeforeTax": 3458000000,
    "incomeBeforeTaxRatio": 0.3296158612,
    "incomeTaxExpense": 665000000,
    "netIncome": 2781000000,
    "netIncomeRatio": 0.265084358,
    "eps": 0.64,
    "epsdiluted": 0.64,
    "weightedAverageShsOut": 4332000000,
    "weightedAverageShsOutDil": 4357000000,
    "link": "https://www.sec.gov/Archives/edgar/data/21344/000002134422000016/0000021344-22-000016-index.htm",
    "finalLink": "https://www.sec.gov/Archives/edgar/data/21344/000002134422000016/ko-20220401.htm"
  },
  {
    "date": "2021-12-31",
    "symbol": "KO",
    "reportedCurrency": "USD",
    "cik": "0000021344",
    "fillingDate": "2022-02-22",
    "acceptedDate": "2022-02-22 15:45:48",
    "calendarYear": "2021",
    "period": "Q4",
    "revenue": 9464000000,
    "costOfRevenue": 4088000000,
    "grossProfit": 5376000000,
    "grossProfitRatio": 0.5680473373,
    "researchAndDevelopmentExpenses": 0,
    "generalAndAdministrativeExpenses": 2373000000,
    "sellingAndMarketingExpenses": 890000000,
    "sellingGeneralAndAdministrativeExpenses": 3263000000,
    "otherExpenses": 441000000,
    "operatingExpenses": 3704000000,
    "costAndExpenses": 7792000000,
    "interestIncome": 71000000,
    "interestExpense": 165000000,
    "depreciationAndAmortization": 341000000,
    "ebitda": 3466000000,
    "ebitdaratio": 0.3662299239,
    "operatingIncome": 1672000000,
    "operatingIncomeRatio": 0.1766694844,
    "totalOtherIncomeExpensesNet": 1288000000,
    "incomeBeforeTax": 2960000000,
    "incomeBeforeTaxRatio": 0.3127641589,
    "incomeTaxExpense": 510000000,
    "netIncome": 2414000000,
    "netIncomeRatio": 0.2550718512,
    "eps": 0.56,
    "epsdiluted": 0.56,
    "weightedAverageShsOut": 4321000000,
    "weightedAverageShsOutDil": 4347000000,
    "link": "https://www.sec.gov/Archives/edgar/data/21344/000002134422000009/0000021344-22-000009-index.htm",
    "finalLink": "https://www.sec.gov/Archives/edgar/data/21344/000002134422000009/ko-20211231.htm"
  },
  {
    "date": "2021-10-01",
    "symbol": "KO",
    "reportedCurrency": "USD",
    "cik": "0000021344",
    "fillingDate": "2021-10-28",
    "acceptedDate": "2021-10-28 14:29:54",
    "calendarYear": "2021",
    "period": "Q3",
    "revenue": 10042000000,
    "costOfRevenue": 3977000000,
    "grossProfit": 6065000000,
    "grossProfitRatio": 0.6039633539,
    "researchAndDevelopmentExpenses": 0,
    "generalAndAdministrativeExpenses": 1876000000,
    "sellingAndMarketingExpenses": 1173000000,
    "sellingGeneralAndAdministrativeExpenses": 3049000000,
    "otherExpenses": 118000000,
    "operatingExpenses": 3167000000,
    "costAndExpenses": 7144000000,
    "interestIncome": 68000000,
    "interestExpense": 210000000,
    "depreciationAndAmortization": 362000000,
    "ebitda": 3656000000,
    "ebitdaratio": 0.3640709022,
    "operatingIncome": 2898000000,
    "operatingIncomeRatio": 0.2885879307,
    "totalOtherIncomeExpensesNet": 186000000,
    "incomeBeforeTax": 3084000000,
    "incomeBeforeTaxRatio": 0.3071101374,
    "incomeTaxExpense": 609000000,
    "netIncome": 2471000000,
    "netIncomeRatio": 0.2460665206,
    "eps": 0.57,
    "epsdiluted": 0.57,
    "weightedAverageShsOut": 4318000000,
    "weightedAverageShsOutDil": 4344000000,
    "link": "https://www.sec.gov/Archives/edgar/data/21344/000002134421000030/0000021344-21-000030-index.htm",
    "finalLink": "https://www.sec.gov/Archives/edgar/data/21344/000002134421000030/ko-20211001.htm"
  },
  {
    "date": "2021-07-02",
    "symbol": "KO",
    "reportedCurrency": "USD",
    "cik": "0000021344",
    "fillingDate": "2021-07-26",
    "acceptedDate": "2021-07-26 16:38:06",
    "calendarYear": "2021",
    "period": "Q2",
    "revenue": 10129000000,
    "costOfRevenue": 3787000000,
    "grossProfit": 6342000000,
    "grossProfitRatio": 0.6261230131,
    "researchAndDevelopmentExpenses": 0,
    "generalAndAdministrativeExpenses": 1810000000,
    "sellingAndMarketingExpenses": 1134000000,
    "sellingGeneralAndAdministrativeExpenses": 2944000000,
    "otherExpenses": 382000000,
    "operatingExpenses": 3326000000,
    "costAndExpenses": 7113000000,
    "interestIncome": 71000000,
    "interestExpense": 780000000,
    "depreciationAndAmortization": 383000000,
    "ebitda": 4781000000,
    "ebitdaratio": 0.4720110574,
    "operatingIncome": 3016000000,
    "operatingIncomeRatio": 0.2977589101,
    "totalOtherIncomeExpensesNet": 602000000,
    "incomeBeforeTax": 3618000000,
    "incomeBeforeTaxRatio": 0.3571922204,
    "incomeTaxExpense": 994000000,
    "netIncome": 2641000000,
    "netIncomeRatio": 0.2607364992,
    "eps": 0.61,
    "epsdiluted": 0.61,
    "weightedAverageShsOut": 4313000000,
    "weightedAverageShsOutDil": 4338000000,
    "link": "https://www.sec.gov/Archives/edgar/data/21344/000002134421000024/0000021344-21-000024-index.htm",
    "finalLink": "https://www.sec.gov/Archives/edgar/data/21344/000002134421000024/ko-20210702.htm"
  },
  {
    "date": "2021-04-02",
    "symbol": "KO",
    "reportedCurrency": "USD",
    "cik": "0000021344",
    "fillingDate": "2021-04-27",
    "acceptedDate": "2021-04-27 11:37:51",
    "calendarYear": "2021",
    "period": "Q1",
    "revenue": 9020000000,
    "costOfRevenue": 3505000000,
    "grossProfit": 5515000000,
    "grossProfitRatio": 0.6114190687,
    "researchAndDevelopmentExpenses": 0,
    "generalAndAdministrativeExpenses": 1708000000,
    "sellingAndMarketingExpenses": 901000000,
    "sellingGeneralAndAdministrativeExpenses": 2609000000,
    "otherExpenses": 184000000,
    "operatingExpenses": 2793000000,
    "costAndExpenses": 6298000000,
    "interestIncome": 66000000,
    "interestExpense": 442000000,
    "depreciationAndAmortization": 366000000,
    "ebitda": 3571000000,
    "ebitdaratio": 0.3958980044,
    "operatingIncome": 2722000000,
    "operatingIncomeRatio": 0.3017738359,
    "totalOtherIncomeExpensesNet": 41000000,
    "incomeBeforeTax": 2763000000,
    "incomeBeforeTaxRatio": 0.3063192905,
    "incomeTaxExpense": 508000000,
    "netIncome": 2245000000,
    "netIncomeRatio": 0.2488913525,
    "eps": 0.52,
    "epsdiluted": 0.52,
    "weightedAverageShsOut": 4307000000,
    "weightedAverageShsOutDil": 4330000000,
    "link": "https://www.sec.gov/Archives/edgar/data/21344/000002134421000014/0000021344-21-000014-index.htm",
    "finalLink": "https://www.sec.gov/Archives/edgar/data/21344/000002134421000014/ko-20210402.htm"
  },
  {
    "date": "2020-12-31",
    "symbol": "KO",
    "reportedCurrency": "USD",
    "cik": "0000021344",
    "fillingDate": "2021-02-25",
    "acceptedDate": "2021-02-25 13:47:17",
    "calendarYear": "2020",
    "period": "Q4",
    "revenue": 8611000000,
    "costOfRevenue": 3578000000,
    "grossProfit": 5033000000,
    "grossProfitRatio": 0.5844849611,
    "researchAndDevelopmentExpenses": 0,
    "generalAndAdministrativeExpenses": 1908000000,
    "sellingAndMarketingExpenses": 635000000,
    "sellingGeneralAndAdministrativeExpenses": 2543000000,
    "otherExpenses": 152000000,
    "operatingExpenses": 2695000000,
    "costAndExpenses": 6273000000,
    "interestIncome": 76000000,
    "interestExpense": 310000000,
    "depreciationAndAmortization": 430000000,
    "ebitda": 3101000000,
    "ebitdaratio": 0.3601207758,
    "operatingIncome": 2338000000,
    "operatingIncomeRatio": 0.2715131808,
    "totalOtherIncomeExpensesNet": 23000000,
    "incomeBeforeTax": 2361000000,
    "incomeBeforeTaxRatio": 0.274184183,
    "incomeTaxExpense": 887000000,
    "netIncome": 1456000000,
    "netIncomeRatio": 0.1690860527,
    "eps": 0.34,
    "epsdiluted": 0.34,
    "weightedAverageShsOut": 4300000000,
    "weightedAverageShsOutDil": 4329000000,
    "link": "https://www.sec.gov/Archives/edgar/data/21344/000002134421000008/0000021344-21-000008-index.htm",
    "finalLink": "https://www.sec.gov/Archives/edgar/data/21344/000002134421000008/ko-20201231.htm"
  },
  {
    "date": "2020-09-25",
    "symbol": "KO",
    "reportedCurrency": "USD",
    "cik": "0000021344",
    "fillingDate": "2020-10-22",
    "acceptedDate": "2020-10-22 14:04:36",
    "calendarYear": "2020",
    "period": "Q3",
    "revenue": 8652000000,
    "costOfRevenue": 3471000000,
    "grossProfit": 5181000000,
    "grossProfitRatio": 0.5988210818,
    "researchAndDevelopmentExpenses": 0,
    "generalAndAdministrativeExpenses": 1597000000,
    "sellingAndMarketingExpenses": 870000000,
    "sellingGeneralAndAdministrativeExpenses": 2467000000,
    "otherExpenses": 416000000,
    "operatingExpenses": 2883000000,
    "costAndExpenses": 6354000000,
    "interestIncome": 82000000,
    "interestExpense": 660000000,
    "depreciationAndAmortization": 358000000,
    "ebitda": 3199000000,
    "ebitdaratio": 0.3697411003,
    "operatingIncome": 2298000000,
    "operatingIncomeRatio": 0.2656033287,
    "totalOtherIncomeExpensesNet": -117000000,
    "incomeBeforeTax": 2181000000,
    "incomeBeforeTaxRatio": 0.2520804438,
    "incomeTaxExpense": 441000000,
    "netIncome": 1737000000,
    "netIncomeRatio": 0.2007628294,
    "eps": 0.4,
    "epsdiluted": 0.4,
    "weightedAverageShsOut": 4296000000,
    "weightedAverageShsOutDil": 4321000000,
    "link": "https://www.sec.gov/Archives/edgar/data/21344/000002134420000046/0000021344-20-000046-index.htm",
    "finalLink": "https://www.sec.gov/Archives/edgar/data/21344/000002134420000046/ko-20200925.htm"
  },
  {
    "date": "2020-06-26",
    "symbol": "KO",
    "reportedCurrency": "USD",
    "cik": "0000021344",
    "fillingDate": "2020-07-22",
    "acceptedDate": "2020-07-22 15:41:56",
    "calendarYear": "2020",
    "period": "Q2",
    "revenue": 7150000000,
    "costOfRevenue": 3013000000,
    "grossProfit": 4137000000,
    "grossProfitRatio": 0.5786013986,
    "researchAndDevelopmentExpenses": 0,
    "generalAndAdministrativeExpenses": 1571000000,
    "sellingAndMarketingExpenses": 370000000,
    "sellingGeneralAndAdministrativeExpenses": 1941000000,
    "otherExpenses": 215000000,
    "operatingExpenses": 2156000000,
    "costAndExpenses": 5169000000,
    "interestIncome": 100000000,
    "interestExpense": 274000000,
    "depreciationAndAmortization": 381000000,
    "ebitda": 2852000000,
    "ebitdaratio": 0.3988811189,
    "operatingIncome": 1981000000,
    "operatingIncomeRatio": 0.2770629371,
    "totalOtherIncomeExpensesNet": 216000000,
    "incomeBeforeTax": 2197000000,
    "incomeBeforeTaxRatio": 0.3072727273,
    "incomeTaxExpense": 438000000,
    "netIncome": 1779000000,
    "netIncomeRatio": 0.2488111888,
    "eps": 0.41,
    "epsdiluted": 0.41,
    "weightedAverageShsOut": 4292000000,
    "weightedAverageShsOutDil": 4321000000,
    "link": "https://www.sec.gov/Archives/edgar/data/21344/000002134420000041/0000021344-20-000041-index.htm",
    "finalLink": "https://www.sec.gov/Archives/edgar/data/21344/000002134420000041/ko-20200626.htm"
  },
  {
    "date": "2020-03-27",
    "symbol": "KO",
    "reportedCurrency": "USD",
    "cik": "0000021344",
    "fillingDate": "2020-04-24",
    "acceptedDate": "2020-04-24 13:58:01",
    "calendarYear": "2020",
    "period": "Q1",
    "revenue": 8601000000,
    "costOfRevenue": 3371000000,
    "grossProfit": 5230000000,
    "grossProfitRatio": 0.6080688292,
    "researchAndDevelopmentExpenses": 0,
    "generalAndAdministrativeExpenses": 1703000000,
    "sellingAndMarketingExpenses": 902000000,
    "sellingGeneralAndAdministrativeExpenses": 2605000000,
    "otherExpenses": 245000000,
    "operatingExpenses": 2850000000,
    "costAndExpenses": 6221000000,
    "interestIncome": 112000000,
    "interestExpense": 193000000,
    "depreciationAndAmortization": 367000000,
    "ebitda": 3570000000,
    "ebitdaratio": 0.4150680153,
    "operatingIncome": 2380000000,
    "operatingIncomeRatio": 0.2767120102,
    "totalOtherIncomeExpensesNet": 630000000,
    "incomeBeforeTax": 3010000000,
    "incomeBeforeTaxRatio": 0.3499593071,
    "incomeTaxExpense": 215000000,
    "netIncome": 2775000000,
    "netIncomeRatio": 0.3226369027,
    "eps": 0.65,
    "epsdiluted": 0.64,
    "weightedAverageShsOut": 4289000000,
    "weightedAverageShsOutDil": 4325000000,
    "link": "https://www.sec.gov/Archives/edgar/data/21344/000002134420000014/0000021344-20-000014-index.htm",
    "finalLink": "https://www.sec.gov/Archives/edgar/data/21344/000002134420000014/a2020032710-q.htm"
  },
  {
    "date": "2019-12-31",
    "symbol": "KO",
    "reportedCurrency": "USD",
    "cik": "0000021344",
    "fillingDate": "2020-02-24",
    "acceptedDate": "2020-02-24 16:08:17",
    "calendarYear": "2019",
    "period": "Q4",
    "revenue": 9068000000,
    "costOfRevenue": 3566000000,
    "grossProfit": 5502000000,
    "grossProfitRatio": 0.6067490075,
    "researchAndDevelopmentExpenses": 0,
    "generalAndAdministrativeExpenses": 2280000000,
    "sellingAndMarketingExpenses": 927000000,
    "sellingGeneralAndAdministrativeExpenses": 3207000000,
    "otherExpenses": 131000000,
    "operatingExpenses": 3338000000,
    "costAndExpenses": 6904000000,
    "interestIncome": 135000000,
    "interestExpense": 235000000,
    "depreciationAndAmortization": 400000000,
    "ebitda": 3055000000,
    "ebitdaratio": 0.3368989854,
    "operatingIncome": 2164000000,
    "operatingIncomeRatio": 0.2386413763,
    "totalOtherIncomeExpensesNet": 256000000,
    "incomeBeforeTax": 2420000000,
    "incomeBeforeTaxRatio": 0.2668725187,
    "incomeTaxExpense": 355000000,
    "netIncome": 2042000000,
    "netIncomeRatio": 0.2251874724,
    "eps": 0.48,
    "epsdiluted": 0.47,
    "weightedAverageShsOut": 4282000000,
    "weightedAverageShsOutDil": 4322000000,
    "link": "https://www.sec.gov/Archives/edgar/data/21344/000002134420000006/0000021344-20-000006-index.htm",
    "finalLink": "https://www.sec.gov/Archives/edgar/data/21344/000002134420000006/a2019123110-k.htm"
  },
  {
    "date": "2019-09-27",
    "symbol": "KO",
    "reportedCurrency": "USD",
    "cik": "0000021344",
    "fillingDate": "2019-10-24",
    "acceptedDate": "2019-10-24 15:19:15",
    "calendarYear": "2019",
    "period": "Q3",
    "revenue": 9507000000,
    "costOfRevenue": 3767000000,
    "grossProfit": 5740000000,
    "grossProfitRatio": 0.6037656464,
    "researchAndDevelopmentExpenses": 0,
    "generalAndAdministrativeExpenses": 1891000000,
    "sellingAndMarketingExpenses": 1201000000,
    "sellingGeneralAndAdministrativeExpenses": 3092000000,
    "otherExpenses": 149000000,
    "operatingExpenses": 3241000000,
    "costAndExpenses": 7008000000,
    "interestIncome": 153000000,
    "interestExpense": 230000000,
    "depreciationAndAmortization": 363000000,
    "ebitda": 3685000000,
    "ebitdaratio": 0.3876091301,
    "operatingIncome": 2499000000,
    "operatingIncomeRatio": 0.262858946,
    "totalOtherIncomeExpensesNet": 593000000,
    "incomeBeforeTax": 3092000000,
    "incomeBeforeTaxRatio": 0.3252340381,
    "incomeTaxExpense": 503000000,
    "netIncome": 2593000000,
    "netIncomeRatio": 0.2727463974,
    "eps": 0.61,
    "epsdiluted": 0.6,
    "weightedAverageShsOut": 4280000000,
    "weightedAverageShsOutDil": 4321000000,
    "link": "https://www.sec.gov/Archives/edgar/data/21344/000002134419000042/0000021344-19-000042-index.htm",
    "finalLink": "https://www.sec.gov/Archives/edgar/data/21344/000002134419000042/a2019092710-q.htm"
  },
  {
    "date": "2019-06-28",
    "symbol": "KO",
    "reportedCurrency": "USD",
    "cik": "0000021344",
    "fillingDate": "2019-07-25",
    "acceptedDate": "2019-07-25 16:09:30",
    "calendarYear": "2019",
    "period": "Q2",
    "revenue": 9997000000,
    "costOfRevenue": 3921000000,
    "grossProfit": 6076000000,
    "grossProfitRatio": 0.6077823347,
    "researchAndDevelopmentExpenses": 0,
    "generalAndAdministrativeExpenses": 1805000000,
    "sellingAndMarketingExpenses": 1165000000,
    "sellingGeneralAndAdministrativeExpenses": 2970000000,
    "otherExpenses": 118000000,
    "operatingExpenses": 3088000000,
    "costAndExpenses": 7009000000,
    "interestIncome": 142000000,
    "interestExpense": 236000000,
    "depreciationAndAmortization": 327000000,
    "ebitda": 3612000000,
    "ebitdaratio": 0.3613083925,
    "operatingIncome": 2988000000,
    "operatingIncomeRatio": 0.2988896669,
    "totalOtherIncomeExpensesNet": 61000000,
    "incomeBeforeTax": 3049000000,
    "incomeBeforeTaxRatio": 0.3049914974,
    "incomeTaxExpense": 421000000,
    "netIncome": 2607000000,
    "netIncomeRatio": 0.2607782335,
    "eps": 0.61,
    "epsdiluted": 0.61,
    "weightedAverageShsOut": 4269000000,
    "weightedAverageShsOutDil": 4305000000,
    "link": "https://www.sec.gov/Archives/edgar/data/21344/000002134419000034/0000021344-19-000034-index.htm",
    "finalLink": "https://www.sec.gov/Archives/edgar/data/21344/000002134419000034/a2019062810-q.htm"
  },
  {
    "date": "2019-03-29",
    "symbol": "KO",
    "reportedCurrency": "USD",
    "cik": "0000021344",
    "fillingDate": "2019-04-25",
    "acceptedDate": "2019-04-25 15:09:38",
    "calendarYear": "2019",
    "period": "Q1",
    "revenue": 8694000000,
    "costOfRevenue": 3365000000,
    "grossProfit": 5329000000,
    "grossProfitRatio": 0.6129514608,
    "researchAndDevelopmentExpenses": 0,
    "generalAndAdministrativeExpenses": 1789000000,
    "sellingAndMarketingExpenses": 953000000,
    "sellingGeneralAndAdministrativeExpenses": 2742000000,
    "otherExpenses": 152000000,
    "operatingExpenses": 2894000000,
    "costAndExpenses": 6259000000,
    "interestIncome": 133000000,
    "interestExpense": 245000000,
    "depreciationAndAmortization": 275000000,
    "ebitda": 2745000000,
    "ebitdaratio": 0.3157349896,
    "operatingIncome": 2435000000,
    "operatingIncomeRatio": 0.2800782149,
    "totalOtherIncomeExpensesNet": -210000000,
    "incomeBeforeTax": 2225000000,
    "incomeBeforeTaxRatio": 0.2559236255,
    "incomeTaxExpense": 522000000,
    "netIncome": 1678000000,
    "netIncomeRatio": 0.1930066713,
    "eps": 0.39,
    "epsdiluted": 0.39,
    "weightedAverageShsOut": 4271000000,
    "weightedAverageShsOutDil": 4306000000,
    "link": "https://www.sec.gov/Archives/edgar/data/21344/000002134419000028/0000021344-19-000028-index.htm",
    "finalLink": "https://www.sec.gov/Archives/edgar/data/21344/000002134419000028/a2019032910-q.htm"
  },
  {
    "date": "2018-12-31",
    "symbol": "KO",
    "reportedCurrency": "USD",
    "cik": "0000021344",
    "fillingDate": "2019-02-21",
    "acceptedDate": "2019-02-21 16:55:42",
    "calendarYear": "2018",
    "period": "Q4",
    "revenue": 7058000000,
    "costOfRevenue": 2721000000,
    "grossProfit": 4337000000,
    "grossProfitRatio": 0.6144800227,
    "researchAndDevelopmentExpenses": 0,
    "generalAndAdministrativeExpenses": 2063000000,
    "sellingAndMarketingExpenses": 838000000,
    "sellingGeneralAndAdministrativeExpenses": 2901000000,
    "otherExpenses": -200000000,
    "operatingExpenses": 2701000000,
    "costAndExpenses": 5422000000,
    "interestIncome": 176000000,
    "interestExpense": 242000000,
    "depreciationAndAmortization": 279000000,
    "ebitda": 1308000000,
    "ebitdaratio": 0.1853216209,
    "operatingIncome": 1636000000,
    "operatingIncomeRatio": 0.2317937093,
    "totalOtherIncomeExpensesNet": -849000000,
    "incomeBeforeTax": 787000000,
    "incomeBeforeTaxRatio": 0.1115046755,
    "incomeTaxExpense": -5000000,
    "netIncome": 870000000,
    "netIncomeRatio": 0.1232643808,
    "eps": 0.2,
    "epsdiluted": 0.2,
    "weightedAverageShsOut": 4262000000,
    "weightedAverageShsOutDil": 4304000000,
    "link": "https://www.sec.gov/Archives/edgar/data/21344/000002134419000014/0000021344-19-000014-index.htm",
    "finalLink": "https://www.sec.gov/Archives/edgar/data/21344/000002134419000014/a2018123110-k.htm"
  },
  {
    "date": "2018-09-28",
    "symbol": "KO",
    "reportedCurrency": "USD",
    "cik": "0000021344",
    "fillingDate": "2018-10-30",
    "acceptedDate": "2018-10-30 13:25:29",
    "calendarYear": "2018",
    "period": "Q3",
    "revenue": 8775000000,
    "costOfRevenue": 3346000000,
    "grossProfit": 5429000000,
    "grossProfitRatio": 0.6186894587,
    "researchAndDevelopmentExpenses": 0,
    "generalAndAdministrativeExpenses": 1495000000,
    "sellingAndMarketingExpenses": 1108000000,
    "sellingGeneralAndAdministrativeExpenses": 2603000000,
    "otherExpenses": 212000000,
    "operatingExpenses": 2815000000,
    "costAndExpenses": 6161000000,
    "interestIncome": 171000000,
    "interestExpense": 214000000,
    "depreciationAndAmortization": 254000000,
    "ebitda": 2841000000,
    "ebitdaratio": 0.3237606838,
    "operatingIncome": 2614000000,
    "operatingIncomeRatio": 0.2978917379,
    "totalOtherIncomeExpensesNet": -241000000,
    "incomeBeforeTax": 2373000000,
    "incomeBeforeTaxRatio": 0.2704273504,
    "incomeTaxExpense": 555000000,
    "netIncome": 1880000000,
    "netIncomeRatio": 0.2142450142,
    "eps": 0.44,
    "epsdiluted": 0.44,
    "weightedAverageShsOut": 4255000000,
    "weightedAverageShsOutDil": 4295000000,
    "link": "https://www.sec.gov/Archives/edgar/data/21344/000002134418000042/0000021344-18-000042-index.htm",
    "finalLink": "https://www.sec.gov/Archives/edgar/data/21344/000002134418000042/a2018092810-q.htm"
  },
  {
    "date": "2018-06-29",
    "symbol": "KO",
    "reportedCurrency": "USD",
    "cik": "0000021344",
    "fillingDate": "2018-07-26",
    "acceptedDate": "2018-07-26 14:40:09",
    "calendarYear": "2018",
    "period": "Q2",
    "revenue": 9421000000,
    "costOfRevenue": 3543000000,
    "grossProfit": 5878000000,
    "grossProfitRatio": 0.6239252733,
    "researchAndDevelopmentExpenses": 0,
    "generalAndAdministrativeExpenses": 1648000000,
    "sellingAndMarketingExpenses": 1181000000,
    "sellingGeneralAndAdministrativeExpenses": 2829000000,
    "otherExpenses": 283000000,
    "operatingExpenses": 3112000000,
    "costAndExpenses": 6655000000,
    "interestIncome": 173000000,
    "interestExpense": 247000000,
    "depreciationAndAmortization": 283000000,
    "ebitda": 3472000000,
    "ebitdaratio": 0.3685383717,
    "operatingIncome": 2766000000,
    "operatingIncomeRatio": 0.2935994056,
    "totalOtherIncomeExpensesNet": 176000000,
    "incomeBeforeTax": 2942000000,
    "incomeBeforeTaxRatio": 0.3122810742,
    "incomeTaxExpense": 611000000,
    "netIncome": 2316000000,
    "netIncomeRatio": 0.2458337756,
    "eps": 0.54,
    "epsdiluted": 0.54,
    "weightedAverageShsOut": 4255000000,
    "weightedAverageShsOutDil": 4290000000,
    "link": "https://www.sec.gov/Archives/edgar/data/21344/000002134418000032/0000021344-18-000032-index.htm",
    "finalLink": "https://www.sec.gov/Archives/edgar/data/21344/000002134418000032/a2018062910-q.htm"
  },
  {
    "date": "2018-03-30",
    "symbol": "KO",
    "reportedCurrency": "USD",
    "cik": "0000021344",
    "fillingDate": "2018-05-01",
    "acceptedDate": "2018-05-01 15:30:40",
    "calendarYear": "2018",
    "period": "Q1",
    "revenue": 7626000000,
    "costOfRevenue": 2738000000,
    "grossProfit": 4888000000,
    "grossProfitRatio": 0.6409651193,
    "researchAndDevelopmentExpenses": 0,
    "generalAndAdministrativeExpenses": 1694000000,
    "sellingAndMarketingExpenses": 986000000,
    "sellingGeneralAndAdministrativeExpenses": 2680000000,
    "otherExpenses": 397000000,
    "operatingExpenses": 3077000000,
    "costAndExpenses": 5815000000,
    "interestIncome": 165000000,
    "interestExpense": 230000000,
    "depreciationAndAmortization": 270000000,
    "ebitda": 2333000000,
    "ebitdaratio": 0.3059270915,
    "operatingIncome": 1811000000,
    "operatingIncomeRatio": 0.2374770522,
    "totalOtherIncomeExpensesNet": 22000000,
    "incomeBeforeTax": 1833000000,
    "incomeBeforeTaxRatio": 0.2403619197,
    "incomeTaxExpense": 506000000,
    "netIncome": 1368000000,
    "netIncomeRatio": 0.17938631,
    "eps": 0.32,
    "epsdiluted": 0.32,
    "weightedAverageShsOut": 4265000000,
    "weightedAverageShsOutDil": 4306000000,
    "link": "https://www.sec.gov/Archives/edgar/data/21344/000002134418000023/0000021344-18-000023-index.htm",
    "finalLink": "https://www.sec.gov/Archives/edgar/data/21344/000002134418000023/a2018033010-q.htm"
  },
  {
    "date": "2017-12-31",
    "symbol": "KO",
    "reportedCurrency": "USD",
    "cik": "0000021344",
    "fillingDate": "2018-02-23",
    "acceptedDate": "2018-02-23 11:20:20",
    "calendarYear": "2017",
    "period": "Q4",
    "revenue": 7512000000,
    "costOfRevenue": 2689000000,
    "grossProfit": 4823000000,
    "grossProfitRatio": 0.6420394036,
    "researchAndDevelopmentExpenses": 0,
    "generalAndAdministrativeExpenses": 2184000000,
    "sellingAndMarketingExpenses": 1057000000,
    "sellingGeneralAndAdministrativeExpenses": 3241000000,
    "otherExpenses": 408000000,
    "operatingExpenses": 3502000000,
    "costAndExpenses": 6191000000,
    "interestIncome": 182000000,
    "interestExpense": 210000000,
    "depreciationAndAmortization": 334000000,
    "ebitda": 1481000000,
    "ebitdaratio": 0.1971512247,
    "operatingIncome": 1321000000,
    "operatingIncomeRatio": 0.1758519702,
    "totalOtherIncomeExpensesNet": -384000000,
    "incomeBeforeTax": 937000000,
    "incomeBeforeTaxRatio": 0.1247337593,
    "incomeTaxExpense": 3755000000,
    "netIncome": -2752000000,
    "netIncomeRatio": -0.3663471778,
    "eps": -0.65,
    "epsdiluted": -0.65,
    "weightedAverageShsOut": 4261000000,
    "weightedAverageShsOutDil": 4261000000,
    "link": "https://www.sec.gov/Archives/edgar/data/21344/000002134418000008/0000021344-18-000008-index.htm",
    "finalLink": "https://www.sec.gov/Archives/edgar/data/21344/000002134418000008/a2017123110-k.htm"
  },
  {
    "date": "2017-09-29",
    "symbol": "KO",
    "reportedCurrency": "USD",
    "cik": "0000021344",
    "fillingDate": "2017-10-26",
    "acceptedDate": "2017-10-26 15:51:08",
    "calendarYear": "2017",
    "period": "Q3",
    "revenue": 9078000000,
    "costOfRevenue": 3394000000,
    "grossProfit": 5684000000,
    "grossProfitRatio": 0.6261291033,
    "researchAndDevelopmentExpenses": 0,
    "generalAndAdministrativeExpenses": 2185000000,
    "sellingAndMarketingExpenses": 1018000000,
    "sellingGeneralAndAdministrativeExpenses": 3203000000,
    "otherExpenses": 236000000,
    "operatingExpenses": 3439000000,
    "costAndExpenses": 6833000000,
    "interestIncome": 175000000,
    "interestExpense": 208000000,
    "depreciationAndAmortization": 297000000,
    "ebitda": 2179000000,
    "ebitdaratio": 0.2400308438,
    "operatingIncome": 2245000000,
    "operatingIncomeRatio": 0.2473011677,
    "totalOtherIncomeExpensesNet": -571000000,
    "incomeBeforeTax": 1674000000,
    "incomeBeforeTaxRatio": 0.1844018506,
    "incomeTaxExpense": 230000000,
    "netIncome": 1447000000,
    "netIncomeRatio": 0.1593963428,
    "eps": 0.34,
    "epsdiluted": 0.33,
    "weightedAverageShsOut": 4266000000,
    "weightedAverageShsOutDil": 4320000000,
    "link": "https://www.sec.gov/Archives/edgar/data/21344/000002134417000032/0000021344-17-000032-index.htm",
    "finalLink": "https://www.sec.gov/Archives/edgar/data/21344/000002134417000032/a2017092910-q.htm"
  },
  {
    "date": "2017-06-30",
    "symbol": "KO",
    "reportedCurrency": "USD",
    "cik": "0000021344",
    "fillingDate": "2017-07-27",
    "acceptedDate": "2017-07-27 15:22:31",
    "calendarYear": "2017",
    "period": "Q2",
    "revenue": 9702000000,
    "costOfRevenue": 3659000000,
    "grossProfit": 6043000000,
    "grossProfitRatio": 0.6228612657,
    "researchAndDevelopmentExpenses": 0,
    "generalAndAdministrativeExpenses": 2154000000,
    "sellingAndMarketingExpenses": 985000000,
    "sellingGeneralAndAdministrativeExpenses": 3139000000,
    "otherExpenses": 867000000,
    "operatingExpenses": 4006000000,
    "costAndExpenses": 7665000000,
    "interestIncome": 165000000,
    "interestExpense": 231000000,
    "depreciationAndAmortization": 301000000,
    "ebitda": 3156000000,
    "ebitdaratio": 0.3252937539,
    "operatingIncome": 2037000000,
    "operatingIncomeRatio": 0.20995671,
    "totalOtherIncomeExpensesNet": 587000000,
    "incomeBeforeTax": 2624000000,
    "incomeBeforeTaxRatio": 0.270459699,
    "incomeTaxExpense": 1252000000,
    "netIncome": 1371000000,
    "netIncomeRatio": 0.1413110699,
    "eps": 0.32,
    "epsdiluted": 0.32,
    "weightedAverageShsOut": 4273000000,
    "weightedAverageShsOutDil": 4327000000,
    "link": "https://www.sec.gov/Archives/edgar/data/21344/000002134417000026/0000021344-17-000026-index.htm",
    "finalLink": "https://www.sec.gov/Archives/edgar/data/21344/000002134417000026/a2017063010-q.htm"
  },
  {
    "date": "2017-03-31",
    "symbol": "KO",
    "reportedCurrency": "USD",
    "cik": "0000021344",
    "fillingDate": "2017-04-27",
    "acceptedDate": "2017-04-27 16:24:07",
    "calendarYear": "2017",
    "period": "Q1",
    "revenue": 9118000000,
    "costOfRevenue": 3513000000,
    "grossProfit": 5605000000,
    "grossProfitRatio": 0.6147181399,
    "researchAndDevelopmentExpenses": 0,
    "generalAndAdministrativeExpenses": 2454000000,
    "sellingAndMarketingExpenses": 898000000,
    "sellingGeneralAndAdministrativeExpenses": 3352000000,
    "otherExpenses": 290000000,
    "operatingExpenses": 3642000000,
    "costAndExpenses": 7155000000,
    "interestIncome": 155000000,
    "interestExpense": 192000000,
    "depreciationAndAmortization": 328000000,
    "ebitda": 2027000000,
    "ebitdaratio": 0.2223075236,
    "operatingIncome": 1963000000,
    "operatingIncomeRatio": 0.2152884404,
    "totalOtherIncomeExpensesNet": -456000000,
    "incomeBeforeTax": 1507000000,
    "incomeBeforeTaxRatio": 0.1652774731,
    "incomeTaxExpense": 323000000,
    "netIncome": 1182000000,
    "netIncomeRatio": 0.1296336916,
    "eps": 0.28,
    "epsdiluted": 0.27,
    "weightedAverageShsOut": 4287000000,
    "weightedAverageShsOutDil": 4334000000,
    "link": "https://www.sec.gov/Archives/edgar/data/21344/000002134417000019/0000021344-17-000019-index.htm",
    "finalLink": "https://www.sec.gov/Archives/edgar/data/21344/000002134417000019/a2017033110-q.htm"
  },
  {
    "date": "2016-12-31",
    "symbol": "KO",
    "reportedCurrency": "USD",
    "cik": "0000021344",
    "fillingDate": "2017-02-24",
    "acceptedDate": "2017-02-24 11:34:47",
    "calendarYear": "2016",
    "period": "Q4",
    "revenue": 9409000000,
    "costOfRevenue": 3794000000,
    "grossProfit": 5615000000,
    "grossProfitRatio": 0.5967690509,
    "researchAndDevelopmentExpenses": 0,
    "generalAndAdministrativeExpenses": 2638000000,
    "sellingAndMarketingExpenses": 942000000,
    "sellingGeneralAndAdministrativeExpenses": 3580000000,
    "otherExpenses": 680000000,
    "operatingExpenses": 4260000000,
    "costAndExpenses": 8054000000,
    "interestIncome": 170000000,
    "interestExpense": 248000000,
    "depreciationAndAmortization": 464000000,
    "ebitda": 1227000000,
    "ebitdaratio": 0.1304070571,
    "operatingIncome": 1355000000,
    "operatingIncomeRatio": 0.1440110532,
    "totalOtherIncomeExpensesNet": -840000000,
    "incomeBeforeTax": 515000000,
    "incomeBeforeTaxRatio": 0.0547348284,
    "incomeTaxExpense": -32000000,
    "netIncome": 550000000,
    "netIncomeRatio": 0.0584546711,
    "eps": 0.13,
    "epsdiluted": 0.13,
    "weightedAverageShsOut": 4303000000,
    "weightedAverageShsOutDil": 4345000000,
    "link": "https://www.sec.gov/Archives/edgar/data/21344/000002134417000009/0000021344-17-000009-index.htm",
    "finalLink": "https://www.sec.gov/Archives/edgar/data/21344/000002134417000009/a2016123110-k.htm"
  },
  {
    "date": "2016-09-30",
    "symbol": "KO",
    "reportedCurrency": "USD",
    "cik": "0000021344",
    "fillingDate": "2016-10-27",
    "acceptedDate": "2016-10-27 13:19:54",
    "calendarYear": "2016",
    "period": "Q3",
    "revenue": 10633000000,
    "costOfRevenue": 4131000000,
    "grossProfit": 6502000000,
    "grossProfitRatio": 0.6114925233,
    "researchAndDevelopmentExpenses": 0,
    "generalAndAdministrativeExpenses": 2852000000,
    "sellingAndMarketingExpenses": 1157000000,
    "sellingGeneralAndAdministrativeExpenses": 4009000000,
    "otherExpenses": 222000000,
    "operatingExpenses": 4231000000,
    "costAndExpenses": 8362000000,
    "interestIncome": 164000000,
    "interestExpense": 182000000,
    "depreciationAndAmortization": 420000000,
    "ebitda": 2030000000,
    "ebitdaratio": 0.1909150757,
    "operatingIncome": 2271000000,
    "operatingIncomeRatio": 0.213580363,
    "totalOtherIncomeExpensesNet": -843000000,
    "incomeBeforeTax": 1428000000,
    "incomeBeforeTaxRatio": 0.1342988808,
    "incomeTaxExpense": 378000000,
    "netIncome": 1046000000,
    "netIncomeRatio": 0.0983729897,
    "eps": 0.24,
    "epsdiluted": 0.24,
    "weightedAverageShsOut": 4315000000,
    "weightedAverageShsOutDil": 4364000000,
    "link": "https://www.sec.gov/Archives/edgar/data/21344/000002134416000076/0000021344-16-000076-index.htm",
    "finalLink": "https://www.sec.gov/Archives/edgar/data/21344/000002134416000076/a2016093010-q.htm"
  },
  {
    "date": "2016-07-01",
    "symbol": "KO",
    "reportedCurrency": "USD",
    "cik": "0000021344",
    "fillingDate": "2016-07-28",
    "acceptedDate": "2016-07-28 14:00:16",
    "calendarYear": "2016",
    "period": "Q2",
    "revenue": 11539000000,
    "costOfRevenue": 4471000000,
    "grossProfit": 7068000000,
    "grossProfitRatio": 0.6125314152,
    "researchAndDevelopmentExpenses": 0,
    "generalAndAdministrativeExpenses": 2910000000,
    "sellingAndMarketingExpenses": 1002000000,
    "sellingGeneralAndAdministrativeExpenses": 3912000000,
    "otherExpenses": 297000000,
    "operatingExpenses": 4209000000,
    "costAndExpenses": 8680000000,
    "interestIncome": 164000000,
    "interestExpense": 162000000,
    "depreciationAndAmortization": 445000000,
    "ebitda": 4906000000,
    "ebitdaratio": 0.4251668255,
    "operatingIncome": 2859000000,
    "operatingIncomeRatio": 0.2477684375,
    "totalOtherIncomeExpensesNet": 1440000000,
    "incomeBeforeTax": 4299000000,
    "incomeBeforeTaxRatio": 0.3725626137,
    "incomeTaxExpense": 839000000,
    "netIncome": 3448000000,
    "netIncomeRatio": 0.2988127221,
    "eps": 0.8,
    "epsdiluted": 0.79,
    "weightedAverageShsOut": 4323000000,
    "weightedAverageShsOutDil": 4377000000,
    "link": "https://www.sec.gov/Archives/edgar/data/21344/000002134416000065/0000021344-16-000065-index.htm",
    "finalLink": "https://www.sec.gov/Archives/edgar/data/21344/000002134416000065/a2016070110-q.htm"
  },
  {
    "date": "2016-04-01",
    "symbol": "KO",
    "reportedCurrency": "USD",
    "cik": "0000021344",
    "fillingDate": "2016-04-28",
    "acceptedDate": "2016-04-28 14:06:42",
    "calendarYear": "2016",
    "period": "Q1",
    "revenue": 10282000000,
    "costOfRevenue": 4069000000,
    "grossProfit": 6213000000,
    "grossProfitRatio": 0.6042598716,
    "researchAndDevelopmentExpenses": 0,
    "generalAndAdministrativeExpenses": 2858000000,
    "sellingAndMarketingExpenses": 903000000,
    "sellingGeneralAndAdministrativeExpenses": 3761000000,
    "otherExpenses": 311000000,
    "operatingExpenses": 4072000000,
    "costAndExpenses": 8141000000,
    "interestIncome": 144000000,
    "interestExpense": 141000000,
    "depreciationAndAmortization": 458000000,
    "ebitda": 2493000000,
    "ebitdaratio": 0.2424625559,
    "operatingIncome": 2141000000,
    "operatingIncomeRatio": 0.2082279712,
    "totalOtherIncomeExpensesNet": -247000000,
    "incomeBeforeTax": 1894000000,
    "incomeBeforeTaxRatio": 0.1842054075,
    "incomeTaxExpense": 401000000,
    "netIncome": 1483000000,
    "netIncomeRatio": 0.1442326396,
    "eps": 0.34,
    "epsdiluted": 0.34,
    "weightedAverageShsOut": 4328000000,
    "weightedAverageShsOutDil": 4382000000,
    "link": "https://www.sec.gov/Archives/edgar/data/21344/000002134416000059/0000021344-16-000059-index.htm",
    "finalLink": "https://www.sec.gov/Archives/edgar/data/21344/000002134416000059/a2016040110-q.htm"
  },
  {
    "date": "2015-12-31",
    "symbol": "KO",
    "reportedCurrency": "USD",
    "cik": "0000021344",
    "fillingDate": "2016-02-25",
    "acceptedDate": "2016-02-25 14:48:38",
    "calendarYear": "2015",
    "period": "Q4",
    "revenue": 10000000000,
    "costOfRevenue": 4054000000,
    "grossProfit": 5946000000,
    "grossProfitRatio": 0.5946,
    "researchAndDevelopmentExpenses": 0,
    "generalAndAdministrativeExpenses": 3065000000,
    "sellingAndMarketingExpenses": 872000000,
    "sellingGeneralAndAdministrativeExpenses": 3937000000,
    "otherExpenses": 491000000,
    "operatingExpenses": 4428000000,
    "costAndExpenses": 8482000000,
    "interestIncome": 154000000,
    "interestExpense": 143000000,
    "depreciationAndAmortization": 527000000,
    "ebitda": 2208000000,
    "ebitdaratio": 0.2208,
    "operatingIncome": 1518000000,
    "operatingIncomeRatio": 0.1518,
    "totalOtherIncomeExpensesNet": 20000000,
    "incomeBeforeTax": 1538000000,
    "incomeBeforeTaxRatio": 0.1538,
    "incomeTaxExpense": 302000000,
    "netIncome": 1237000000,
    "netIncomeRatio": 0.1237,
    "eps": 0.29,
    "epsdiluted": 0.28,
    "weightedAverageShsOut": 4336000000,
    "weightedAverageShsOutDil": 4390000000,
    "link": "https://www.sec.gov/Archives/edgar/data/21344/000002134416000050/0000021344-16-000050-index.htm",
    "finalLink": "https://www.sec.gov/Archives/edgar/data/21344/000002134416000050/a2015123110-k.htm"
  },
  {
    "date": "2015-10-02",
    "symbol": "KO",
    "reportedCurrency": "USD",
    "cik": "0000021344",
    "fillingDate": "2015-10-28",
    "acceptedDate": "2015-10-28 12:44:23",
    "calendarYear": "2015",
    "period": "Q3",
    "revenue": 11427000000,
    "costOfRevenue": 4577000000,
    "grossProfit": 6850000000,
    "grossProfitRatio": 0.5994574254,
    "researchAndDevelopmentExpenses": 0,
    "generalAndAdministrativeExpenses": 3110000000,
    "sellingAndMarketingExpenses": 1097000000,
    "sellingGeneralAndAdministrativeExpenses": 4207000000,
    "otherExpenses": 264000000,
    "operatingExpenses": 4471000000,
    "costAndExpenses": 9048000000,
    "interestIncome": 155000000,
    "interestExpense": 138000000,
    "depreciationAndAmortization": 482000000,
    "ebitda": 2345000000,
    "ebitdaratio": 0.2052157172,
    "operatingIncome": 2379000000,
    "operatingIncomeRatio": 0.2081911263,
    "totalOtherIncomeExpensesNet": -654000000,
    "incomeBeforeTax": 1725000000,
    "incomeBeforeTaxRatio": 0.1509582568,
    "incomeTaxExpense": 272000000,
    "netIncome": 1449000000,
    "netIncomeRatio": 0.1268049357,
    "eps": 0.33,
    "epsdiluted": 0.33,
    "weightedAverageShsOut": 4349000000,
    "weightedAverageShsOutDil": 4399000000,
    "link": "https://www.sec.gov/Archives/edgar/data/21344/000002134415000041/0000021344-15-000041-index.htm",
    "finalLink": "https://www.sec.gov/Archives/edgar/data/21344/000002134415000041/a2015100210-q.htm"
  },
  {
    "date": "2015-07-03",
    "symbol": "KO",
    "reportedCurrency": "USD",
    "cik": "0000021344",
    "fillingDate": "2015-07-29",
    "acceptedDate": "2015-07-29 14:59:07",
    "calendarYear": "2015",
    "period": "Q2",
    "revenue": 12156000000,
    "costOfRevenue": 4748000000,
    "grossProfit": 7408000000,
    "grossProfitRatio": 0.6094109905,
    "researchAndDevelopmentExpenses": 0,
    "generalAndAdministrativeExpenses": 3104000000,
    "sellingAndMarketingExpenses": 1100000000,
    "sellingGeneralAndAdministrativeExpenses": 4204000000,
    "otherExpenses": 669000000,
    "operatingExpenses": 4873000000,
    "costAndExpenses": 9621000000,
    "interestIncome": 149000000,
    "interestExpense": 128000000,
    "depreciationAndAmortization": 488000000,
    "ebitda": 4977000000,
    "ebitdaratio": 0.4094274432,
    "operatingIncome": 2535000000,
    "operatingIncomeRatio": 0.2085389931,
    "totalOtherIncomeExpensesNet": 1826000000,
    "incomeBeforeTax": 4361000000,
    "incomeBeforeTaxRatio": 0.3587528792,
    "incomeTaxExpense": 1250000000,
    "netIncome": 3108000000,
    "netIncomeRatio": 0.2556762093,
    "eps": 0.71,
    "epsdiluted": 0.71,
    "weightedAverageShsOut": 4355000000,
    "weightedAverageShsOutDil": 4408000000,
    "link": "https://www.sec.gov/Archives/edgar/data/21344/000002134415000031/0000021344-15-000031-index.htm",
    "finalLink": "https://www.sec.gov/Archives/edgar/data/21344/000002134415000031/a2015070310-q.htm"
  },
  {
    "date": "2015-04-03",
    "symbol": "KO",
    "reportedCurrency": "USD",
    "cik": "0000021344",
    "fillingDate": "2015-04-30",
    "acceptedDate": "2015-04-30 15:10:02",
    "calendarYear": "2015",
    "period": "Q1",
    "revenue": 10711000000,
    "costOfRevenue": 4103000000,
    "grossProfit": 6608000000,
    "grossProfitRatio": 0.6169358603,
    "researchAndDevelopmentExpenses": 0,
    "generalAndAdministrativeExpenses": 3172000000,
    "sellingAndMarketingExpenses": 907000000,
    "sellingGeneralAndAdministrativeExpenses": 4079000000,
    "otherExpenses": 233000000,
    "operatingExpenses": 4312000000,
    "costAndExpenses": 8415000000,
    "interestIncome": 155000000,
    "interestExpense": 447000000,
    "depreciationAndAmortization": 473000000,
    "ebitda": 2901000000,
    "ebitdaratio": 0.2708430585,
    "operatingIncome": 2296000000,
    "operatingIncomeRatio": 0.2143590701,
    "totalOtherIncomeExpensesNet": -315000000,
    "incomeBeforeTax": 1981000000,
    "incomeBeforeTaxRatio": 0.1849500513,
    "incomeTaxExpense": 415000000,
    "netIncome": 1557000000,
    "netIncomeRatio": 0.1453645785,
    "eps": 0.36,
    "epsdiluted": 0.35,
    "weightedAverageShsOut": 4365000000,
    "weightedAverageShsOutDil": 4422000000,
    "link": "https://www.sec.gov/Archives/edgar/data/21344/000002134415000011/0000021344-15-000011-index.htm",
    "finalLink": "https://www.sec.gov/Archives/edgar/data/21344/000002134415000011/a2015040310-q.htm"
  },
  {
    "date": "2014-12-31",
    "symbol": "KO",
    "reportedCurrency": "USD",
    "cik": "0000021344",
    "fillingDate": "2015-02-25",
    "acceptedDate": "2015-02-25 15:11:06",
    "calendarYear": "2014",
    "period": "Q4",
    "revenue": 10872000000,
    "costOfRevenue": 4357000000,
    "grossProfit": 6515000000,
    "grossProfitRatio": 0.5992457689,
    "researchAndDevelopmentExpenses": 0,
    "generalAndAdministrativeExpenses": 3523000000,
    "sellingAndMarketingExpenses": 815000000,
    "sellingGeneralAndAdministrativeExpenses": 4338000000,
    "otherExpenses": 726000000,
    "operatingExpenses": 5064000000,
    "costAndExpenses": 9421000000,
    "interestIncome": 158000000,
    "interestExpense": 139000000,
    "depreciationAndAmortization": 499000000,
    "ebitda": 1714000000,
    "ebitdaratio": 0.1576526858,
    "operatingIncome": 1451000000,
    "operatingIncomeRatio": 0.1334621045,
    "totalOtherIncomeExpensesNet": -375000000,
    "incomeBeforeTax": 1076000000,
    "incomeBeforeTaxRatio": 0.0989698308,
    "incomeTaxExpense": 305000000,
    "netIncome": 770000000,
    "netIncomeRatio": 0.0708241354,
    "eps": 0.18,
    "epsdiluted": 0.17,
    "weightedAverageShsOut": 4375000000,
    "weightedAverageShsOutDil": 4437000000,
    "link": "https://www.sec.gov/Archives/edgar/data/21344/000002134415000005/0000021344-15-000005-index.htm",
    "finalLink": "https://www.sec.gov/Archives/edgar/data/21344/000002134415000005/a2014123110-k.htm"
  },
  {
    "date": "2014-09-26",
    "symbol": "KO",
    "reportedCurrency": "USD",
    "cik": "0000021344",
    "fillingDate": "2014-10-29",
    "acceptedDate": "2014-10-29 14:07:49",
    "calendarYear": "2014",
    "period": "Q3",
    "revenue": 11976000000,
    "costOfRevenue": 4630000000,
    "grossProfit": 7346000000,
    "grossProfitRatio": 0.6133934536,
    "researchAndDevelopmentExpenses": 0,
    "generalAndAdministrativeExpenses": 3456000000,
    "sellingAndMarketingExpenses": 1051000000,
    "sellingGeneralAndAdministrativeExpenses": 4507000000,
    "otherExpenses": 128000000,
    "operatingExpenses": 4635000000,
    "costAndExpenses": 9265000000,
    "interestIncome": 169000000,
    "interestExpense": 113000000,
    "depreciationAndAmortization": 510000000,
    "ebitda": 3283000000,
    "ebitdaratio": 0.2741315965,
    "operatingIncome": 2711000000,
    "operatingIncomeRatio": 0.2263694055,
    "totalOtherIncomeExpensesNet": -51000000,
    "incomeBeforeTax": 2660000000,
    "incomeBeforeTaxRatio": 0.2221108884,
    "incomeTaxExpense": 538000000,
    "netIncome": 2114000000,
    "netIncomeRatio": 0.1765197061,
    "eps": 0.48,
    "epsdiluted": 0.48,
    "weightedAverageShsOut": 4383000000,
    "weightedAverageShsOutDil": 4445000000,
    "link": "https://www.sec.gov/Archives/edgar/data/21344/000002134414000036/0000021344-14-000036-index.htm",
    "finalLink": "https://www.sec.gov/Archives/edgar/data/21344/000002134414000036/a2014092610-q.htm"
  },
  {
    "date": "2014-06-27",
    "symbol": "KO",
    "reportedCurrency": "USD",
    "cik": "0000021344",
    "fillingDate": "2014-07-30",
    "acceptedDate": "2014-07-30 15:44:58",
    "calendarYear": "2014",
    "period": "Q2",
    "revenue": 12574000000,
    "costOfRevenue": 4819000000,
    "grossProfit": 7755000000,
    "grossProfitRatio": 0.6167488468,
    "researchAndDevelopmentExpenses": 0,
    "generalAndAdministrativeExpenses": 3458000000,
    "sellingAndMarketingExpenses": 926000000,
    "sellingGeneralAndAdministrativeExpenses": 4384000000,
    "otherExpenses": 201000000,
    "operatingExpenses": 4585000000,
    "costAndExpenses": 9404000000,
    "interestIncome": 144000000,
    "interestExpense": 107000000,
    "depreciationAndAmortization": 494000000,
    "ebitda": 3985000000,
    "ebitdaratio": 0.316923811,
    "operatingIncome": 3170000000,
    "operatingIncomeRatio": 0.2521075235,
    "totalOtherIncomeExpensesNet": 214000000,
    "incomeBeforeTax": 3384000000,
    "incomeBeforeTaxRatio": 0.2691267695,
    "incomeTaxExpense": 779000000,
    "netIncome": 2595000000,
    "netIncomeRatio": 0.2063782408,
    "eps": 0.59,
    "epsdiluted": 0.58,
    "weightedAverageShsOut": 4391000000,
    "weightedAverageShsOutDil": 4454000000,
    "link": "https://www.sec.gov/Archives/edgar/data/21344/000002134414000029/0000021344-14-000029-index.htm",
    "finalLink": "https://www.sec.gov/Archives/edgar/data/21344/000002134414000029/a2014062710-q.htm"
  },
  {
    "date": "2014-03-28",
    "symbol": "KO",
    "reportedCurrency": "USD",
    "cik": "0000021344",
    "fillingDate": "2014-04-24",
    "acceptedDate": "2014-04-24 14:23:46",
    "calendarYear": "2014",
    "period": "Q1",
    "revenue": 10576000000,
    "costOfRevenue": 4083000000,
    "grossProfit": 6493000000,
    "grossProfitRatio": 0.6139372163,
    "researchAndDevelopmentExpenses": 0,
    "generalAndAdministrativeExpenses": 39000000,
    "sellingAndMarketingExpenses": 2236000000,
    "sellingGeneralAndAdministrativeExpenses": 2275000000,
    "otherExpenses": 1842000000,
    "operatingExpenses": 4117000000,
    "costAndExpenses": 8200000000,
    "interestIncome": 123000000,
    "interestExpense": 124000000,
    "depreciationAndAmortization": 473000000,
    "ebitda": 2802000000,
    "ebitdaratio": 0.2649394856,
    "operatingIncome": 2376000000,
    "operatingIncomeRatio": 0.2246596067,
    "totalOtherIncomeExpensesNet": -171000000,
    "incomeBeforeTax": 2205000000,
    "incomeBeforeTaxRatio": 0.2084909228,
    "incomeTaxExpense": 579000000,
    "netIncome": 1619000000,
    "netIncomeRatio": 0.1530824508,
    "eps": 0.37,
    "epsdiluted": 0.36,
    "weightedAverageShsOut": 4401000000,
    "weightedAverageShsOutDil": 4464000000,
    "link": "https://www.sec.gov/Archives/edgar/data/21344/000002134414000016/0000021344-14-000016-index.htm",
    "finalLink": "https://www.sec.gov/Archives/edgar/data/21344/000002134414000016/a2014032810-q.htm"
  },
  {
    "date": "2013-12-31",
    "symbol": "KO",
    "reportedCurrency": "USD",
    "cik": "0000021344",
    "fillingDate": "2014-02-27",
    "acceptedDate": "2014-02-27 13:24:23",
    "calendarYear": "2013",
    "period": "Q4",
    "revenue": 11040000000,
    "costOfRevenue": 4315000000,
    "grossProfit": 6725000000,
    "grossProfitRatio": 0.6091485507,
    "researchAndDevelopmentExpenses": 0,
    "generalAndAdministrativeExpenses": 72000000,
    "sellingAndMarketingExpenses": 2721000000,
    "sellingGeneralAndAdministrativeExpenses": 2793000000,
    "otherExpenses": 1827000000,
    "operatingExpenses": 4620000000,
    "costAndExpenses": 8935000000,
    "interestIncome": 153000000,
    "interestExpense": 149000000,
    "depreciationAndAmortization": 533000000,
    "ebitda": 2910000000,
    "ebitdaratio": 0.2635869565,
    "operatingIncome": 2105000000,
    "operatingIncomeRatio": 0.1906702899,
    "totalOtherIncomeExpensesNet": 123000000,
    "incomeBeforeTax": 2228000000,
    "incomeBeforeTaxRatio": 0.2018115942,
    "incomeTaxExpense": 520000000,
    "netIncome": 1710000000,
    "netIncomeRatio": 0.1548913043,
    "eps": 0.39,
    "epsdiluted": 0.38,
    "weightedAverageShsOut": 4410000000,
    "weightedAverageShsOutDil": 4482000000,
    "link": "https://www.sec.gov/Archives/edgar/data/21344/000002134414000008/0000021344-14-000008-index.htm",
    "finalLink": "https://www.sec.gov/Archives/edgar/data/21344/000002134414000008/a2013123110-k.htm"
  },
  {
    "date": "2013-09-27",
    "symbol": "KO",
    "reportedCurrency": "USD",
    "cik": "0000021344",
    "fillingDate": "2013-10-24",
    "acceptedDate": "2013-10-24 12:10:47",
    "calendarYear": "2013",
    "period": "Q3",
    "revenue": 12030000000,
    "costOfRevenue": 4793000000,
    "grossProfit": 7237000000,
    "grossProfitRatio": 0.6015793849,
    "researchAndDevelopmentExpenses": 0,
    "generalAndAdministrativeExpenses": 63000000,
    "sellingAndMarketingExpenses": 3069000000,
    "sellingGeneralAndAdministrativeExpenses": 3132000000,
    "otherExpenses": 1633000000,
    "operatingExpenses": 4765000000,
    "costAndExpenses": 9558000000,
    "interestIncome": 136000000,
    "interestExpense": 90000000,
    "depreciationAndAmortization": 497000000,
    "ebitda": 3967000000,
    "ebitdaratio": 0.329758936,
    "operatingIncome": 2472000000,
    "operatingIncomeRatio": 0.2054862843,
    "totalOtherIncomeExpensesNet": 908000000,
    "incomeBeforeTax": 3380000000,
    "incomeBeforeTaxRatio": 0.280964256,
    "incomeTaxExpense": 925000000,
    "netIncome": 2447000000,
    "netIncomeRatio": 0.2034081463,
    "eps": 0.55,
    "epsdiluted": 0.54,
    "weightedAverageShsOut": 4426000000,
    "weightedAverageShsOutDil": 4498000000,
    "link": "https://www.sec.gov/Archives/edgar/data/21344/000002134413000050/0000021344-13-000050-index.htm",
    "finalLink": "https://www.sec.gov/Archives/edgar/data/21344/000002134413000050/a2013092710q.htm"
  },
  {
    "date": "2013-06-28",
    "symbol": "KO",
    "reportedCurrency": "USD",
    "cik": "0000021344",
    "fillingDate": "2013-07-25",
    "acceptedDate": "2013-07-25 12:31:33",
    "calendarYear": "2013",
    "period": "Q2",
    "revenue": 12749000000,
    "costOfRevenue": 4989000000,
    "grossProfit": 7760000000,
    "grossProfitRatio": 0.6086751902,
    "researchAndDevelopmentExpenses": 0,
    "generalAndAdministrativeExpenses": 45000000,
    "sellingAndMarketingExpenses": 3044000000,
    "sellingGeneralAndAdministrativeExpenses": 3089000000,
    "otherExpenses": 1428000000,
    "operatingExpenses": 4517000000,
    "costAndExpenses": 9506000000,
    "interestIncome": 129000000,
    "interestExpense": 122000000,
    "depreciationAndAmortization": 474000000,
    "ebitda": 4121000000,
    "ebitdaratio": 0.3232410385,
    "operatingIncome": 3243000000,
    "operatingIncomeRatio": 0.254372892,
    "totalOtherIncomeExpensesNet": 282000000,
    "incomeBeforeTax": 3525000000,
    "incomeBeforeTaxRatio": 0.2764922739,
    "incomeTaxExpense": 831000000,
    "netIncome": 2676000000,
    "netIncomeRatio": 0.2098988156,
    "eps": 0.6,
    "epsdiluted": 0.59,
    "weightedAverageShsOut": 4446000000,
    "weightedAverageShsOutDil": 4527000000,
    "link": "https://www.sec.gov/Archives/edgar/data/21344/000002134413000039/0000021344-13-000039-index.htm",
    "finalLink": "https://www.sec.gov/Archives/edgar/data/21344/000002134413000039/a2013062810q.htm"
  },
  {
    "date": "2013-03-29",
    "symbol": "KO",
    "reportedCurrency": "USD",
    "cik": "0000021344",
    "fillingDate": "2013-04-25",
    "acceptedDate": "2013-04-25 11:57:25",
    "calendarYear": "2013",
    "period": "Q1",
    "revenue": 11035000000,
    "costOfRevenue": 4324000000,
    "grossProfit": 6711000000,
    "grossProfitRatio": 0.6081558677,
    "researchAndDevelopmentExpenses": 0,
    "generalAndAdministrativeExpenses": 47000000,
    "sellingAndMarketingExpenses": 2942000000,
    "sellingGeneralAndAdministrativeExpenses": 2989000000,
    "otherExpenses": 1314000000,
    "operatingExpenses": 4303000000,
    "costAndExpenses": 8627000000,
    "interestIncome": 116000000,
    "interestExpense": 102000000,
    "depreciationAndAmortization": 473000000,
    "ebitda": 2919000000,
    "ebitdaratio": 0.2645219755,
    "operatingIncome": 2408000000,
    "operatingIncomeRatio": 0.2182147712,
    "totalOtherIncomeExpensesNet": -64000000,
    "incomeBeforeTax": 2344000000,
    "incomeBeforeTaxRatio": 0.212415043,
    "incomeTaxExpense": 575000000,
    "netIncome": 1751000000,
    "netIncomeRatio": 0.158676937,
    "eps": 0.39,
    "epsdiluted": 0.39,
    "weightedAverageShsOut": 4455000000,
    "weightedAverageShsOutDil": 4530000000,
    "link": "https://www.sec.gov/Archives/edgar/data/21344/000002134413000017/0000021344-13-000017-index.htm",
    "finalLink": "https://www.sec.gov/Archives/edgar/data/21344/000002134413000017/a2013032910q.htm"
  },
  {
    "date": "2012-12-31",
    "symbol": "KO",
    "reportedCurrency": "USD",
    "cik": "0000021344",
    "fillingDate": "2013-02-27",
    "acceptedDate": "2013-02-27 12:22:03",
    "calendarYear": "2012",
    "period": "Q4",
    "revenue": 11455000000,
    "costOfRevenue": 4628000000,
    "grossProfit": 6827000000,
    "grossProfitRatio": 0.5959842863,
    "researchAndDevelopmentExpenses": 0,
    "generalAndAdministrativeExpenses": 0,
    "sellingAndMarketingExpenses": 0,
    "sellingGeneralAndAdministrativeExpenses": -802000000,
    "otherExpenses": 5446000000,
    "operatingExpenses": 4644000000,
    "costAndExpenses": 9272000000,
    "interestIncome": 126000000,
    "interestExpense": 95000000,
    "depreciationAndAmortization": 513000000,
    "ebitda": 2985000000,
    "ebitdaratio": 0.2605848974,
    "operatingIncome": 2183000000,
    "operatingIncomeRatio": 0.1905718027,
    "totalOtherIncomeExpensesNet": 194000000,
    "incomeBeforeTax": 2377000000,
    "incomeBeforeTaxRatio": 0.2075076386,
    "incomeTaxExpense": 487000000,
    "netIncome": 1866000000,
    "netIncomeRatio": 0.1628982977,
    "eps": 0.42,
    "epsdiluted": 0.41,
    "weightedAverageShsOut": 4479000000,
    "weightedAverageShsOutDil": 4557000000,
    "link": "https://www.sec.gov/Archives/edgar/data/21344/000002134413000007/0000021344-13-000007-index.htm",
    "finalLink": "https://www.sec.gov/Archives/edgar/data/21344/000002134413000007/a2012123110-k.htm"
  },
  {
    "date": "2012-09-28",
    "symbol": "KO",
    "reportedCurrency": "USD",
    "cik": "0000021344",
    "fillingDate": "2012-10-25",
    "acceptedDate": "2012-10-25 14:33:15",
    "calendarYear": "2012",
    "period": "Q3",
    "revenue": 12340000000,
    "costOfRevenue": 4853000000,
    "grossProfit": 7487000000,
    "grossProfitRatio": 0.606726094,
    "researchAndDevelopmentExpenses": 0,
    "generalAndAdministrativeExpenses": 88000000,
    "sellingAndMarketingExpenses": 3274000000,
    "sellingGeneralAndAdministrativeExpenses": 3362000000,
    "otherExpenses": 1332000000,
    "operatingExpenses": 4694000000,
    "costAndExpenses": 9547000000,
    "interestIncome": 118000000,
    "interestExpense": 102000000,
    "depreciationAndAmortization": 514000000,
    "ebitda": 3700000000,
    "ebitdaratio": 0.2998379254,
    "operatingIncome": 2793000000,
    "operatingIncomeRatio": 0.2263371151,
    "totalOtherIncomeExpensesNet": 291000000,
    "incomeBeforeTax": 3084000000,
    "incomeBeforeTaxRatio": 0.2499189627,
    "incomeTaxExpense": 755000000,
    "netIncome": 2311000000,
    "netIncomeRatio": 0.1872771475,
    "eps": 0.51,
    "epsdiluted": 0.5,
    "weightedAverageShsOut": 4502000000,
    "weightedAverageShsOutDil": 4587000000,
    "link": "https://www.sec.gov/Archives/edgar/data/21344/000002134412000051/0000021344-12-000051-index.htm",
    "finalLink": "https://www.sec.gov/Archives/edgar/data/21344/000002134412000051/a2012092810q.htm"
  },
  {
    "date": "2012-06-29",
    "symbol": "KO",
    "reportedCurrency": "USD",
    "cik": "0000021344",
    "fillingDate": "2012-07-26",
    "acceptedDate": "2012-07-26 11:25:42",
    "calendarYear": "2012",
    "period": "Q2",
    "revenue": 13085000000,
    "costOfRevenue": 5224000000,
    "grossProfit": 7861000000,
    "grossProfitRatio": 0.6007642339,
    "researchAndDevelopmentExpenses": 0,
    "generalAndAdministrativeExpenses": 89000000,
    "sellingAndMarketingExpenses": 3061000000,
    "sellingGeneralAndAdministrativeExpenses": 3150000000,
    "otherExpenses": 1417000000,
    "operatingExpenses": 4567000000,
    "costAndExpenses": 9791000000,
    "interestIncome": 112000000,
    "interestExpense": 112000000,
    "depreciationAndAmortization": 508000000,
    "ebitda": 4243000000,
    "ebitdaratio": 0.3242644249,
    "operatingIncome": 3294000000,
    "operatingIncomeRatio": 0.251738632,
    "totalOtherIncomeExpensesNet": 329000000,
    "incomeBeforeTax": 3623000000,
    "incomeBeforeTaxRatio": 0.2768819259,
    "incomeTaxExpense": 823000000,
    "netIncome": 2788000000,
    "netIncomeRatio": 0.2130683989,
    "eps": 0.62,
    "epsdiluted": 0.61,
    "weightedAverageShsOut": 4510000000,
    "weightedAverageShsOutDil": 4592000000,
    "link": "https://www.sec.gov/Archives/edgar/data/21344/000002134412000037/0000021344-12-000037-index.htm",
    "finalLink": "https://www.sec.gov/Archives/edgar/data/21344/000002134412000037/a2012062910q.htm"
  },
  {
    "date": "2012-03-30",
    "symbol": "KO",
    "reportedCurrency": "USD",
    "cik": "0000021344",
    "fillingDate": "2012-04-26",
    "acceptedDate": "2012-04-26 12:35:00",
    "calendarYear": "2012",
    "period": "Q1",
    "revenue": 11137000000,
    "costOfRevenue": 4348000000,
    "grossProfit": 6789000000,
    "grossProfitRatio": 0.6095896561,
    "researchAndDevelopmentExpenses": 0,
    "generalAndAdministrativeExpenses": 77000000,
    "sellingAndMarketingExpenses": 2937000000,
    "sellingGeneralAndAdministrativeExpenses": 3014000000,
    "otherExpenses": 1266000000,
    "operatingExpenses": 4280000000,
    "costAndExpenses": 8628000000,
    "interestIncome": 115000000,
    "interestExpense": 88000000,
    "depreciationAndAmortization": 447000000,
    "ebitda": 3260000000,
    "ebitdaratio": 0.2927179671,
    "operatingIncome": 2509000000,
    "operatingIncomeRatio": 0.2252850858,
    "totalOtherIncomeExpensesNet": 216000000,
    "incomeBeforeTax": 2725000000,
    "incomeBeforeTaxRatio": 0.2446798958,
    "incomeTaxExpense": 658000000,
    "netIncome": 2054000000,
    "netIncomeRatio": 0.1844302775,
    "eps": 0.46,
    "epsdiluted": 0.45,
    "weightedAverageShsOut": 4526000000,
    "weightedAverageShsOutDil": 4602000000,
    "link": "https://www.sec.gov/Archives/edgar/data/21344/000002134412000023/0000021344-12-000023-index.htm",
    "finalLink": "https://www.sec.gov/Archives/edgar/data/21344/000002134412000023/a2012033010q.htm"
  },
  {
    "date": "2011-12-31",
    "symbol": "KO",
    "reportedCurrency": "USD",
    "cik": "0000021344",
    "fillingDate": "2012-02-23",
    "acceptedDate": "2012-02-23 14:07:28",
    "calendarYear": "2011",
    "period": "Q4",
    "revenue": 11040000000,
    "costOfRevenue": 4403000000,
    "grossProfit": 6637000000,
    "grossProfitRatio": 0.6011775362,
    "researchAndDevelopmentExpenses": 0,
    "generalAndAdministrativeExpenses": 0,
    "sellingAndMarketingExpenses": 0,
    "sellingGeneralAndAdministrativeExpenses": 4411000000,
    "otherExpenses": 275000000,
    "operatingExpenses": 4686000000,
    "costAndExpenses": 9089000000,
    "interestIncome": 127000000,
    "interestExpense": 104000000,
    "depreciationAndAmortization": 531000000,
    "ebitda": 2846000000,
    "ebitdaratio": 0.2577898551,
    "operatingIncome": 1951000000,
    "operatingIncomeRatio": 0.1767210145,
    "totalOtherIncomeExpensesNet": 260000000,
    "incomeBeforeTax": 2211000000,
    "incomeBeforeTaxRatio": 0.2002717391,
    "incomeTaxExpense": 537000000,
    "netIncome": 1654000000,
    "netIncomeRatio": 0.1498188406,
    "eps": 0.36,
    "epsdiluted": 0.36,
    "weightedAverageShsOut": 4535000000,
    "weightedAverageShsOutDil": 4602000000,
    "link": "https://www.sec.gov/Archives/edgar/data/21344/000002134412000007/0000021344-12-000007-index.htm",
    "finalLink": "https://www.sec.gov/Archives/edgar/data/21344/000002134412000007/a2011123110-k.htm"
  },
  {
    "date": "2011-09-30",
    "symbol": "KO",
    "reportedCurrency": "USD",
    "cik": "0000021344",
    "fillingDate": "2011-10-27",
    "acceptedDate": "2011-10-27 12:01:11",
    "calendarYear": "2011",
    "period": "Q3",
    "revenue": 12248000000,
    "costOfRevenue": 4875000000,
    "grossProfit": 7373000000,
    "grossProfitRatio": 0.6019758328,
    "researchAndDevelopmentExpenses": 0,
    "generalAndAdministrativeExpenses": 0,
    "sellingAndMarketingExpenses": 0,
    "sellingGeneralAndAdministrativeExpenses": 4523000000,
    "otherExpenses": 96000000,
    "operatingExpenses": 4619000000,
    "costAndExpenses": 9494000000,
    "interestIncome": 141000000,
    "interestExpense": 116000000,
    "depreciationAndAmortization": 466000000,
    "ebitda": 3509000000,
    "ebitdaratio": 0.2864957544,
    "operatingIncome": 2754000000,
    "operatingIncomeRatio": 0.2248530372,
    "totalOtherIncomeExpensesNet": 173000000,
    "incomeBeforeTax": 2927000000,
    "incomeBeforeTaxRatio": 0.2389777923,
    "incomeTaxExpense": 681000000,
    "netIncome": 2224000000,
    "netIncomeRatio": 0.1815806662,
    "eps": 0.49,
    "epsdiluted": 0.48,
    "weightedAverageShsOut": 4572000000,
    "weightedAverageShsOutDil": 4652000000,
    "link": "https://www.sec.gov/Archives/edgar/data/21344/000002134411000011/0000021344-11-000011-index.htm",
    "finalLink": "https://www.sec.gov/Archives/edgar/data/21344/000002134411000011/a2011930-10q.htm"
  },
  {
    "date": "2011-07-01",
    "symbol": "KO",
    "reportedCurrency": "USD",
    "cik": "0000021344",
    "fillingDate": "2011-08-01",
    "acceptedDate": "2011-08-01 12:10:23",
    "calendarYear": "2011",
    "period": "Q2",
    "revenue": 12737000000,
    "costOfRevenue": 4989000000,
    "grossProfit": 7748000000,
    "grossProfitRatio": 0.6083065086,
    "researchAndDevelopmentExpenses": 0,
    "generalAndAdministrativeExpenses": 0,
    "sellingAndMarketingExpenses": 0,
    "sellingGeneralAndAdministrativeExpenses": 4417000000,
    "otherExpenses": 152000000,
    "operatingExpenses": 4569000000,
    "costAndExpenses": 9558000000,
    "interestIncome": 121000000,
    "interestExpense": 84000000,
    "depreciationAndAmortization": 471000000,
    "ebitda": 4354000000,
    "ebitdaratio": 0.3418387375,
    "operatingIncome": 3179000000,
    "operatingIncomeRatio": 0.249587815,
    "totalOtherIncomeExpensesNet": 620000000,
    "incomeBeforeTax": 3799000000,
    "incomeBeforeTaxRatio": 0.2982648975,
    "incomeTaxExpense": 992000000,
    "netIncome": 2800000000,
    "netIncomeRatio": 0.2198319856,
    "eps": 0.61,
    "epsdiluted": 0.6,
    "weightedAverageShsOut": 4580000000,
    "weightedAverageShsOutDil": 4660000000,
    "link": "https://www.sec.gov/Archives/edgar/data/21344/000104746911006790/0001047469-11-006790-index.htm",
    "finalLink": "https://www.sec.gov/Archives/edgar/data/21344/000104746911006790/a2204930z10-q.htm"
  },
  {
    "date": "2011-04-01",
    "symbol": "KO",
    "reportedCurrency": "USD",
    "cik": "0000021344",
    "fillingDate": "2011-05-02",
    "acceptedDate": "2011-05-02 11:51:10",
    "calendarYear": "2011",
    "period": "Q1",
    "revenue": 10517000000,
    "costOfRevenue": 3948000000,
    "grossProfit": 6569000000,
    "grossProfitRatio": 0.6246077779,
    "researchAndDevelopmentExpenses": 0,
    "generalAndAdministrativeExpenses": 1241000000,
    "sellingAndMarketingExpenses": 2835000000,
    "sellingGeneralAndAdministrativeExpenses": 4076000000,
    "otherExpenses": 209000000,
    "operatingExpenses": 4285000000,
    "costAndExpenses": 8233000000,
    "interestIncome": 94000000,
    "interestExpense": 113000000,
    "depreciationAndAmortization": 486000000,
    "ebitda": 3115000000,
    "ebitdaratio": 0.2961871256,
    "operatingIncome": 2284000000,
    "operatingIncomeRatio": 0.2171721974,
    "totalOtherIncomeExpensesNet": 232000000,
    "incomeBeforeTax": 2516000000,
    "incomeBeforeTaxRatio": 0.2392317201,
    "incomeTaxExpense": 600000000,
    "netIncome": 1903000000,
    "netIncomeRatio": 0.1809451364,
    "eps": 0.42,
    "epsdiluted": 0.41,
    "weightedAverageShsOut": 4584000000,
    "weightedAverageShsOutDil": 4662000000,
    "link": "https://www.sec.gov/Archives/edgar/data/21344/000104746911004348/0001047469-11-004348-index.htm",
    "finalLink": "https://www.sec.gov/Archives/edgar/data/21344/000104746911004348/a2203597z10-q.htm"
  },
  {
    "date": "2010-12-31",
    "symbol": "KO",
    "reportedCurrency": "USD",
    "cik": "0000021344",
    "fillingDate": "2011-02-28",
    "acceptedDate": "2011-02-28 11:29:34",
    "calendarYear": "2010",
    "period": "Q4",
    "revenue": 10494000000,
    "costOfRevenue": 4279000000,
    "grossProfit": 6215000000,
    "grossProfitRatio": 0.5922431866,
    "researchAndDevelopmentExpenses": 0,
    "generalAndAdministrativeExpenses": 0,
    "sellingAndMarketingExpenses": 0,
    "sellingGeneralAndAdministrativeExpenses": 4511000000,
    "otherExpenses": 545000000,
    "operatingExpenses": 5056000000,
    "costAndExpenses": 9335000000,
    "interestIncome": 97000000,
    "interestExpense": 487000000,
    "depreciationAndAmortization": 509000000,
    "ebitda": 7237000000,
    "ebitdaratio": 0.6896321708,
    "operatingIncome": 1159000000,
    "operatingIncomeRatio": 0.1104440633,
    "totalOtherIncomeExpensesNet": 5082000000,
    "incomeBeforeTax": 6241000000,
    "incomeBeforeTaxRatio": 0.5947207928,
    "incomeTaxExpense": 457000000,
    "netIncome": 5771000000,
    "netIncomeRatio": 0.5499332952,
    "eps": 1.24,
    "epsdiluted": 1.24,
    "weightedAverageShsOut": 4622000000,
    "weightedAverageShsOutDil": 4672000000,
    "link": "https://www.sec.gov/Archives/edgar/data/21344/000104746911001506/0001047469-11-001506-index.htm",
    "finalLink": "https://www.sec.gov/Archives/edgar/data/21344/000104746911001506/a2202147z10-k.htm"
  },
  {
    "date": "2010-10-01",
    "symbol": "KO",
    "reportedCurrency": "USD",
    "cik": "0000021344",
    "fillingDate": "2010-10-29",
    "acceptedDate": "2010-10-29 11:03:33",
    "calendarYear": "2010",
    "period": "Q3",
    "revenue": 8426000000,
    "costOfRevenue": 2918000000,
    "grossProfit": 5508000000,
    "grossProfitRatio": 0.6536909566,
    "researchAndDevelopmentExpenses": 0,
    "generalAndAdministrativeExpenses": 0,
    "sellingAndMarketingExpenses": 0,
    "sellingGeneralAndAdministrativeExpenses": 3064000000,
    "otherExpenses": 100000000,
    "operatingExpenses": 3164000000,
    "costAndExpenses": 6082000000,
    "interestIncome": 93000000,
    "interestExpense": 80000000,
    "depreciationAndAmortization": 323000000,
    "ebitda": 3103000000,
    "ebitdaratio": 0.3682648944,
    "operatingIncome": 2344000000,
    "operatingIncomeRatio": 0.2781865654,
    "totalOtherIncomeExpensesNet": 356000000,
    "incomeBeforeTax": 2700000000,
    "incomeBeforeTaxRatio": 0.3204367434,
    "incomeTaxExpense": 633000000,
    "netIncome": 2055000000,
    "netIncomeRatio": 0.2438879658,
    "eps": 0.45,
    "epsdiluted": 0.44,
    "weightedAverageShsOut": 4620000000,
    "weightedAverageShsOutDil": 4672000000,
    "link": "https://www.sec.gov/Archives/edgar/data/21344/000104746910008993/0001047469-10-008993-index.htm",
    "finalLink": "https://www.sec.gov/Archives/edgar/data/21344/000104746910008993/a2200602z10-q.htm"
  },
  {
    "date": "2010-07-02",
    "symbol": "KO",
    "reportedCurrency": "USD",
    "cik": "0000021344",
    "fillingDate": "2010-08-02",
    "acceptedDate": "2010-08-02 10:06:55",
    "calendarYear": "2010",
    "period": "Q2",
    "revenue": 8674000000,
    "costOfRevenue": 2955000000,
    "grossProfit": 5719000000,
    "grossProfitRatio": 0.6593267235,
    "researchAndDevelopmentExpenses": 0,
    "generalAndAdministrativeExpenses": 0,
    "sellingAndMarketingExpenses": 0,
    "sellingGeneralAndAdministrativeExpenses": 2878000000,
    "otherExpenses": 78000000,
    "operatingExpenses": 2956000000,
    "costAndExpenses": 5911000000,
    "interestIncome": 67000000,
    "interestExpense": 81000000,
    "depreciationAndAmortization": 316000000,
    "ebitda": 3520000000,
    "ebitdaratio": 0.4058104681,
    "operatingIncome": 2763000000,
    "operatingIncomeRatio": 0.31853816,
    "totalOtherIncomeExpensesNet": 360000000,
    "incomeBeforeTax": 3123000000,
    "incomeBeforeTaxRatio": 0.3600415033,
    "incomeTaxExpense": 741000000,
    "netIncome": 2369000000,
    "netIncomeRatio": 0.2731150565,
    "eps": 0.51,
    "epsdiluted": 0.51,
    "weightedAverageShsOut": 4608000000,
    "weightedAverageShsOutDil": 4650000000,
    "link": "https://www.sec.gov/Archives/edgar/data/21344/000104746910006835/0001047469-10-006835-index.htm",
    "finalLink": "https://www.sec.gov/Archives/edgar/data/21344/000104746910006835/a2199494z10-q.htm"
  },
  {
    "date": "2010-04-02",
    "symbol": "KO",
    "reportedCurrency": "USD",
    "cik": "0000021344",
    "fillingDate": "2010-04-29",
    "acceptedDate": "2010-04-29 15:12:46",
    "calendarYear": "2010",
    "period": "Q1",
    "revenue": 7525000000,
    "costOfRevenue": 2541000000,
    "grossProfit": 4984000000,
    "grossProfitRatio": 0.6623255814,
    "researchAndDevelopmentExpenses": 0,
    "generalAndAdministrativeExpenses": 0,
    "sellingAndMarketingExpenses": 0,
    "sellingGeneralAndAdministrativeExpenses": 2705000000,
    "otherExpenses": 96000000,
    "operatingExpenses": 2801000000,
    "costAndExpenses": 5342000000,
    "interestIncome": 60000000,
    "interestExpense": 85000000,
    "depreciationAndAmortization": 295000000,
    "ebitda": 2559000000,
    "ebitdaratio": 0.3400664452,
    "operatingIncome": 2183000000,
    "operatingIncomeRatio": 0.2900996678,
    "totalOtherIncomeExpensesNet": -4000000,
    "incomeBeforeTax": 2179000000,
    "incomeBeforeTaxRatio": 0.2895681063,
    "incomeTaxExpense": 553000000,
    "netIncome": 1614000000,
    "netIncomeRatio": 0.2144850498,
    "eps": 0.35,
    "epsdiluted": 0.35,
    "weightedAverageShsOut": 4608000000,
    "weightedAverageShsOutDil": 4654000000,
    "link": "https://www.sec.gov/Archives/edgar/data/21344/000104746910004416/0001047469-10-004416-index.htm",
    "finalLink": "https://www.sec.gov/Archives/edgar/data/21344/000104746910004416/a2198349z10-q.htm"
  },
  {
    "date": "2009-12-31",
    "symbol": "KO",
    "reportedCurrency": "USD",
    "cik": "0000021344",
    "fillingDate": "2010-02-26",
    "acceptedDate": "2010-02-26 09:39:34",
    "calendarYear": "2009",
    "period": "Q4",
    "revenue": 7510000000,
    "costOfRevenue": 2651000000,
    "grossProfit": 4859000000,
    "grossProfitRatio": 0.6470039947,
    "researchAndDevelopmentExpenses": 0,
    "generalAndAdministrativeExpenses": 0,
    "sellingAndMarketingExpenses": 0,
    "sellingGeneralAndAdministrativeExpenses": 2978000000,
    "otherExpenses": 101000000,
    "operatingExpenses": 3079000000,
    "costAndExpenses": 5730000000,
    "interestIncome": 65000000,
    "interestExpense": 84000000,
    "depreciationAndAmortization": 331000000,
    "ebitda": 2375000000,
    "ebitdaratio": 0.3162450067,
    "operatingIncome": 1780000000,
    "operatingIncomeRatio": 0.2370173103,
    "totalOtherIncomeExpensesNet": 180000000,
    "incomeBeforeTax": 1960000000,
    "incomeBeforeTaxRatio": 0.2609853529,
    "incomeTaxExpense": 382000000,
    "netIncome": 1543000000,
    "netIncomeRatio": 0.2054593875,
    "eps": 0.33,
    "epsdiluted": 0.33,
    "weightedAverageShsOut": 4628000000,
    "weightedAverageShsOutDil": 4632000000,
    "link": "https://www.sec.gov/Archives/edgar/data/21344/000104746910001476/0001047469-10-001476-index.htm",
    "finalLink": "https://www.sec.gov/Archives/edgar/data/21344/000104746910001476/a2195739z10-k.htm"
  },
  {
    "date": "2009-10-02",
    "symbol": "KO",
    "reportedCurrency": "USD",
    "cik": "0000021344",
    "fillingDate": "2009-10-29",
    "acceptedDate": "2009-10-29 14:20:32",
    "calendarYear": "2009",
    "period": "Q3",
    "revenue": 8044000000,
    "costOfRevenue": 2934000000,
    "grossProfit": 5110000000,
    "grossProfitRatio": 0.6352560915,
    "researchAndDevelopmentExpenses": 0,
    "generalAndAdministrativeExpenses": 0,
    "sellingAndMarketingExpenses": 0,
    "sellingGeneralAndAdministrativeExpenses": 2912000000,
    "otherExpenses": 48000000,
    "operatingExpenses": 2960000000,
    "costAndExpenses": 5894000000,
    "interestIncome": 67000000,
    "interestExpense": 89000000,
    "depreciationAndAmortization": 320000000,
    "ebitda": 2852000000,
    "ebitdaratio": 0.3545499751,
    "operatingIncome": 2150000000,
    "operatingIncomeRatio": 0.2672799602,
    "totalOtherIncomeExpensesNet": 293000000,
    "incomeBeforeTax": 2443000000,
    "incomeBeforeTaxRatio": 0.3037046246,
    "incomeTaxExpense": 523000000,
    "netIncome": 1896000000,
    "netIncomeRatio": 0.23570363,
    "eps": 0.41,
    "epsdiluted": 0.41,
    "weightedAverageShsOut": 4632000000,
    "weightedAverageShsOutDil": 4664000000,
    "link": "https://www.sec.gov/Archives/edgar/data/21344/000104746909009286/0001047469-09-009286-index.htm",
    "finalLink": "https://www.sec.gov/Archives/edgar/data/21344/000104746909009286/a2195110z10-q.htm"
  },
  {
    "date": "2009-07-03",
    "symbol": "KO",
    "reportedCurrency": "USD",
    "cik": "0000021344",
    "fillingDate": "2009-07-30",
    "acceptedDate": "2009-07-30 10:33:15",
    "calendarYear": "2009",
    "period": "Q2",
    "revenue": 8267000000,
    "costOfRevenue": 2913000000,
    "grossProfit": 5354000000,
    "grossProfitRatio": 0.647635176,
    "researchAndDevelopmentExpenses": 0,
    "generalAndAdministrativeExpenses": 0,
    "sellingAndMarketingExpenses": 0,
    "sellingGeneralAndAdministrativeExpenses": 2844000000,
    "otherExpenses": 72000000,
    "operatingExpenses": 2916000000,
    "costAndExpenses": 5829000000,
    "interestIncome": 57000000,
    "interestExpense": 97000000,
    "depreciationAndAmortization": 302000000,
    "ebitda": 3127000000,
    "ebitdaratio": 0.378250877,
    "operatingIncome": 2438000000,
    "operatingIncomeRatio": 0.2949074634,
    "totalOtherIncomeExpensesNet": 290000000,
    "incomeBeforeTax": 2728000000,
    "incomeBeforeTaxRatio": 0.3299866941,
    "incomeTaxExpense": 679000000,
    "netIncome": 2037000000,
    "netIncomeRatio": 0.2464013548,
    "eps": 0.44,
    "epsdiluted": 0.44,
    "weightedAverageShsOut": 4626000000,
    "weightedAverageShsOutDil": 4646000000,
    "link": "https://www.sec.gov/Archives/edgar/data/21344/000104746909007013/0001047469-09-007013-index.htm",
    "finalLink": "https://www.sec.gov/Archives/edgar/data/21344/000104746909007013/a2193827z10-q.htm"
  },
  {
    "date": "2009-03-31",
    "symbol": "KO",
    "reportedCurrency": "USD",
    "cik": "0000021344",
    "fillingDate": "2009-04-30",
    "acceptedDate": "2009-04-30 13:46:22",
    "calendarYear": "2009",
    "period": "Q1",
    "revenue": 7169000000,
    "costOfRevenue": 2590000000,
    "grossProfit": 4579000000,
    "grossProfitRatio": 0.6387222765,
    "researchAndDevelopmentExpenses": 0,
    "generalAndAdministrativeExpenses": 0,
    "sellingAndMarketingExpenses": 0,
    "sellingGeneralAndAdministrativeExpenses": 2624000000,
    "otherExpenses": 92000000,
    "operatingExpenses": 2716000000,
    "costAndExpenses": 5306000000,
    "interestIncome": 60000000,
    "interestExpense": 85000000,
    "depreciationAndAmortization": 283000000,
    "ebitda": 2183000000,
    "ebitdaratio": 0.3045055098,
    "operatingIncome": 1863000000,
    "operatingIncomeRatio": 0.2598688799,
    "totalOtherIncomeExpensesNet": -48000000,
    "incomeBeforeTax": 1815000000,
    "incomeBeforeTaxRatio": 0.2531733854,
    "incomeTaxExpense": 456000000,
    "netIncome": 1348000000,
    "netIncomeRatio": 0.1880318036,
    "eps": 0.29,
    "epsdiluted": 0.29,
    "weightedAverageShsOut": 4626000000,
    "weightedAverageShsOutDil": 4638000000,
    "link": "https://www.sec.gov/Archives/edgar/data/21344/000104746909004778/0001047469-09-004778-index.htm",
    "finalLink": "https://www.sec.gov/Archives/edgar/data/21344/000104746909004778/a2192560z10-q.htm"
  },
  {
    "date": "2008-12-31",
    "symbol": "KO",
    "reportedCurrency": "USD",
    "cik": "0000021344",
    "fillingDate": "2009-02-26",
    "acceptedDate": "2009-02-26 14:42:20",
    "calendarYear": "2008",
    "period": "Q4",
    "revenue": 7126000000,
    "costOfRevenue": 2568000000,
    "grossProfit": 4558000000,
    "grossProfitRatio": 0.6396295257,
    "researchAndDevelopmentExpenses": 0,
    "generalAndAdministrativeExpenses": 0,
    "sellingAndMarketingExpenses": 0,
    "sellingGeneralAndAdministrativeExpenses": 2502000000,
    "otherExpenses": 350000000,
    "operatingExpenses": 2852000000,
    "costAndExpenses": 5420000000,
    "interestIncome": 0,
    "interestExpense": 0,
    "depreciationAndAmortization": 285000000,
    "ebitda": 1422000000,
    "ebitdaratio": 0.1995509402,
    "operatingIncome": 1706000000,
    "operatingIncomeRatio": 0.2394049958,
    "totalOtherIncomeExpensesNet": -556000000,
    "incomeBeforeTax": 1150000000,
    "incomeBeforeTaxRatio": 0.1613808588,
    "incomeTaxExpense": 155000000,
    "netIncome": 995000000,
    "netIncomeRatio": 0.1396295257,
    "eps": 0.22,
    "epsdiluted": 0.22,
    "weightedAverageShsOut": 4624000000,
    "weightedAverageShsOutDil": 4626000000,
    "link": "https://www.sec.gov/Archives/edgar/data/21344/000104746909001875/0001047469-09-001875-index.htm",
    "finalLink": "https://www.sec.gov/Archives/edgar/data/21344/000104746909001875/a2190274z10-k.htm"
  },
  {
    "date": "2008-09-26",
    "symbol": "KO",
    "reportedCurrency": "USD",
    "cik": "0000021344",
    "fillingDate": "2008-10-23",
    "acceptedDate": "2008-10-23 13:08:13",
    "calendarYear": "2008",
    "period": "Q3",
    "revenue": 8393000000,
    "costOfRevenue": 3020000000,
    "grossProfit": 5373000000,
    "grossProfitRatio": 0.6401763374,
    "researchAndDevelopmentExpenses": 0,
    "generalAndAdministrativeExpenses": 0,
    "sellingAndMarketingExpenses": 0,
    "sellingGeneralAndAdministrativeExpenses": 3139000000,
    "otherExpenses": 47000000,
    "operatingExpenses": 3186000000,
    "costAndExpenses": 6206000000,
    "interestIncome": 105000000,
    "interestExpense": 111000000,
    "depreciationAndAmortization": 306000000,
    "ebitda": 2887000000,
    "ebitdaratio": 0.3439771238,
    "operatingIncome": 2187000000,
    "operatingIncomeRatio": 0.2605742881,
    "totalOtherIncomeExpensesNet": 283000000,
    "incomeBeforeTax": 2470000000,
    "incomeBeforeTaxRatio": 0.2942928631,
    "incomeTaxExpense": 555000000,
    "netIncome": 1890000000,
    "netIncomeRatio": 0.2251876564,
    "eps": 0.41,
    "epsdiluted": 0.41,
    "weightedAverageShsOut": 4622000000,
    "weightedAverageShsOutDil": 4658000000,
    "link": "https://www.sec.gov/Archives/edgar/data/21344/000104746908011110/0001047469-08-011110-index.htm",
    "finalLink": "https://www.sec.gov/Archives/edgar/data/21344/000104746908011110/a2188581z10-q.htm"
  },
  {
    "date": "2008-06-27",
    "symbol": "KO",
    "reportedCurrency": "USD",
    "cik": "0000021344",
    "fillingDate": "2008-07-24",
    "acceptedDate": "2008-07-24 12:02:40",
    "calendarYear": "2008",
    "period": "Q2",
    "revenue": 9046000000,
    "costOfRevenue": 3162000000,
    "grossProfit": 5884000000,
    "grossProfitRatio": 0.650453239,
    "researchAndDevelopmentExpenses": 0,
    "generalAndAdministrativeExpenses": 0,
    "sellingAndMarketingExpenses": 0,
    "sellingGeneralAndAdministrativeExpenses": 3095000000,
    "otherExpenses": 110000000,
    "operatingExpenses": 3205000000,
    "costAndExpenses": 6367000000,
    "interestIncome": 69000000,
    "interestExpense": 89000000,
    "depreciationAndAmortization": 330000000,
    "ebitda": 2336000000,
    "ebitdaratio": 0.2582356843,
    "operatingIncome": 2679000000,
    "operatingIncomeRatio": 0.2961529958,
    "totalOtherIncomeExpensesNet": -762000000,
    "incomeBeforeTax": 1917000000,
    "incomeBeforeTaxRatio": 0.2119168693,
    "incomeTaxExpense": 474000000,
    "netIncome": 1422000000,
    "netIncomeRatio": 0.157196551,
    "eps": 0.31,
    "epsdiluted": 0.31,
    "weightedAverageShsOut": 4632000000,
    "weightedAverageShsOutDil": 4686000000,
    "link": "https://www.sec.gov/Archives/edgar/data/21344/000104746908008358/0001047469-08-008358-index.htm",
    "finalLink": "https://www.sec.gov/Archives/edgar/data/21344/000104746908008358/a2186890z10-q.htm"
  },
  {
    "date": "2008-03-28",
    "symbol": "KO",
    "reportedCurrency": "USD",
    "cik": "0000021344",
    "fillingDate": "2008-04-25",
    "acceptedDate": "2008-04-25 10:26:05",
    "calendarYear": "2008",
    "period": "Q1",
    "revenue": 7379000000,
    "costOfRevenue": 2624000000,
    "grossProfit": 4755000000,
    "grossProfitRatio": 0.6443962597,
    "researchAndDevelopmentExpenses": 0,
    "generalAndAdministrativeExpenses": 0,
    "sellingAndMarketingExpenses": 0,
    "sellingGeneralAndAdministrativeExpenses": 2796000000,
    "otherExpenses": 85000000,
    "operatingExpenses": 2881000000,
    "costAndExpenses": 5505000000,
    "interestIncome": 65000000,
    "interestExpense": 117000000,
    "depreciationAndAmortization": 307000000,
    "ebitda": 2383000000,
    "ebitdaratio": 0.3229434883,
    "operatingIncome": 1874000000,
    "operatingIncomeRatio": 0.2539639518,
    "totalOtherIncomeExpensesNet": 85000000,
    "incomeBeforeTax": 1959000000,
    "incomeBeforeTaxRatio": 0.2654831278,
    "incomeTaxExpense": 448000000,
    "netIncome": 1500000000,
    "netIncomeRatio": 0.2032795772,
    "eps": 0.33,
    "epsdiluted": 0.32,
    "weightedAverageShsOut": 4644000000,
    "weightedAverageShsOutDil": 4702000000,
    "link": "https://www.sec.gov/Archives/edgar/data/21344/000104746908005195/0001047469-08-005195-index.htm",
    "finalLink": "https://www.sec.gov/Archives/edgar/data/21344/000104746908005195/a2184855z10-q.htm"
  },
  {
    "date": "2007-12-31",
    "symbol": "KO",
    "reportedCurrency": "USD",
    "cik": "0000021344",
    "fillingDate": "2008-02-28",
    "acceptedDate": "2008-02-28 16:13:51",
    "calendarYear": "2007",
    "period": "Q4",
    "revenue": 7331000000,
    "costOfRevenue": 2641000000,
    "grossProfit": 4690000000,
    "grossProfitRatio": 0.639749011,
    "researchAndDevelopmentExpenses": 0,
    "generalAndAdministrativeExpenses": 0,
    "sellingAndMarketingExpenses": 0,
    "sellingGeneralAndAdministrativeExpenses": 3293000000,
    "otherExpenses": -129000000,
    "operatingExpenses": 3164000000,
    "costAndExpenses": 5805000000,
    "interestIncome": 0,
    "interestExpense": 0,
    "depreciationAndAmortization": 369000000,
    "ebitda": 1895000000,
    "ebitdaratio": 0.2584913382,
    "operatingIncome": 1526000000,
    "operatingIncomeRatio": 0.2081571409,
    "totalOtherIncomeExpensesNet": 97000000,
    "incomeBeforeTax": 1623000000,
    "incomeBeforeTaxRatio": 0.2213886237,
    "incomeTaxExpense": 409000000,
    "netIncome": 1214000000,
    "netIncomeRatio": 0.1655981449,
    "eps": 0.26,
    "epsdiluted": 0.26,
    "weightedAverageShsOut": 4632000000,
    "weightedAverageShsOutDil": 4702000000,
    "link": "https://www.sec.gov/Archives/edgar/data/21344/000119312508041768/0001193125-08-041768-index.htm",
    "finalLink": "https://www.sec.gov/Archives/edgar/data/21344/000119312508041768/d10k.htm"
  },
  {
    "date": "2007-09-28",
    "symbol": "KO",
    "reportedCurrency": "USD",
    "cik": "0000021344",
    "fillingDate": "2007-10-24",
    "acceptedDate": "2007-10-24 13:36:57",
    "calendarYear": "2007",
    "period": "Q3",
    "revenue": 7690000000,
    "costOfRevenue": 2884000000,
    "grossProfit": 4806000000,
    "grossProfitRatio": 0.6249674902,
    "researchAndDevelopmentExpenses": 0,
    "generalAndAdministrativeExpenses": 0,
    "sellingAndMarketingExpenses": 0,
    "sellingGeneralAndAdministrativeExpenses": 2896000000,
    "otherExpenses": 81000000,
    "operatingExpenses": 2977000000,
    "costAndExpenses": 5861000000,
    "interestIncome": 59000000,
    "interestExpense": 127000000,
    "depreciationAndAmortization": 279000000,
    "ebitda": 2108000000,
    "ebitdaratio": 0.2741222367,
    "operatingIncome": 1829000000,
    "operatingIncomeRatio": 0.2378413524,
    "totalOtherIncomeExpensesNet": 284000000,
    "incomeBeforeTax": 2113000000,
    "incomeBeforeTaxRatio": 0.2747724317,
    "incomeTaxExpense": 459000000,
    "netIncome": 1654000000,
    "netIncomeRatio": 0.2150845254,
    "eps": 0.36,
    "epsdiluted": 0.36,
    "weightedAverageShsOut": 4622000000,
    "weightedAverageShsOutDil": 4662000000,
    "link": "https://www.sec.gov/Archives/edgar/data/21344/000104746907007893/0001047469-07-007893-index.htm",
    "finalLink": "https://www.sec.gov/Archives/edgar/data/21344/000104746907007893/a2180312z10-q.htm"
  },
  {
    "date": "2007-06-29",
    "symbol": "KO",
    "reportedCurrency": "USD",
    "cik": "0000021344",
    "fillingDate": "2007-07-26",
    "acceptedDate": "2007-07-26 15:14:49",
    "calendarYear": "2007",
    "period": "Q2",
    "revenue": 7733000000,
    "costOfRevenue": 2736000000,
    "grossProfit": 4997000000,
    "grossProfitRatio": 0.6461916462,
    "researchAndDevelopmentExpenses": 0,
    "generalAndAdministrativeExpenses": 0,
    "sellingAndMarketingExpenses": 0,
    "sellingGeneralAndAdministrativeExpenses": 2685000000,
    "otherExpenses": 42000000,
    "operatingExpenses": 2727000000,
    "costAndExpenses": 5463000000,
    "interestIncome": 54000000,
    "interestExpense": 102000000,
    "depreciationAndAmortization": 274000000,
    "ebitda": 2544000000,
    "ebitdaratio": 0.3289796974,
    "operatingIncome": 2270000000,
    "operatingIncomeRatio": 0.2935471357,
    "totalOtherIncomeExpensesNet": 138000000,
    "incomeBeforeTax": 2408000000,
    "incomeBeforeTaxRatio": 0.3113927324,
    "incomeTaxExpense": 557000000,
    "netIncome": 1851000000,
    "netIncomeRatio": 0.2393637657,
    "eps": 0.4,
    "epsdiluted": 0.4,
    "weightedAverageShsOut": 4624000000,
    "weightedAverageShsOutDil": 4652000000,
    "link": "https://www.sec.gov/Archives/edgar/data/21344/000104746907005866/0001047469-07-005866-index.htm",
    "finalLink": "https://www.sec.gov/Archives/edgar/data/21344/000104746907005866/a2178997z10-q.htm"
  },
  {
    "date": "2007-03-30",
    "symbol": "KO",
    "reportedCurrency": "USD",
    "cik": "0000021344",
    "fillingDate": "2007-04-26",
    "acceptedDate": "2007-04-26 12:32:57",
    "calendarYear": "2007",
    "period": "Q1",
    "revenue": 6103000000,
    "costOfRevenue": 2145000000,
    "grossProfit": 3958000000,
    "grossProfitRatio": 0.6485335081,
    "researchAndDevelopmentExpenses": 0,
    "generalAndAdministrativeExpenses": 0,
    "sellingAndMarketingExpenses": 0,
    "sellingGeneralAndAdministrativeExpenses": 2325000000,
    "otherExpenses": 6000000,
    "operatingExpenses": 2331000000,
    "costAndExpenses": 4476000000,
    "interestIncome": 37000000,
    "interestExpense": 71000000,
    "depreciationAndAmortization": 241000000,
    "ebitda": 1868000000,
    "ebitdaratio": 0.3060789776,
    "operatingIncome": 1627000000,
    "operatingIncomeRatio": 0.2665902015,
    "totalOtherIncomeExpensesNet": 102000000,
    "incomeBeforeTax": 1729000000,
    "incomeBeforeTaxRatio": 0.2833032935,
    "incomeTaxExpense": 467000000,
    "netIncome": 1262000000,
    "netIncomeRatio": 0.2067835491,
    "eps": 0.28,
    "epsdiluted": 0.27,
    "weightedAverageShsOut": 4628000000,
    "weightedAverageShsOutDil": 4642000000,
    "link": "https://www.sec.gov/Archives/edgar/data/21344/000104746907003223/0001047469-07-003223-index.htm",
    "finalLink": "https://www.sec.gov/Archives/edgar/data/21344/000104746907003223/a2177342z10-q.htm"
  },
  {
    "date": "2006-12-31",
    "symbol": "KO",
    "reportedCurrency": "USD",
    "cik": "0000021344",
    "fillingDate": "2007-02-21",
    "acceptedDate": "2007-02-21 15:53:37",
    "calendarYear": "2006",
    "period": "Q4",
    "revenue": 5932000000,
    "costOfRevenue": 2063000000,
    "grossProfit": 3869000000,
    "grossProfitRatio": 0.6522252192,
    "researchAndDevelopmentExpenses": 0,
    "generalAndAdministrativeExpenses": 0,
    "sellingAndMarketingExpenses": 0,
    "sellingGeneralAndAdministrativeExpenses": 2657000000,
    "otherExpenses": 0,
    "operatingExpenses": 2657000000,
    "costAndExpenses": 4720000000,
    "interestIncome": 0,
    "interestExpense": 0,
    "depreciationAndAmortization": 272000000,
    "ebitda": 1484000000,
    "ebitdaratio": 0.2501685772,
    "operatingIncome": 1212000000,
    "operatingIncomeRatio": 0.2043155765,
    "totalOtherIncomeExpensesNet": -326000000,
    "incomeBeforeTax": 886000000,
    "incomeBeforeTaxRatio": 0.1493594066,
    "incomeTaxExpense": 208000000,
    "netIncome": 678000000,
    "netIncomeRatio": 0.1142953473,
    "eps": 0.15,
    "epsdiluted": 0.15,
    "weightedAverageShsOut": 4642000000,
    "weightedAverageShsOutDil": 4642000000,
    "link": "https://www.sec.gov/Archives/edgar/data/21344/000104746907001328/0001047469-07-001328-index.htm",
    "finalLink": "https://www.sec.gov/Archives/edgar/data/21344/000104746907001328/a2176230z10-k.htm"
  },
  {
    "date": "2006-09-29",
    "symbol": "KO",
    "reportedCurrency": "USD",
    "cik": "0000021344",
    "fillingDate": "2006-10-26",
    "acceptedDate": "2006-10-26 14:19:53",
    "calendarYear": "2006",
    "period": "Q3",
    "revenue": 6454000000,
    "costOfRevenue": 2265000000,
    "grossProfit": 4189000000,
    "grossProfitRatio": 0.6490548497,
    "researchAndDevelopmentExpenses": 0,
    "generalAndAdministrativeExpenses": 0,
    "sellingAndMarketingExpenses": 0,
    "sellingGeneralAndAdministrativeExpenses": 2527000000,
    "otherExpenses": 0,
    "operatingExpenses": 2527000000,
    "costAndExpenses": 4792000000,
    "interestIncome": 35000000,
    "interestExpense": 47000000,
    "depreciationAndAmortization": 233000000,
    "ebitda": 1895000000,
    "ebitdaratio": 0.2936163619,
    "operatingIncome": 1662000000,
    "operatingIncomeRatio": 0.2575147196,
    "totalOtherIncomeExpensesNet": 164000000,
    "incomeBeforeTax": 1826000000,
    "incomeBeforeTaxRatio": 0.2829253176,
    "incomeTaxExpense": 366000000,
    "netIncome": 1460000000,
    "netIncomeRatio": 0.2262163,
    "eps": 0.31,
    "epsdiluted": 0.31,
    "weightedAverageShsOut": 4684000000,
    "weightedAverageShsOutDil": 4686000000,
    "link": "https://www.sec.gov/Archives/edgar/data/21344/000104746906013139/0001047469-06-013139-index.htm",
    "finalLink": "https://www.sec.gov/Archives/edgar/data/21344/000104746906013139/a2173941z10-q.htm"
  },
  {
    "date": "2006-06-30",
    "symbol": "KO",
    "reportedCurrency": "USD",
    "cik": "0000021344",
    "fillingDate": "2006-07-27",
    "acceptedDate": "2006-07-27 13:03:59",
    "calendarYear": "2006",
    "period": "Q2",
    "revenue": 6476000000,
    "costOfRevenue": 2110000000,
    "grossProfit": 4366000000,
    "grossProfitRatio": 0.6741815936,
    "researchAndDevelopmentExpenses": 0,
    "generalAndAdministrativeExpenses": 0,
    "sellingAndMarketingExpenses": 0,
    "sellingGeneralAndAdministrativeExpenses": 2327000000,
    "otherExpenses": 0,
    "operatingExpenses": 2327000000,
    "costAndExpenses": 4437000000,
    "interestIncome": 47000000,
    "interestExpense": 63000000,
    "depreciationAndAmortization": 224000000,
    "ebitda": 2263000000,
    "ebitdaratio": 0.3494441013,
    "operatingIncome": 2039000000,
    "operatingIncomeRatio": 0.3148548487,
    "totalOtherIncomeExpensesNet": 352000000,
    "incomeBeforeTax": 2391000000,
    "incomeBeforeTaxRatio": 0.3692093885,
    "incomeTaxExpense": 555000000,
    "netIncome": 1836000000,
    "netIncomeRatio": 0.2835083385,
    "eps": 0.39,
    "epsdiluted": 0.39,
    "weightedAverageShsOut": 4700000000,
    "weightedAverageShsOutDil": 4704000000,
    "link": "https://www.sec.gov/Archives/edgar/data/21344/000110465906049246/0001104659-06-049246-index.htm",
    "finalLink": "https://www.sec.gov/Archives/edgar/data/21344/000110465906049246/a06-15559_110q.htm"
  },
  {
    "date": "2006-03-31",
    "symbol": "KO",
    "reportedCurrency": "USD",
    "cik": "0000021344",
    "fillingDate": "2006-04-27",
    "acceptedDate": "2006-04-27 14:49:31",
    "calendarYear": "2006",
    "period": "Q1",
    "revenue": 5226000000,
    "costOfRevenue": 1771000000,
    "grossProfit": 3455000000,
    "grossProfitRatio": 0.6611174895,
    "researchAndDevelopmentExpenses": 0,
    "generalAndAdministrativeExpenses": 0,
    "sellingAndMarketingExpenses": 0,
    "sellingGeneralAndAdministrativeExpenses": 2060000000,
    "otherExpenses": 0,
    "operatingExpenses": 2060000000,
    "costAndExpenses": 3831000000,
    "interestIncome": 70000000,
    "interestExpense": 63000000,
    "depreciationAndAmortization": 209000000,
    "ebitda": 1559000000,
    "ebitdaratio": 0.2983161117,
    "operatingIncome": 1395000000,
    "operatingIncomeRatio": 0.266934558,
    "totalOtherIncomeExpensesNet": 80000000,
    "incomeBeforeTax": 1475000000,
    "incomeBeforeTaxRatio": 0.282242633,
    "incomeTaxExpense": 369000000,
    "netIncome": 1106000000,
    "netIncomeRatio": 0.211634137,
    "eps": 0.24,
    "epsdiluted": 0.24,
    "weightedAverageShsOut": 4730000000,
    "weightedAverageShsOutDil": 4732000000,
    "link": "https://www.sec.gov/Archives/edgar/data/21344/000110465906028278/0001104659-06-028278-index.htm",
    "finalLink": "https://www.sec.gov/Archives/edgar/data/21344/000110465906028278/a06-9696_110q.htm"
  },
  {
    "date": "2005-12-31",
    "symbol": "KO",
    "reportedCurrency": "USD",
    "cik": "0000021344",
    "fillingDate": "2006-02-28",
    "acceptedDate": "2006-02-28 13:33:03",
    "calendarYear": "2005",
    "period": "Q4",
    "revenue": 5551000000,
    "costOfRevenue": 1996000000,
    "grossProfit": 3555000000,
    "grossProfitRatio": 0.6404251486,
    "researchAndDevelopmentExpenses": 0,
    "generalAndAdministrativeExpenses": 0,
    "sellingAndMarketingExpenses": 0,
    "sellingGeneralAndAdministrativeExpenses": 2293000000,
    "otherExpenses": 0,
    "operatingExpenses": 2293000000,
    "costAndExpenses": 4289000000,
    "interestIncome": 0,
    "interestExpense": 0,
    "depreciationAndAmortization": 256000000,
    "ebitda": 1518000000,
    "ebitdaratio": 0.2734642407,
    "operatingIncome": 1262000000,
    "operatingIncomeRatio": 0.2273464241,
    "totalOtherIncomeExpensesNet": 111000000,
    "incomeBeforeTax": 1373000000,
    "incomeBeforeTaxRatio": 0.2473428211,
    "incomeTaxExpense": 509000000,
    "netIncome": 864000000,
    "netIncomeRatio": 0.1556476311,
    "eps": 0.18,
    "epsdiluted": 0.18,
    "weightedAverageShsOut": 4730000000,
    "weightedAverageShsOutDil": 4730000000,
    "link": "https://www.sec.gov/Archives/edgar/data/21344/000104746906002588/0001047469-06-002588-index.htm",
    "finalLink": "https://www.sec.gov/Archives/edgar/data/21344/000104746906002588/a2167326z10-k.htm"
  },
  {
    "date": "2005-09-30",
    "symbol": "KO",
    "reportedCurrency": "USD",
    "cik": "0000021344",
    "fillingDate": "2005-10-27",
    "acceptedDate": "2005-10-27 17:31:09",
    "calendarYear": "2005",
    "period": "Q3",
    "revenue": 6037000000,
    "costOfRevenue": 2235000000,
    "grossProfit": 3802000000,
    "grossProfitRatio": 0.6297830048,
    "researchAndDevelopmentExpenses": 0,
    "generalAndAdministrativeExpenses": 0,
    "sellingAndMarketingExpenses": 0,
    "sellingGeneralAndAdministrativeExpenses": 2310000000,
    "otherExpenses": 0,
    "operatingExpenses": 2310000000,
    "costAndExpenses": 4545000000,
    "interestIncome": 49000000,
    "interestExpense": 49000000,
    "depreciationAndAmortization": 227000000,
    "ebitda": 1719000000,
    "ebitdaratio": 0.2847440782,
    "operatingIncome": 1492000000,
    "operatingIncomeRatio": 0.2471426205,
    "totalOtherIncomeExpensesNet": 161000000,
    "incomeBeforeTax": 1653000000,
    "incomeBeforeTaxRatio": 0.2738114958,
    "incomeTaxExpense": 370000000,
    "netIncome": 1283000000,
    "netIncomeRatio": 0.2125227762,
    "eps": 0.27,
    "epsdiluted": 0.27,
    "weightedAverageShsOut": 4768000000,
    "weightedAverageShsOutDil": 4770000000,
    "link": "https://www.sec.gov/Archives/edgar/data/21344/000110465905050698/0001104659-05-050698-index.htm",
    "finalLink": "https://www.sec.gov/Archives/edgar/data/21344/000110465905050698/a05-18476_110q.htm"
  },
  {
    "date": "2005-07-01",
    "symbol": "KO",
    "reportedCurrency": "USD",
    "cik": "0000021344",
    "fillingDate": "2005-08-01",
    "acceptedDate": "2005-08-01 17:11:49",
    "calendarYear": "2005",
    "period": "Q2",
    "revenue": 6310000000,
    "costOfRevenue": 2146000000,
    "grossProfit": 4164000000,
    "grossProfitRatio": 0.6599049128,
    "researchAndDevelopmentExpenses": 0,
    "generalAndAdministrativeExpenses": 0,
    "sellingAndMarketingExpenses": 0,
    "sellingGeneralAndAdministrativeExpenses": 2192000000,
    "otherExpenses": 0,
    "operatingExpenses": 2192000000,
    "costAndExpenses": 4338000000,
    "interestIncome": 0,
    "interestExpense": 0,
    "depreciationAndAmortization": 223000000,
    "ebitda": 2195000000,
    "ebitdaratio": 0.3478605388,
    "operatingIncome": 1972000000,
    "operatingIncomeRatio": 0.3125198098,
    "totalOtherIncomeExpensesNet": 244000000,
    "incomeBeforeTax": 2216000000,
    "incomeBeforeTaxRatio": 0.3511885895,
    "incomeTaxExpense": 493000000,
    "netIncome": 1723000000,
    "netIncomeRatio": 0.2730586371,
    "eps": 0.36,
    "epsdiluted": 0.36,
    "weightedAverageShsOut": 4798000000,
    "weightedAverageShsOutDil": 4802000000,
    "link": "https://www.sec.gov/Archives/edgar/data/21344/000110465905035430/0001104659-05-035430-index.htm",
    "finalLink": "https://www.sec.gov/Archives/edgar/data/21344/000110465905035430/a05-13752_110q.htm"
  },
  {
    "date": "2005-03-31",
    "symbol": "KO",
    "reportedCurrency": "USD",
    "cik": "0000021344",
    "fillingDate": "2005-04-28",
    "acceptedDate": "2005-04-28 15:02:56",
    "calendarYear": "2005",
    "period": "Q1",
    "revenue": 5206000000,
    "costOfRevenue": 1818000000,
    "grossProfit": 3388000000,
    "grossProfitRatio": 0.6507875528,
    "researchAndDevelopmentExpenses": 0,
    "generalAndAdministrativeExpenses": 0,
    "sellingAndMarketingExpenses": 0,
    "sellingGeneralAndAdministrativeExpenses": 2029000000,
    "otherExpenses": 0,
    "operatingExpenses": 2029000000,
    "costAndExpenses": 3847000000,
    "interestIncome": 0,
    "interestExpense": 0,
    "depreciationAndAmortization": 226000000,
    "ebitda": 1585000000,
    "ebitdaratio": 0.3044563965,
    "operatingIncome": 1359000000,
    "operatingIncomeRatio": 0.2610449481,
    "totalOtherIncomeExpensesNet": 89000000,
    "incomeBeforeTax": 1448000000,
    "incomeBeforeTaxRatio": 0.278140607,
    "incomeTaxExpense": 446000000,
    "netIncome": 1002000000,
    "netIncomeRatio": 0.1924702267,
    "eps": 0.21,
    "epsdiluted": 0.21,
    "weightedAverageShsOut": 4818000000,
    "weightedAverageShsOutDil": 4820000000,
    "link": "https://www.sec.gov/Archives/edgar/data/21344/000104746905011762/0001047469-05-011762-index.htm",
    "finalLink": "https://www.sec.gov/Archives/edgar/data/21344/000104746905011762/a2156644z10-q.htm"
  },
  {
    "date": "2004-12-31",
    "symbol": "KO",
    "reportedCurrency": "USD",
    "cik": "0000021344",
    "fillingDate": "2005-03-04",
    "acceptedDate": "2005-03-04 13:05:52",
    "calendarYear": "2004",
    "period": "Q4",
    "revenue": 5257000000,
    "costOfRevenue": 1803000000,
    "grossProfit": 3454000000,
    "grossProfitRatio": 0.6570287236,
    "researchAndDevelopmentExpenses": 0,
    "generalAndAdministrativeExpenses": 0,
    "sellingAndMarketingExpenses": 0,
    "sellingGeneralAndAdministrativeExpenses": 2107000000,
    "otherExpenses": 0,
    "operatingExpenses": 2107000000,
    "costAndExpenses": 3910000000,
    "interestIncome": 0,
    "interestExpense": 196000000,
    "depreciationAndAmortization": 263000000,
    "ebitda": 1610000000,
    "ebitdaratio": 0.3062583222,
    "operatingIncome": 1347000000,
    "operatingIncomeRatio": 0.2562297889,
    "totalOtherIncomeExpensesNet": 75000000,
    "incomeBeforeTax": 1422000000,
    "incomeBeforeTaxRatio": 0.2704964809,
    "incomeTaxExpense": 221000000,
    "netIncome": 1201000000,
    "netIncomeRatio": 0.228457295,
    "eps": 0.25,
    "epsdiluted": 0.25,
    "weightedAverageShsOut": 4818000000,
    "weightedAverageShsOutDil": 4818000000,
    "link": "https://www.sec.gov/Archives/edgar/data/21344/000104746905005411/0001047469-05-005411-index.htm",
    "finalLink": "https://www.sec.gov/Archives/edgar/data/21344/000104746905005411/a2151637z10-k.htm"
  },
  {
    "date": "2004-09-30",
    "symbol": "KO",
    "reportedCurrency": "USD",
    "cik": "0000021344",
    "fillingDate": "2004-10-28",
    "acceptedDate": "2004-10-28 10:37:17",
    "calendarYear": "2004",
    "period": "Q3",
    "revenue": 5596000000,
    "costOfRevenue": 2061000000,
    "grossProfit": 3535000000,
    "grossProfitRatio": 0.6317012152,
    "researchAndDevelopmentExpenses": 0,
    "generalAndAdministrativeExpenses": 0,
    "sellingAndMarketingExpenses": 0,
    "sellingGeneralAndAdministrativeExpenses": 2438000000,
    "otherExpenses": 0,
    "operatingExpenses": 2438000000,
    "costAndExpenses": 4499000000,
    "interestIncome": 39000000,
    "interestExpense": 47000000,
    "depreciationAndAmortization": 210000000,
    "ebitda": 1307000000,
    "ebitdaratio": 0.2335596855,
    "operatingIncome": 1097000000,
    "operatingIncomeRatio": 0.1960328806,
    "totalOtherIncomeExpensesNet": 138000000,
    "incomeBeforeTax": 1235000000,
    "incomeBeforeTaxRatio": 0.2206933524,
    "incomeTaxExpense": 300000000,
    "netIncome": 935000000,
    "netIncomeRatio": 0.1670836312,
    "eps": 0.2,
    "epsdiluted": 0.2,
    "weightedAverageShsOut": 4842000000,
    "weightedAverageShsOutDil": 4848000000,
    "link": "https://www.sec.gov/Archives/edgar/data/21344/000104746904032333/0001047469-04-032333-index.htm",
    "finalLink": "https://www.sec.gov/Archives/edgar/data/21344/000104746904032333/a2144977z10-q.htm"
  },
  {
    "date": "2004-06-30",
    "symbol": "KO",
    "reportedCurrency": "USD",
    "cik": "0000021344",
    "fillingDate": "2004-08-05",
    "acceptedDate": "2004-08-05 13:34:38",
    "calendarYear": "2004",
    "period": "Q2",
    "revenue": 5914000000,
    "costOfRevenue": 2039000000,
    "grossProfit": 3875000000,
    "grossProfitRatio": 0.6552248901,
    "researchAndDevelopmentExpenses": 0,
    "generalAndAdministrativeExpenses": 0,
    "sellingAndMarketingExpenses": 0,
    "sellingGeneralAndAdministrativeExpenses": 2072000000,
    "otherExpenses": 0,
    "operatingExpenses": 2072000000,
    "costAndExpenses": 4111000000,
    "interestIncome": 32000000,
    "interestExpense": 47000000,
    "depreciationAndAmortization": 207000000,
    "ebitda": 2010000000,
    "ebitdaratio": 0.3398714914,
    "operatingIncome": 1803000000,
    "operatingIncomeRatio": 0.3048698005,
    "totalOtherIncomeExpensesNet": 250000000,
    "incomeBeforeTax": 2053000000,
    "incomeBeforeTaxRatio": 0.347142374,
    "incomeTaxExpense": 469000000,
    "netIncome": 1584000000,
    "netIncomeRatio": 0.267839026,
    "eps": 0.33,
    "epsdiluted": 0.33,
    "weightedAverageShsOut": 4860000000,
    "weightedAverageShsOutDil": 4868000000,
    "link": "https://www.sec.gov/Archives/edgar/data/21344/000104746904025463/0001047469-04-025463-index.htm",
    "finalLink": "https://www.sec.gov/Archives/edgar/data/21344/000104746904025463/a2140656z10-q.htm"
  },
  {
    "date": "2004-03-31",
    "symbol": "KO",
    "reportedCurrency": "USD",
    "cik": "0000021344",
    "fillingDate": "2004-04-29",
    "acceptedDate": "2004-04-29 10:38:32",
    "calendarYear": "2004",
    "period": "Q1",
    "revenue": 5078000000,
    "costOfRevenue": 1753000000,
    "grossProfit": 3325000000,
    "grossProfitRatio": 0.6547853486,
    "researchAndDevelopmentExpenses": 0,
    "generalAndAdministrativeExpenses": 0,
    "sellingAndMarketingExpenses": 0,
    "sellingGeneralAndAdministrativeExpenses": 1874000000,
    "otherExpenses": 0,
    "operatingExpenses": 1874000000,
    "costAndExpenses": 3627000000,
    "interestIncome": 0,
    "interestExpense": 0,
    "depreciationAndAmortization": 213000000,
    "ebitda": 1664000000,
    "ebitdaratio": 0.3276880662,
    "operatingIncome": 1451000000,
    "operatingIncomeRatio": 0.2857424183,
    "totalOtherIncomeExpensesNet": 61000000,
    "incomeBeforeTax": 1512000000,
    "incomeBeforeTaxRatio": 0.2977550217,
    "incomeTaxExpense": 385000000,
    "netIncome": 1127000000,
    "netIncomeRatio": 0.2219377708,
    "eps": 0.23,
    "epsdiluted": 0.23,
    "weightedAverageShsOut": 4880000000,
    "weightedAverageShsOutDil": 4888000000,
    "link": "https://www.sec.gov/Archives/edgar/data/21344/000104746904014222/0001047469-04-014222-index.htm",
    "finalLink": "https://www.sec.gov/Archives/edgar/data/21344/000104746904014222/a2133556z10-q.htm"
  },
  {
    "date": "2003-12-31",
    "symbol": "KO",
    "reportedCurrency": "USD",
    "cik": "0000021344",
    "fillingDate": "2004-02-27",
    "acceptedDate": "2004-02-27 09:38:11",
    "calendarYear": "2003",
    "period": "Q4",
    "revenue": 5193000000,
    "costOfRevenue": 1897000000,
    "grossProfit": 3296000000,
    "grossProfitRatio": 0.6347005584,
    "researchAndDevelopmentExpenses": 0,
    "generalAndAdministrativeExpenses": 0,
    "sellingAndMarketingExpenses": 0,
    "sellingGeneralAndAdministrativeExpenses": 2204000000,
    "otherExpenses": 0,
    "operatingExpenses": 2204000000,
    "costAndExpenses": 4101000000,
    "interestIncome": 176000000,
    "interestExpense": 178000000,
    "depreciationAndAmortization": 228000000,
    "ebitda": 1320000000,
    "ebitdaratio": 0.2541883304,
    "operatingIncome": 1092000000,
    "operatingIncomeRatio": 0.2102830734,
    "totalOtherIncomeExpensesNet": 32000000,
    "incomeBeforeTax": 1124000000,
    "incomeBeforeTaxRatio": 0.2164452147,
    "incomeTaxExpense": 197000000,
    "netIncome": 927000000,
    "netIncomeRatio": 0.1785095321,
    "eps": 0.19,
    "epsdiluted": 0.19,
    "weightedAverageShsOut": 4880000000,
    "weightedAverageShsOutDil": 4880000000,
    "link": "https://www.sec.gov/Archives/edgar/data/21344/000104746904005840/0001047469-04-005840-index.htm",
    "finalLink": "https://www.sec.gov/Archives/edgar/data/21344/000104746904005840/a2126594z10-k.htm"
  },
  {
    "date": "2003-09-30",
    "symbol": "KO",
    "reportedCurrency": "USD",
    "cik": "0000021344",
    "fillingDate": "2003-10-27",
    "acceptedDate": "2003-10-27 15:52:19",
    "calendarYear": "2003",
    "period": "Q3",
    "revenue": 5671000000,
    "costOfRevenue": 2168000000,
    "grossProfit": 3503000000,
    "grossProfitRatio": 0.6177041086,
    "researchAndDevelopmentExpenses": 0,
    "generalAndAdministrativeExpenses": 0,
    "sellingAndMarketingExpenses": 0,
    "sellingGeneralAndAdministrativeExpenses": 2052000000,
    "otherExpenses": 0,
    "operatingExpenses": 2052000000,
    "costAndExpenses": 4220000000,
    "interestIncome": 0,
    "interestExpense": 0,
    "depreciationAndAmortization": 211000000,
    "ebitda": 1662000000,
    "ebitdaratio": 0.2930700053,
    "operatingIncome": 1451000000,
    "operatingIncomeRatio": 0.2558631635,
    "totalOtherIncomeExpensesNet": 47000000,
    "incomeBeforeTax": 1498000000,
    "incomeBeforeTaxRatio": 0.2641509434,
    "incomeTaxExpense": 275000000,
    "netIncome": 1223000000,
    "netIncomeRatio": 0.215658614,
    "eps": 0.25,
    "epsdiluted": 0.25,
    "weightedAverageShsOut": 4910000000,
    "weightedAverageShsOutDil": 4916000000,
    "link": "https://www.sec.gov/Archives/edgar/data/21344/000002134403000157/0000021344-03-000157-index.htm",
    "finalLink": "https://www.sec.gov/Archives/edgar/data/21344/000002134403000157/koq930.txt"
  },
  {
    "date": "2003-06-30",
    "symbol": "KO",
    "reportedCurrency": "USD",
    "cik": "0000021344",
    "fillingDate": "2003-08-13",
    "acceptedDate": "2003-08-13 17:00:20",
    "calendarYear": "2003",
    "period": "Q2",
    "revenue": 5695000000,
    "costOfRevenue": 2127000000,
    "grossProfit": 3568000000,
    "grossProfitRatio": 0.6265144864,
    "researchAndDevelopmentExpenses": 0,
    "generalAndAdministrativeExpenses": 0,
    "sellingAndMarketingExpenses": 0,
    "sellingGeneralAndAdministrativeExpenses": 1966000000,
    "otherExpenses": 0,
    "operatingExpenses": 1966000000,
    "costAndExpenses": 4093000000,
    "interestIncome": 0,
    "interestExpense": 0,
    "depreciationAndAmortization": 213000000,
    "ebitda": 1815000000,
    "ebitdaratio": 0.3187006146,
    "operatingIncome": 1602000000,
    "operatingIncomeRatio": 0.2812993854,
    "totalOtherIncomeExpensesNet": 148000000,
    "incomeBeforeTax": 1750000000,
    "incomeBeforeTaxRatio": 0.3072870939,
    "incomeTaxExpense": 388000000,
    "netIncome": 1362000000,
    "netIncomeRatio": 0.2391571554,
    "eps": 0.28,
    "epsdiluted": 0.28,
    "weightedAverageShsOut": 4926000000,
    "weightedAverageShsOutDil": 4932000000,
    "link": "https://www.sec.gov/Archives/edgar/data/21344/000002134403000111/0000021344-03-000111-index.htm",
    "finalLink": "https://www.sec.gov/Archives/edgar/data/21344/000002134403000111/koq630.txt"
  },
  {
    "date": "2003-03-31",
    "symbol": "KO",
    "reportedCurrency": "USD",
    "cik": "0000021344",
    "fillingDate": "2003-04-25",
    "acceptedDate": "2003-04-25 12:32:15",
    "calendarYear": "2003",
    "period": "Q1",
    "revenue": 4502000000,
    "costOfRevenue": 1617000000,
    "grossProfit": 2885000000,
    "grossProfitRatio": 0.6408262994,
    "researchAndDevelopmentExpenses": 0,
    "generalAndAdministrativeExpenses": 0,
    "sellingAndMarketingExpenses": 0,
    "sellingGeneralAndAdministrativeExpenses": 1809000000,
    "otherExpenses": 0,
    "operatingExpenses": 1809000000,
    "costAndExpenses": 3426000000,
    "interestIncome": 0,
    "interestExpense": 0,
    "depreciationAndAmortization": 198000000,
    "ebitda": 1274000000,
    "ebitdaratio": 0.2829853398,
    "operatingIncome": 1076000000,
    "operatingIncomeRatio": 0.2390048867,
    "totalOtherIncomeExpensesNet": 47000000,
    "incomeBeforeTax": 1123000000,
    "incomeBeforeTaxRatio": 0.2494446912,
    "incomeTaxExpense": 288000000,
    "netIncome": 835000000,
    "netIncomeRatio": 0.1854731231,
    "eps": 0.17,
    "epsdiluted": 0.17,
    "weightedAverageShsOut": 4938000000,
    "weightedAverageShsOutDil": 4944000000,
    "link": "https://www.sec.gov/Archives/edgar/data/21344/000002134403000055/0000021344-03-000055-index.htm",
    "finalLink": "https://www.sec.gov/Archives/edgar/data/21344/000002134403000055/koq331.txt"
  },
  {
    "date": "2002-12-31",
    "symbol": "KO",
    "reportedCurrency": "USD",
    "cik": "0000021344",
    "fillingDate": "2003-03-26",
    "acceptedDate": "2003-03-26 15:33:25",
    "calendarYear": "2002",
    "period": "Q4",
    "revenue": 4795000000,
    "costOfRevenue": 1701000000,
    "grossProfit": 3094000000,
    "grossProfitRatio": 0.6452554745,
    "researchAndDevelopmentExpenses": 0,
    "generalAndAdministrativeExpenses": 0,
    "sellingAndMarketingExpenses": 0,
    "sellingGeneralAndAdministrativeExpenses": 2086000000,
    "otherExpenses": 0,
    "operatingExpenses": 2086000000,
    "costAndExpenses": 3787000000,
    "interestIncome": 0,
    "interestExpense": 0,
    "depreciationAndAmortization": 207000000,
    "ebitda": 1215000000,
    "ebitdaratio": 0.2533889468,
    "operatingIncome": 1008000000,
    "operatingIncomeRatio": 0.2102189781,
    "totalOtherIncomeExpensesNet": -17000000,
    "incomeBeforeTax": 991000000,
    "incomeBeforeTaxRatio": 0.2066736184,
    "incomeTaxExpense": 267000000,
    "netIncome": 724000000,
    "netIncomeRatio": 0.1509906152,
    "eps": 0.15,
    "epsdiluted": 0.15,
    "weightedAverageShsOut": 4938000000,
    "weightedAverageShsOutDil": 4938000000,
    "link": "https://www.sec.gov/Archives/edgar/data/21344/000002134403000031/0000021344-03-000031-index.htm",
    "finalLink": "https://www.sec.gov/Archives/edgar/data/21344/000002134403000031/kok03.txt"
  },
  {
    "date": "2002-09-30",
    "symbol": "KO",
    "reportedCurrency": "USD",
    "cik": "0000021344",
    "fillingDate": "2002-11-13",
    "acceptedDate": "2002-11-13 17:23:57",
    "calendarYear": "2002",
    "period": "Q3",
    "revenue": 5322000000,
    "costOfRevenue": 2083000000,
    "grossProfit": 3239000000,
    "grossProfitRatio": 0.6086057873,
    "researchAndDevelopmentExpenses": 0,
    "generalAndAdministrativeExpenses": 0,
    "sellingAndMarketingExpenses": 0,
    "sellingGeneralAndAdministrativeExpenses": 1789000000,
    "otherExpenses": 0,
    "operatingExpenses": 1789000000,
    "costAndExpenses": 3872000000,
    "interestIncome": 0,
    "interestExpense": 0,
    "depreciationAndAmortization": 201000000,
    "ebitda": 1651000000,
    "ebitdaratio": 0.3102217212,
    "operatingIncome": 1450000000,
    "operatingIncomeRatio": 0.2724539647,
    "totalOtherIncomeExpensesNet": 45000000,
    "incomeBeforeTax": 1495000000,
    "incomeBeforeTaxRatio": 0.2809094325,
    "incomeTaxExpense": 404000000,
    "netIncome": 1091000000,
    "netIncomeRatio": 0.204998121,
    "eps": 0.22,
    "epsdiluted": 0.22,
    "weightedAverageShsOut": 4956000000,
    "weightedAverageShsOutDil": 4966000000,
    "link": "https://www.sec.gov/Archives/edgar/data/21344/000002134402000059/0000021344-02-000059-index.htm",
    "finalLink": "https://www.sec.gov/Archives/edgar/data/21344/000002134402000059/koq930.txt"
  },
  {
    "date": "2002-06-30",
    "symbol": "KO",
    "reportedCurrency": "USD",
    "cik": "0000021344",
    "fillingDate": "2002-08-13",
    "acceptedDate": "2002-08-13 16:22:33",
    "calendarYear": "2002",
    "period": "Q2",
    "revenue": 5368000000,
    "costOfRevenue": 1927000000,
    "grossProfit": 3441000000,
    "grossProfitRatio": 0.6410208644,
    "researchAndDevelopmentExpenses": 0,
    "generalAndAdministrativeExpenses": 0,
    "sellingAndMarketingExpenses": 0,
    "sellingGeneralAndAdministrativeExpenses": 1789000000,
    "otherExpenses": 0,
    "operatingExpenses": 1789000000,
    "costAndExpenses": 3716000000,
    "interestIncome": 0,
    "interestExpense": 0,
    "depreciationAndAmortization": 203000000,
    "ebitda": 1855000000,
    "ebitdaratio": 0.3455663189,
    "operatingIncome": 1652000000,
    "operatingIncomeRatio": 0.3077496274,
    "totalOtherIncomeExpensesNet": 115000000,
    "incomeBeforeTax": 1767000000,
    "incomeBeforeTaxRatio": 0.3291728763,
    "incomeTaxExpense": 477000000,
    "netIncome": 1290000000,
    "netIncomeRatio": 0.2403129657,
    "eps": 0.26,
    "epsdiluted": 0.26,
    "weightedAverageShsOut": 4962000000,
    "weightedAverageShsOutDil": 4976000000,
    "link": "https://www.sec.gov/Archives/edgar/data/21344/000002134402000027/0000021344-02-000027-index.htm",
    "finalLink": "https://www.sec.gov/Archives/edgar/data/21344/000002134402000027/koq63002.txt"
  },
  {
    "date": "2002-03-31",
    "symbol": "KO",
    "reportedCurrency": "USD",
    "cik": "0000021344",
    "fillingDate": "2002-05-10",
    "acceptedDate": "2002-05-09 19:07:52",
    "calendarYear": "2002",
    "period": "Q1",
    "revenue": 4079000000,
    "costOfRevenue": 1394000000,
    "grossProfit": 2685000000,
    "grossProfitRatio": 0.658249571,
    "researchAndDevelopmentExpenses": 0,
    "generalAndAdministrativeExpenses": 0,
    "sellingAndMarketingExpenses": 0,
    "sellingGeneralAndAdministrativeExpenses": 1432000000,
    "otherExpenses": 0,
    "operatingExpenses": 1432000000,
    "costAndExpenses": 2826000000,
    "interestIncome": 0,
    "interestExpense": 0,
    "depreciationAndAmortization": 195000000,
    "ebitda": 1448000000,
    "ebitdaratio": 0.3549889679,
    "operatingIncome": 1253000000,
    "operatingIncomeRatio": 0.3071831331,
    "totalOtherIncomeExpensesNet": -102000000,
    "incomeBeforeTax": 1151000000,
    "incomeBeforeTaxRatio": 0.2821770042,
    "incomeTaxExpense": 350000000,
    "netIncome": -125000000,
    "netIncomeRatio": -0.0306447659,
    "eps": -0.0252,
    "epsdiluted": -0.0252,
    "weightedAverageShsOut": 4970000000,
    "weightedAverageShsOutDil": 4970000000,
    "link": "https://www.sec.gov/Archives/edgar/data/21344/000002134402000017/0000021344-02-000017-index.htm",
    "finalLink": "https://www.sec.gov/Archives/edgar/data/21344/000002134402000017/koq331.txt"
  },
  {
    "date": "2001-12-31",
    "symbol": "KO",
    "reportedCurrency": "USD",
    "cik": "0000021344",
    "fillingDate": "2002-03-13",
    "acceptedDate": "2002-03-13 00:00:00",
    "calendarYear": "2001",
    "period": "Q4",
    "revenue": 4923000000,
    "costOfRevenue": 1428000000,
    "grossProfit": 3495000000,
    "grossProfitRatio": 0.7099329677,
    "researchAndDevelopmentExpenses": 0,
    "generalAndAdministrativeExpenses": 0,
    "sellingAndMarketingExpenses": 0,
    "sellingGeneralAndAdministrativeExpenses": 2247000000,
    "otherExpenses": 0,
    "operatingExpenses": 2247000000,
    "costAndExpenses": 3675000000,
    "interestIncome": 0,
    "interestExpense": 0,
    "depreciationAndAmortization": 232000000,
    "ebitda": 1480000000,
    "ebitdaratio": 0.3006296973,
    "operatingIncome": 1248000000,
    "operatingIncomeRatio": 0.253503961,
    "totalOtherIncomeExpensesNet": 44000000,
    "incomeBeforeTax": 1292000000,
    "incomeBeforeTaxRatio": 0.2624416007,
    "incomeTaxExpense": 378000000,
    "netIncome": 914000000,
    "netIncomeRatio": 0.1856591509,
    "eps": 0.18,
    "epsdiluted": 0.18,
    "weightedAverageShsOut": 4970000000,
    "weightedAverageShsOutDil": 4970000000,
    "link": "https://www.sec.gov/Archives/edgar/data/21344/000002134402000013/0000021344-02-000013-index.htm",
    "finalLink": "https://www.sec.gov/Archives/edgar/data/21344/000002134402000013/kok01a.txt"
  },
  {
    "date": "2001-09-30",
    "symbol": "KO",
    "reportedCurrency": "USD",
    "cik": "0000021344",
    "fillingDate": "2001-11-13",
    "acceptedDate": "2001-11-13 00:00:00",
    "calendarYear": "2001",
    "period": "Q3",
    "revenue": 4695000000,
    "costOfRevenue": 1692000000,
    "grossProfit": 3003000000,
    "grossProfitRatio": 0.6396166134,
    "researchAndDevelopmentExpenses": 0,
    "generalAndAdministrativeExpenses": 0,
    "sellingAndMarketingExpenses": 0,
    "sellingGeneralAndAdministrativeExpenses": 1692000000,
    "otherExpenses": 0,
    "operatingExpenses": 1692000000,
    "costAndExpenses": 3384000000,
    "interestIncome": 0,
    "interestExpense": 0,
    "depreciationAndAmortization": 186000000,
    "ebitda": 1497000000,
    "ebitdaratio": 0.3188498403,
    "operatingIncome": 1311000000,
    "operatingIncomeRatio": 0.2792332268,
    "totalOtherIncomeExpensesNet": 223000000,
    "incomeBeforeTax": 1534000000,
    "incomeBeforeTaxRatio": 0.3267305644,
    "incomeTaxExpense": 460000000,
    "netIncome": 1074000000,
    "netIncomeRatio": 0.2287539936,
    "eps": 0.22,
    "epsdiluted": 0.22,
    "weightedAverageShsOut": 4976000000,
    "weightedAverageShsOutDil": 4976000000,
    "link": "https://www.sec.gov/Archives/edgar/data/21344/000002134401500040/0000021344-01-500040-index.htm",
    "finalLink": "https://www.sec.gov/Archives/edgar/data/21344/000002134401500040/koq930.txt"
  },
  {
    "date": "2001-06-30",
    "symbol": "KO",
    "reportedCurrency": "USD",
    "cik": "0000021344",
    "fillingDate": "2001-08-14",
    "acceptedDate": "2001-08-14 00:00:00",
    "calendarYear": "2001",
    "period": "Q2",
    "revenue": 5293000000,
    "costOfRevenue": 1579000000,
    "grossProfit": 3714000000,
    "grossProfitRatio": 0.7016814661,
    "researchAndDevelopmentExpenses": 0,
    "generalAndAdministrativeExpenses": 0,
    "sellingAndMarketingExpenses": 0,
    "sellingGeneralAndAdministrativeExpenses": 2201000000,
    "otherExpenses": 0,
    "operatingExpenses": 2201000000,
    "costAndExpenses": 3780000000,
    "interestIncome": 0,
    "interestExpense": 0,
    "depreciationAndAmortization": 199000000,
    "ebitda": 1712000000,
    "ebitdaratio": 0.3234460608,
    "operatingIncome": 1513000000,
    "operatingIncomeRatio": 0.2858492348,
    "totalOtherIncomeExpensesNet": 84000000,
    "incomeBeforeTax": 1597000000,
    "incomeBeforeTaxRatio": 0.3017192518,
    "incomeTaxExpense": 479000000,
    "netIncome": 1118000000,
    "netIncomeRatio": 0.2112223692,
    "eps": 0.23,
    "epsdiluted": 0.23,
    "weightedAverageShsOut": 4976000000,
    "weightedAverageShsOutDil": 4976000000,
    "link": "https://www.sec.gov/Archives/edgar/data/21344/000002134401500025/0000021344-01-500025-index.htm",
    "finalLink": "https://www.sec.gov/Archives/edgar/data/21344/000002134401500025/koq630.txt"
  },
  {
    "date": "2001-03-31",
    "symbol": "KO",
    "reportedCurrency": "USD",
    "cik": "0000021344",
    "fillingDate": "2001-05-01",
    "acceptedDate": "2001-05-01 00:00:00",
    "calendarYear": "2001",
    "period": "Q1",
    "revenue": 4479000000,
    "costOfRevenue": 1345000000,
    "grossProfit": 3134000000,
    "grossProfitRatio": 0.6997097566,
    "researchAndDevelopmentExpenses": 0,
    "generalAndAdministrativeExpenses": 0,
    "sellingAndMarketingExpenses": 0,
    "sellingGeneralAndAdministrativeExpenses": 1854000000,
    "otherExpenses": 0,
    "operatingExpenses": 1854000000,
    "costAndExpenses": 3199000000,
    "interestIncome": 0,
    "interestExpense": 0,
    "depreciationAndAmortization": 186000000,
    "ebitda": 1466000000,
    "ebitdaratio": 0.3273052021,
    "operatingIncome": 1280000000,
    "operatingIncomeRatio": 0.2857780755,
    "totalOtherIncomeExpensesNet": -33000000,
    "incomeBeforeTax": 1247000000,
    "incomeBeforeTaxRatio": 0.2784103595,
    "incomeTaxExpense": 374000000,
    "netIncome": 863000000,
    "netIncomeRatio": 0.1926769368,
    "eps": 0.18,
    "epsdiluted": 0.18,
    "weightedAverageShsOut": 4972000000,
    "weightedAverageShsOutDil": 4980000000,
    "link": "https://www.sec.gov/Archives/edgar/data/21344/000002134401500011/0000021344-01-500011-index.htm",
    "finalLink": "https://www.sec.gov/Archives/edgar/data/21344/000002134401500011/koq331.txt"
  },
  {
    "date": "2000-12-31",
    "symbol": "KO",
    "reportedCurrency": "USD",
    "cik": "0000021344",
    "fillingDate": "2001-03-07",
    "acceptedDate": "2001-03-07 00:00:00",
    "calendarYear": "2000",
    "period": "Q4",
    "revenue": 4903000000,
    "costOfRevenue": 1965000000,
    "grossProfit": 2938000000,
    "grossProfitRatio": 0.5992249643,
    "researchAndDevelopmentExpenses": 0,
    "generalAndAdministrativeExpenses": 0,
    "sellingAndMarketingExpenses": 0,
    "sellingGeneralAndAdministrativeExpenses": 2671000000,
    "otherExpenses": -572000000,
    "operatingExpenses": 2099000000,
    "costAndExpenses": 4064000000,
    "interestIncome": 0,
    "interestExpense": 0,
    "depreciationAndAmortization": 201000000,
    "ebitda": 1040000000,
    "ebitdaratio": 0.2121150316,
    "operatingIncome": 839000000,
    "operatingIncomeRatio": 0.1711197226,
    "totalOtherIncomeExpensesNet": -362000000,
    "incomeBeforeTax": 477000000,
    "incomeBeforeTaxRatio": 0.0972873751,
    "incomeTaxExpense": 235000000,
    "netIncome": 242000000,
    "netIncomeRatio": 0.0493575362,
    "eps": 0.0487,
    "epsdiluted": 0.0487,
    "weightedAverageShsOut": 4966000000,
    "weightedAverageShsOutDil": 4972000000,
    "link": "https://www.sec.gov/Archives/edgar/data/21344/000002134401000005/0000021344-01-000005-index.htm",
    "finalLink": "https://www.sec.gov/Archives/edgar/data/21344/000002134401000005/0000021344-01-000005-0001.txt"
  },
  {
    "date": "2000-09-30",
    "symbol": "KO",
    "reportedCurrency": "USD",
    "cik": "0000021344",
    "fillingDate": "2000-10-27",
    "acceptedDate": "2000-10-27 00:00:00",
    "calendarYear": "2000",
    "period": "Q3",
    "revenue": 5413000000,
    "costOfRevenue": 1736000000,
    "grossProfit": 3677000000,
    "grossProfitRatio": 0.6792905967,
    "researchAndDevelopmentExpenses": 0,
    "generalAndAdministrativeExpenses": 0,
    "sellingAndMarketingExpenses": 0,
    "sellingGeneralAndAdministrativeExpenses": 2350000000,
    "otherExpenses": 0,
    "operatingExpenses": 2350000000,
    "costAndExpenses": 4086000000,
    "interestIncome": 0,
    "interestExpense": 0,
    "depreciationAndAmortization": 129000000,
    "ebitda": 1456000000,
    "ebitdaratio": 0.2689820802,
    "operatingIncome": 1327000000,
    "operatingIncomeRatio": 0.2451505635,
    "totalOtherIncomeExpensesNet": 156000000,
    "incomeBeforeTax": 1483000000,
    "incomeBeforeTaxRatio": 0.273970072,
    "incomeTaxExpense": 416000000,
    "netIncome": 1067000000,
    "netIncomeRatio": 0.1971180491,
    "eps": 0.22,
    "epsdiluted": 0.22,
    "weightedAverageShsOut": 4956000000,
    "weightedAverageShsOutDil": 4978000000,
    "link": "https://www.sec.gov/Archives/edgar/data/21344/000002134400000027/0000021344-00-000027-index.htm",
    "finalLink": "https://www.sec.gov/Archives/edgar/data/21344/000002134400000027/0000021344-00-000027-0001.txt"
  },
  {
    "date": "2000-06-30",
    "symbol": "KO",
    "reportedCurrency": "USD",
    "cik": "0000021344",
    "fillingDate": "2000-07-27",
    "acceptedDate": "2000-07-27 00:00:00",
    "calendarYear": "2000",
    "period": "Q2",
    "revenue": 5487000000,
    "costOfRevenue": 1868000000,
    "grossProfit": 3619000000,
    "grossProfitRatio": 0.6595589575,
    "researchAndDevelopmentExpenses": 0,
    "generalAndAdministrativeExpenses": 0,
    "sellingAndMarketingExpenses": 0,
    "sellingGeneralAndAdministrativeExpenses": 2334000000,
    "otherExpenses": 0,
    "operatingExpenses": 2334000000,
    "costAndExpenses": 4202000000,
    "interestIncome": 0,
    "interestExpense": 0,
    "depreciationAndAmortization": 226000000,
    "ebitda": 1511000000,
    "ebitdaratio": 0.2753781666,
    "operatingIncome": 1285000000,
    "operatingIncomeRatio": 0.2341899034,
    "totalOtherIncomeExpensesNet": 57000000,
    "incomeBeforeTax": 1342000000,
    "incomeBeforeTaxRatio": 0.2445780937,
    "incomeTaxExpense": 416000000,
    "netIncome": 926000000,
    "netIncomeRatio": 0.1687625296,
    "eps": 0.19,
    "epsdiluted": 0.19,
    "weightedAverageShsOut": 4950000000,
    "weightedAverageShsOutDil": 4960000000,
    "link": "https://www.sec.gov/Archives/edgar/data/21344/000002134400000024/0000021344-00-000024-index.htm",
    "finalLink": "https://www.sec.gov/Archives/edgar/data/21344/000002134400000024/0000021344-00-000024-0001.txt"
  },
  {
    "date": "2000-03-31",
    "symbol": "KO",
    "reportedCurrency": "USD",
    "cik": "0000021344",
    "fillingDate": "2000-05-11",
    "acceptedDate": "2000-05-11 00:00:00",
    "calendarYear": "2000",
    "period": "Q1",
    "revenue": 4256000000,
    "costOfRevenue": 1398000000,
    "grossProfit": 2858000000,
    "grossProfitRatio": 0.6715225564,
    "researchAndDevelopmentExpenses": 0,
    "generalAndAdministrativeExpenses": 0,
    "sellingAndMarketingExpenses": 0,
    "sellingGeneralAndAdministrativeExpenses": 2618000000,
    "otherExpenses": 0,
    "operatingExpenses": 2618000000,
    "costAndExpenses": 4016000000,
    "interestIncome": 0,
    "interestExpense": 0,
    "depreciationAndAmortization": 217000000,
    "ebitda": 457000000,
    "ebitdaratio": 0.1073778195,
    "operatingIncome": 240000000,
    "operatingIncomeRatio": 0.0563909774,
    "totalOtherIncomeExpensesNet": -143000000,
    "incomeBeforeTax": 97000000,
    "incomeBeforeTaxRatio": 0.0227913534,
    "incomeTaxExpense": 155000000,
    "netIncome": -58000000,
    "netIncomeRatio": -0.0136278195,
    "eps": -0.0117,
    "epsdiluted": -0.0117,
    "weightedAverageShsOut": 4944000000,
    "weightedAverageShsOutDil": 4944000000,
    "link": "https://www.sec.gov/Archives/edgar/data/21344/000002134400000014/0000021344-00-000014-index.htm",
    "finalLink": "https://www.sec.gov/Archives/edgar/data/21344/000002134400000014/0000021344-00-000014.txt"
  },
  {
    "date": "1999-12-31",
    "symbol": "KO",
    "reportedCurrency": "USD",
    "cik": "0000021344",
    "fillingDate": "2000-03-09",
    "acceptedDate": "2000-03-09 00:00:00",
    "calendarYear": "1999",
    "period": "Q4",
    "revenue": 4803000000,
    "costOfRevenue": 1153000000,
    "grossProfit": 3650000000,
    "grossProfitRatio": 0.7599417031,
    "researchAndDevelopmentExpenses": 0,
    "generalAndAdministrativeExpenses": 0,
    "sellingAndMarketingExpenses": 0,
    "sellingGeneralAndAdministrativeExpenses": 3118000000,
    "otherExpenses": 183000000,
    "operatingExpenses": 3301000000,
    "costAndExpenses": 4454000000,
    "interestIncome": 0,
    "interestExpense": 0,
    "depreciationAndAmortization": 183000000,
    "ebitda": 532000000,
    "ebitdaratio": 0.1107641058,
    "operatingIncome": 349000000,
    "operatingIncomeRatio": 0.072662919,
    "totalOtherIncomeExpensesNet": -119000000,
    "incomeBeforeTax": 230000000,
    "incomeBeforeTaxRatio": 0.0478867375,
    "incomeTaxExpense": 275000000,
    "netIncome": -45000000,
    "netIncomeRatio": -0.0093691443,
    "eps": -0.0092,
    "epsdiluted": -0.0091,
    "weightedAverageShsOut": 4896000000,
    "weightedAverageShsOutDil": 4944000000,
    "link": "https://www.sec.gov/Archives/edgar/data/21344/000002134400000009/0000021344-00-000009-index.htm",
    "finalLink": "https://www.sec.gov/Archives/edgar/data/21344/000002134400000009/0000021344-00-000009.txt"
  },
  {
    "date": "1999-09-30",
    "symbol": "KO",
    "reportedCurrency": "USD",
    "cik": "0000021344",
    "fillingDate": "1999-11-03",
    "acceptedDate": "1999-11-03 00:00:00",
    "calendarYear": "1999",
    "period": "Q3",
    "revenue": 5139000000,
    "costOfRevenue": 1441000000,
    "grossProfit": 3698000000,
    "grossProfitRatio": 0.719595252,
    "researchAndDevelopmentExpenses": 0,
    "generalAndAdministrativeExpenses": 0,
    "sellingAndMarketingExpenses": 0,
    "sellingGeneralAndAdministrativeExpenses": 2390000000,
    "otherExpenses": 209000000,
    "operatingExpenses": 2599000000,
    "costAndExpenses": 4040000000,
    "interestIncome": 0,
    "interestExpense": 0,
    "depreciationAndAmortization": 209000000,
    "ebitda": 1308000000,
    "ebitdaratio": 0.2545242265,
    "operatingIncome": 1099000000,
    "operatingIncomeRatio": 0.2138548356,
    "totalOtherIncomeExpensesNet": 42000000,
    "incomeBeforeTax": 1141000000,
    "incomeBeforeTaxRatio": 0.2220276318,
    "incomeTaxExpense": 354000000,
    "netIncome": 787000000,
    "netIncomeRatio": 0.1531426348,
    "eps": 0.16,
    "epsdiluted": 0.16,
    "weightedAverageShsOut": 4918750000,
    "weightedAverageShsOutDil": 4918750000,
    "link": "https://www.sec.gov/Archives/edgar/data/21344/000002134499000026/0000021344-99-000026-index.htm",
    "finalLink": "https://www.sec.gov/Archives/edgar/data/21344/000002134499000026/0000021344-99-000026.txt"
  },
  {
    "date": "1999-06-30",
    "symbol": "KO",
    "reportedCurrency": "USD",
    "cik": "0000021344",
    "fillingDate": "1999-08-12",
    "acceptedDate": "1999-08-12 00:00:00",
    "calendarYear": "1999",
    "period": "Q2",
    "revenue": 5335000000,
    "costOfRevenue": 1592000000,
    "grossProfit": 3743000000,
    "grossProfitRatio": 0.7015932521,
    "researchAndDevelopmentExpenses": 0,
    "generalAndAdministrativeExpenses": 0,
    "sellingAndMarketingExpenses": 0,
    "sellingGeneralAndAdministrativeExpenses": 2353000000,
    "otherExpenses": 0,
    "operatingExpenses": 2353000000,
    "costAndExpenses": 3945000000,
    "interestIncome": 0,
    "interestExpense": 0,
    "depreciationAndAmortization": 215000000,
    "ebitda": 1605000000,
    "ebitdaratio": 0.3008434864,
    "operatingIncome": 1390000000,
    "operatingIncomeRatio": 0.2605435801,
    "totalOtherIncomeExpensesNet": -24000000,
    "incomeBeforeTax": 1366000000,
    "incomeBeforeTaxRatio": 0.2560449859,
    "incomeTaxExpense": 424000000,
    "netIncome": 942000000,
    "netIncomeRatio": 0.1765698219,
    "eps": 0.19,
    "epsdiluted": 0.19,
    "weightedAverageShsOut": 4957894737,
    "weightedAverageShsOutDil": 4957894737,
    "link": "https://www.sec.gov/Archives/edgar/data/21344/000002134499000015/0000021344-99-000015-index.htm",
    "finalLink": "https://www.sec.gov/Archives/edgar/data/21344/000002134499000015/0000021344-99-000015.txt"
  },
  {
    "date": "1999-03-31",
    "symbol": "KO",
    "reportedCurrency": "USD",
    "cik": "0000021344",
    "fillingDate": "1999-05-12",
    "acceptedDate": "1999-05-12 00:00:00",
    "calendarYear": "1999",
    "period": "Q1",
    "revenue": 4428000000,
    "costOfRevenue": 1146000000,
    "grossProfit": 3282000000,
    "grossProfitRatio": 0.7411924119,
    "researchAndDevelopmentExpenses": 0,
    "generalAndAdministrativeExpenses": 0,
    "sellingAndMarketingExpenses": 0,
    "sellingGeneralAndAdministrativeExpenses": 1953000000,
    "otherExpenses": 185000000,
    "operatingExpenses": 2138000000,
    "costAndExpenses": 3284000000,
    "interestIncome": 0,
    "interestExpense": 0,
    "depreciationAndAmortization": 185000000,
    "ebitda": 1329000000,
    "ebitdaratio": 0.3001355014,
    "operatingIncome": 1144000000,
    "operatingIncomeRatio": 0.2583559169,
    "totalOtherIncomeExpensesNet": -62000000,
    "incomeBeforeTax": 1082000000,
    "incomeBeforeTaxRatio": 0.2443541102,
    "incomeTaxExpense": 335000000,
    "netIncome": 747000000,
    "netIncomeRatio": 0.168699187,
    "eps": 0.15,
    "epsdiluted": 0.15,
    "weightedAverageShsOut": 4932000000,
    "weightedAverageShsOutDil": 4974000000,
    "link": "https://www.sec.gov/Archives/edgar/data/21344/000002134499000009/0000021344-99-000009-index.htm",
    "finalLink": "https://www.sec.gov/Archives/edgar/data/21344/0000021344-99-000009.txt"
  },
  {
    "date": "1998-12-31",
    "symbol": "KO",
    "reportedCurrency": "USD",
    "cik": "0000021344",
    "fillingDate": "1999-03-29",
    "acceptedDate": "1999-03-29 00:00:00",
    "calendarYear": "1998",
    "period": "Q4",
    "revenue": 4458000000,
    "costOfRevenue": 1125000000,
    "grossProfit": 3333000000,
    "grossProfitRatio": 0.7476446837,
    "researchAndDevelopmentExpenses": 0,
    "generalAndAdministrativeExpenses": 0,
    "sellingAndMarketingExpenses": 0,
    "sellingGeneralAndAdministrativeExpenses": 2222000000,
    "otherExpenses": 174000000,
    "operatingExpenses": 2396000000,
    "costAndExpenses": 3521000000,
    "interestIncome": 0,
    "interestExpense": 0,
    "depreciationAndAmortization": 174000000,
    "ebitda": 1111000000,
    "ebitdaratio": 0.2492148946,
    "operatingIncome": 937000000,
    "operatingIncomeRatio": 0.210183939,
    "totalOtherIncomeExpensesNet": -72000000,
    "incomeBeforeTax": 865000000,
    "incomeBeforeTaxRatio": 0.1940331987,
    "incomeTaxExpense": 268000000,
    "netIncome": 597000000,
    "netIncomeRatio": 0.1339165545,
    "eps": 0.12,
    "epsdiluted": 0.12,
    "weightedAverageShsOut": 4928000000,
    "weightedAverageShsOutDil": 4932000000,
    "link": "https://www.sec.gov/Archives/edgar/data/21344/000002134499000005/0000021344-99-000005-index.htm",
    "finalLink": "https://www.sec.gov/Archives/edgar/data/21344/0000021344-99-000005.txt"
  },
  {
    "date": "1998-09-30",
    "symbol": "KO",
    "reportedCurrency": "USD",
    "cik": "0000021344",
    "fillingDate": "1998-11-12",
    "acceptedDate": "1998-11-12 00:00:00",
    "calendarYear": "1998",
    "period": "Q3",
    "revenue": 4747000000,
    "costOfRevenue": 1295000000,
    "grossProfit": 3452000000,
    "grossProfitRatio": 0.7271961239,
    "researchAndDevelopmentExpenses": 0,
    "generalAndAdministrativeExpenses": 0,
    "sellingAndMarketingExpenses": 0,
    "sellingGeneralAndAdministrativeExpenses": 2064000000,
    "otherExpenses": 151000000,
    "operatingExpenses": 2215000000,
    "costAndExpenses": 3510000000,
    "interestIncome": 0,
    "interestExpense": 0,
    "depreciationAndAmortization": 151000000,
    "ebitda": 1388000000,
    "ebitdaratio": 0.292395197,
    "operatingIncome": 1237000000,
    "operatingIncomeRatio": 0.260585633,
    "totalOtherIncomeExpensesNet": 50000000,
    "incomeBeforeTax": 1287000000,
    "incomeBeforeTaxRatio": 0.2711186012,
    "incomeTaxExpense": 399000000,
    "netIncome": 888000000,
    "netIncomeRatio": 0.1870655151,
    "eps": 0.18,
    "epsdiluted": 0.18,
    "weightedAverageShsOut": 4928000000,
    "weightedAverageShsOutDil": 4984000000,
    "link": "https://www.sec.gov/Archives/edgar/data/21344/000002134498000016/0000021344-98-000016-index.htm",
    "finalLink": "https://www.sec.gov/Archives/edgar/data/21344/0000021344-98-000016.txt"
  },
  {
    "date": "1998-06-30",
    "symbol": "KO",
    "reportedCurrency": "USD",
    "cik": "0000021344",
    "fillingDate": "1998-08-14",
    "acceptedDate": "1998-08-14 00:00:00",
    "calendarYear": "1998",
    "period": "Q2",
    "revenue": 5151000000,
    "costOfRevenue": 1331000000,
    "grossProfit": 3820000000,
    "grossProfitRatio": 0.7416035721,
    "researchAndDevelopmentExpenses": 0,
    "generalAndAdministrativeExpenses": 0,
    "sellingAndMarketingExpenses": 0,
    "sellingGeneralAndAdministrativeExpenses": 2141000000,
    "otherExpenses": 168000000,
    "operatingExpenses": 2309000000,
    "costAndExpenses": 3640000000,
    "interestIncome": 0,
    "interestExpense": 0,
    "depreciationAndAmortization": 168000000,
    "ebitda": 1679000000,
    "ebitdaratio": 0.325956125,
    "operatingIncome": 1511000000,
    "operatingIncomeRatio": 0.2933410988,
    "totalOtherIncomeExpensesNet": 292000000,
    "incomeBeforeTax": 1803000000,
    "incomeBeforeTaxRatio": 0.3500291206,
    "incomeTaxExpense": 612000000,
    "netIncome": 1191000000,
    "netIncomeRatio": 0.2312172394,
    "eps": 0.24,
    "epsdiluted": 0.24,
    "weightedAverageShsOut": 4938000000,
    "weightedAverageShsOutDil": 5002000000,
    "link": "https://www.sec.gov/Archives/edgar/data/21344/000002134498000010/0000021344-98-000010-index.htm",
    "finalLink": "https://www.sec.gov/Archives/edgar/data/21344/0000021344-98-000010.txt"
  },
  {
    "date": "1998-03-31",
    "symbol": "KO",
    "reportedCurrency": "USD",
    "cik": "0000021344",
    "fillingDate": "1998-05-12",
    "acceptedDate": "1998-05-12 00:00:00",
    "calendarYear": "1998",
    "period": "Q1",
    "revenue": 4457000000,
    "costOfRevenue": 1166000000,
    "grossProfit": 3291000000,
    "grossProfitRatio": 0.7383890509,
    "researchAndDevelopmentExpenses": 0,
    "generalAndAdministrativeExpenses": 0,
    "sellingAndMarketingExpenses": 0,
    "sellingGeneralAndAdministrativeExpenses": 1857000000,
    "otherExpenses": 152000000,
    "operatingExpenses": 2009000000,
    "costAndExpenses": 3175000000,
    "interestIncome": 0,
    "interestExpense": 0,
    "depreciationAndAmortization": 152000000,
    "ebitda": 1434000000,
    "ebitdaratio": 0.3217410814,
    "operatingIncome": 1282000000,
    "operatingIncomeRatio": 0.2876374243,
    "totalOtherIncomeExpensesNet": -39000000,
    "incomeBeforeTax": 1243000000,
    "incomeBeforeTaxRatio": 0.2788871438,
    "incomeTaxExpense": 386000000,
    "netIncome": 857000000,
    "netIncomeRatio": 0.1922818039,
    "eps": 0.18,
    "epsdiluted": 0.17,
    "weightedAverageShsOut": 4942000000,
    "weightedAverageShsOutDil": 5004000000,
    "link": "https://www.sec.gov/Archives/edgar/data/21344/000002134498000007/0000021344-98-000007-index.htm",
    "finalLink": "https://www.sec.gov/Archives/edgar/data/21344/0000021344-98-000007.txt"
  },
  {
    "date": "1997-12-31",
    "symbol": "KO",
    "reportedCurrency": "USD",
    "cik": "0000021344",
    "fillingDate": "1998-03-09",
    "acceptedDate": "1998-03-09 00:00:00",
    "calendarYear": "1997",
    "period": "Q4",
    "revenue": 4701000000,
    "costOfRevenue": 1276000000,
    "grossProfit": 3425000000,
    "grossProfitRatio": 0.7285683897,
    "researchAndDevelopmentExpenses": 0,
    "generalAndAdministrativeExpenses": 0,
    "sellingAndMarketingExpenses": 0,
    "sellingGeneralAndAdministrativeExpenses": 2076000000,
    "otherExpenses": 176000000,
    "operatingExpenses": 2252000000,
    "costAndExpenses": 3528000000,
    "interestIncome": 0,
    "interestExpense": 0,
    "depreciationAndAmortization": 176000000,
    "ebitda": 1349000000,
    "ebitdaratio": 0.2869602212,
    "operatingIncome": 1173000000,
    "operatingIncomeRatio": 0.2495213784,
    "totalOtherIncomeExpensesNet": 11000000,
    "incomeBeforeTax": 1184000000,
    "incomeBeforeTaxRatio": 0.2518613061,
    "incomeTaxExpense": 367000000,
    "netIncome": 817000000,
    "netIncomeRatio": 0.17379281,
    "eps": 0.17,
    "epsdiluted": 0.17,
    "weightedAverageShsOut": 4942000000,
    "weightedAverageShsOutDil": 4942000000,
    "link": "https://www.sec.gov/Archives/edgar/data/21344/000002134498000004/0000021344-98-000004-index.htm",
    "finalLink": "https://www.sec.gov/Archives/edgar/data/21344/0000021344-98-000004.txt"
  },
  {
    "date": "1997-09-30",
    "symbol": "KO",
    "reportedCurrency": "USD",
    "cik": "0000021344",
    "fillingDate": "1997-11-13",
    "acceptedDate": "1997-11-13 00:00:00",
    "calendarYear": "1997",
    "period": "Q3",
    "revenue": 4954000000,
    "costOfRevenue": 1510000000,
    "grossProfit": 3444000000,
    "grossProfitRatio": 0.6951958014,
    "researchAndDevelopmentExpenses": 0,
    "generalAndAdministrativeExpenses": 0,
    "sellingAndMarketingExpenses": 0,
    "sellingGeneralAndAdministrativeExpenses": 2052000000,
    "otherExpenses": 149000000,
    "operatingExpenses": 2201000000,
    "costAndExpenses": 3711000000,
    "interestIncome": 0,
    "interestExpense": 0,
    "depreciationAndAmortization": 149000000,
    "ebitda": 1392000000,
    "ebitdaratio": 0.2809850626,
    "operatingIncome": 1243000000,
    "operatingIncomeRatio": 0.2509083569,
    "totalOtherIncomeExpensesNet": 262000000,
    "incomeBeforeTax": 1505000000,
    "incomeBeforeTaxRatio": 0.3037949132,
    "incomeTaxExpense": 494000000,
    "netIncome": 1011000000,
    "netIncomeRatio": 0.2040775131,
    "eps": 0.21,
    "epsdiluted": 0.2,
    "weightedAverageShsOut": 4956000000,
    "weightedAverageShsOutDil": 5030000000,
    "link": "https://www.sec.gov/Archives/edgar/data/21344/000002134497000034/0000021344-97-000034-index.htm",
    "finalLink": "https://www.sec.gov/Archives/edgar/data/21344/0000021344-97-000034.txt"
  },
  {
    "date": "1997-06-30",
    "symbol": "KO",
    "reportedCurrency": "USD",
    "cik": "0000021344",
    "fillingDate": "1997-08-14",
    "acceptedDate": "1997-08-14 00:00:00",
    "calendarYear": "1997",
    "period": "Q2",
    "revenue": 5075000000,
    "costOfRevenue": 1446000000,
    "grossProfit": 3629000000,
    "grossProfitRatio": 0.7150738916,
    "researchAndDevelopmentExpenses": 0,
    "generalAndAdministrativeExpenses": 0,
    "sellingAndMarketingExpenses": 0,
    "sellingGeneralAndAdministrativeExpenses": 2023000000,
    "otherExpenses": 163000000,
    "operatingExpenses": 2186000000,
    "costAndExpenses": 3632000000,
    "interestIncome": 0,
    "interestExpense": 0,
    "depreciationAndAmortization": 163000000,
    "ebitda": 1606000000,
    "ebitdaratio": 0.316453202,
    "operatingIncome": 1443000000,
    "operatingIncomeRatio": 0.2843349754,
    "totalOtherIncomeExpensesNet": 492000000,
    "incomeBeforeTax": 1935000000,
    "incomeBeforeTaxRatio": 0.3812807882,
    "incomeTaxExpense": 621000000,
    "netIncome": 1314000000,
    "netIncomeRatio": 0.2589162562,
    "eps": 0.27,
    "epsdiluted": 0.26,
    "weightedAverageShsOut": 4960000000,
    "weightedAverageShsOutDil": 5038000000,
    "link": "https://www.sec.gov/Archives/edgar/data/21344/000002134497000027/0000021344-97-000027-index.htm",
    "finalLink": "https://www.sec.gov/Archives/edgar/data/21344/0000021344-97-000027.txt"
  },
  {
    "date": "1997-03-31",
    "symbol": "KO",
    "reportedCurrency": "USD",
    "cik": "0000021344",
    "fillingDate": "1997-05-13",
    "acceptedDate": "1997-05-13 00:00:00",
    "calendarYear": "1997",
    "period": "Q1",
    "revenue": 4138000000,
    "costOfRevenue": 1157000000,
    "grossProfit": 2981000000,
    "grossProfitRatio": 0.7203963267,
    "researchAndDevelopmentExpenses": 0,
    "generalAndAdministrativeExpenses": 0,
    "sellingAndMarketingExpenses": 0,
    "sellingGeneralAndAdministrativeExpenses": 1701000000,
    "otherExpenses": 138000000,
    "operatingExpenses": 1839000000,
    "costAndExpenses": 2996000000,
    "interestIncome": 0,
    "interestExpense": 0,
    "depreciationAndAmortization": 138000000,
    "ebitda": 1280000000,
    "ebitdaratio": 0.3093281779,
    "operatingIncome": 1142000000,
    "operatingIncomeRatio": 0.2759787337,
    "totalOtherIncomeExpensesNet": 289000000,
    "incomeBeforeTax": 1431000000,
    "incomeBeforeTaxRatio": 0.3458192363,
    "incomeTaxExpense": 444000000,
    "netIncome": 987000000,
    "netIncomeRatio": 0.2385210246,
    "eps": 0.2,
    "epsdiluted": 0.2,
    "weightedAverageShsOut": 4960000000,
    "weightedAverageShsOutDil": 5038000000,
    "link": "https://www.sec.gov/Archives/edgar/data/21344/000002134497000019/0000021344-97-000019-index.htm",
    "finalLink": "https://www.sec.gov/Archives/edgar/data/21344/0000021344-97-000019.txt"
  },
  {
    "date": "1996-12-31",
    "symbol": "KO",
    "reportedCurrency": "USD",
    "cik": "0000021344",
    "fillingDate": "1997-03-11",
    "acceptedDate": "1997-03-11 00:00:00",
    "calendarYear": "1996",
    "period": "Q4",
    "revenue": 4443000000,
    "costOfRevenue": 1369000000,
    "grossProfit": 3074000000,
    "grossProfitRatio": 0.6918748593,
    "researchAndDevelopmentExpenses": 0,
    "generalAndAdministrativeExpenses": 0,
    "sellingAndMarketingExpenses": 0,
    "sellingGeneralAndAdministrativeExpenses": 1909000000,
    "otherExpenses": 119000000,
    "operatingExpenses": 2028000000,
    "costAndExpenses": 3397000000,
    "interestIncome": 0,
    "interestExpense": 0,
    "depreciationAndAmortization": 119000000,
    "ebitda": 1165000000,
    "ebitdaratio": 0.2622102183,
    "operatingIncome": 1046000000,
    "operatingIncomeRatio": 0.2354265136,
    "totalOtherIncomeExpensesNet": 58000000,
    "incomeBeforeTax": 1104000000,
    "incomeBeforeTaxRatio": 0.2484807562,
    "incomeTaxExpense": 342000000,
    "netIncome": 762000000,
    "netIncomeRatio": 0.1715057394,
    "eps": 0.15,
    "epsdiluted": 0.15,
    "weightedAverageShsOut": 4960000000,
    "weightedAverageShsOutDil": 4960000000,
    "link": "https://www.sec.gov/Archives/edgar/data/21344/000002134497000014/0000021344-97-000014-index.htm",
    "finalLink": "https://www.sec.gov/Archives/edgar/data/21344/0000021344-97-000014.txt"
  },
  {
    "date": "1996-09-30",
    "symbol": "KO",
    "reportedCurrency": "USD",
    "cik": "0000021344",
    "fillingDate": "1996-11-14",
    "acceptedDate": "1996-11-14 00:00:00",
    "calendarYear": "1996",
    "period": "Q3",
    "revenue": 4656000000,
    "costOfRevenue": 1689000000,
    "grossProfit": 2967000000,
    "grossProfitRatio": 0.637242268,
    "researchAndDevelopmentExpenses": 0,
    "generalAndAdministrativeExpenses": 0,
    "sellingAndMarketingExpenses": 0,
    "sellingGeneralAndAdministrativeExpenses": 2388000000,
    "otherExpenses": 125000000,
    "operatingExpenses": 2513000000,
    "costAndExpenses": 4202000000,
    "interestIncome": 0,
    "interestExpense": 0,
    "depreciationAndAmortization": 125000000,
    "ebitda": 579000000,
    "ebitdaratio": 0.1243556701,
    "operatingIncome": 454000000,
    "operatingIncomeRatio": 0.0975085911,
    "totalOtherIncomeExpensesNet": 483000000,
    "incomeBeforeTax": 937000000,
    "incomeBeforeTaxRatio": 0.2012457045,
    "incomeTaxExpense": -30000000,
    "netIncome": 967000000,
    "netIncomeRatio": 0.2076890034,
    "eps": 0.2,
    "epsdiluted": 0.19,
    "weightedAverageShsOut": 4984000000,
    "weightedAverageShsOutDil": 4984000000,
    "link": "https://www.sec.gov/Archives/edgar/data/21344/000002134496000026/0000021344-96-000026-index.htm",
    "finalLink": "https://www.sec.gov/Archives/edgar/data/21344/0000021344-96-000026.txt"
  },
  {
    "date": "1996-06-30",
    "symbol": "KO",
    "reportedCurrency": "USD",
    "cik": "0000021344",
    "fillingDate": "1996-08-13",
    "acceptedDate": "1996-08-13 00:00:00",
    "calendarYear": "1996",
    "period": "Q2",
    "revenue": 5286000000,
    "costOfRevenue": 1783000000,
    "grossProfit": 3503000000,
    "grossProfitRatio": 0.6626939084,
    "researchAndDevelopmentExpenses": 0,
    "generalAndAdministrativeExpenses": 0,
    "sellingAndMarketingExpenses": 0,
    "sellingGeneralAndAdministrativeExpenses": 1998000000,
    "otherExpenses": 123000000,
    "operatingExpenses": 2121000000,
    "costAndExpenses": 3904000000,
    "interestIncome": 0,
    "interestExpense": 0,
    "depreciationAndAmortization": 123000000,
    "ebitda": 1505000000,
    "ebitdaratio": 0.2847143398,
    "operatingIncome": 1382000000,
    "operatingIncomeRatio": 0.2614453273,
    "totalOtherIncomeExpensesNet": 140000000,
    "incomeBeforeTax": 1522000000,
    "incomeBeforeTaxRatio": 0.2879303821,
    "incomeTaxExpense": 472000000,
    "netIncome": 1050000000,
    "netIncomeRatio": 0.1986379115,
    "eps": 0.21,
    "epsdiluted": 0.21,
    "weightedAverageShsOut": 5000000000,
    "weightedAverageShsOutDil": 5000000000,
    "link": "https://www.sec.gov/Archives/edgar/data/21344/000002134496000015/0000021344-96-000015-index.htm",
    "finalLink": "https://www.sec.gov/Archives/edgar/data/21344/0000021344-96-000015.txt"
  },
  {
    "date": "1996-03-31",
    "symbol": "KO",
    "reportedCurrency": "USD",
    "cik": "0000021344",
    "fillingDate": "1996-05-10",
    "acceptedDate": "1996-05-10 00:00:00",
    "calendarYear": "1996",
    "period": "Q1",
    "revenue": 4194000000,
    "costOfRevenue": 1418000000,
    "grossProfit": 2776000000,
    "grossProfitRatio": 0.6618979495,
    "researchAndDevelopmentExpenses": 0,
    "generalAndAdministrativeExpenses": 0,
    "sellingAndMarketingExpenses": 0,
    "sellingGeneralAndAdministrativeExpenses": 1631000000,
    "otherExpenses": 112000000,
    "operatingExpenses": 1743000000,
    "costAndExpenses": 3161000000,
    "interestIncome": 0,
    "interestExpense": 0,
    "depreciationAndAmortization": 112000000,
    "ebitda": 1145000000,
    "ebitdaratio": 0.2730090606,
    "operatingIncome": 1033000000,
    "operatingIncomeRatio": 0.2463042442,
    "totalOtherIncomeExpensesNet": 0,
    "incomeBeforeTax": 1033000000,
    "incomeBeforeTaxRatio": 0.2463042442,
    "incomeTaxExpense": 320000000,
    "netIncome": 713000000,
    "netIncomeRatio": 0.1700047687,
    "eps": 0.14,
    "epsdiluted": 0.14,
    "weightedAverageShsOut": 5006000000,
    "weightedAverageShsOutDil": 5006000000,
    "link": "https://www.sec.gov/Archives/edgar/data/21344/000002134496000012/0000021344-96-000012-index.htm",
    "finalLink": "https://www.sec.gov/Archives/edgar/data/21344/0000021344-96-000012.txt"
  },
  {
    "date": "1995-12-31",
    "symbol": "KO",
    "reportedCurrency": "USD",
    "cik": "0000021344",
    "fillingDate": "1996-03-14",
    "acceptedDate": "1996-03-14 00:00:00",
    "calendarYear": "1995",
    "period": "Q4",
    "revenue": 4333000000,
    "costOfRevenue": 1553000000,
    "grossProfit": 2780000000,
    "grossProfitRatio": 0.6415878144,
    "researchAndDevelopmentExpenses": 0,
    "generalAndAdministrativeExpenses": 0,
    "sellingAndMarketingExpenses": 0,
    "sellingGeneralAndAdministrativeExpenses": 1714000000,
    "otherExpenses": 117000000,
    "operatingExpenses": 1831000000,
    "costAndExpenses": 3384000000,
    "interestIncome": 0,
    "interestExpense": 0,
    "depreciationAndAmortization": 117000000,
    "ebitda": 1066000000,
    "ebitdaratio": 0.2460189245,
    "operatingIncome": 949000000,
    "operatingIncomeRatio": 0.2190168474,
    "totalOtherIncomeExpensesNet": -24000000,
    "incomeBeforeTax": 925000000,
    "incomeBeforeTaxRatio": 0.2134779598,
    "incomeTaxExpense": 277000000,
    "netIncome": 648000000,
    "netIncomeRatio": 0.1495499654,
    "eps": 0.13,
    "epsdiluted": 0.13,
    "weightedAverageShsOut": 5006000000,
    "weightedAverageShsOutDil": 5006000000,
    "link": "https://www.sec.gov/Archives/edgar/data/21344/000002134496000006/0000021344-96-000006-index.htm",
    "finalLink": "https://www.sec.gov/Archives/edgar/data/21344/0000021344-96-000006.txt"
  },
  {
    "date": "1995-09-30",
    "symbol": "KO",
    "reportedCurrency": "USD",
    "cik": "0000021344",
    "fillingDate": "1995-11-13",
    "acceptedDate": "1995-11-13 00:00:00",
    "calendarYear": "1995",
    "period": "Q3",
    "revenue": 4895000000,
    "costOfRevenue": 1831000000,
    "grossProfit": 3064000000,
    "grossProfitRatio": 0.6259448417,
    "researchAndDevelopmentExpenses": 0,
    "generalAndAdministrativeExpenses": 0,
    "sellingAndMarketingExpenses": 0,
    "sellingGeneralAndAdministrativeExpenses": 1940000000,
    "otherExpenses": 118000000,
    "operatingExpenses": 2058000000,
    "costAndExpenses": 3889000000,
    "interestIncome": 0,
    "interestExpense": 0,
    "depreciationAndAmortization": 118000000,
    "ebitda": 1124000000,
    "ebitdaratio": 0.2296220633,
    "operatingIncome": 1006000000,
    "operatingIncomeRatio": 0.2055158325,
    "totalOtherIncomeExpensesNet": 162000000,
    "incomeBeforeTax": 1168000000,
    "incomeBeforeTaxRatio": 0.2386108274,
    "incomeTaxExpense": 366000000,
    "netIncome": 802000000,
    "netIncomeRatio": 0.1638406537,
    "eps": 0.16,
    "epsdiluted": 0.16,
    "weightedAverageShsOut": 5036000000,
    "weightedAverageShsOutDil": 5036000000,
    "link": "https://www.sec.gov/Archives/edgar/data/21344/000002134495000041/0000021344-95-000041-index.htm",
    "finalLink": "https://www.sec.gov/Archives/edgar/data/21344/0000021344-95-000041.txt"
  }
]