[
  {
    "date": "2025-08-16",
    "symbol": "KR",
    "reportedCurrency": "USD",
    "cik": "0000056873",
    "fillingDate": "2025-09-19",
    "acceptedDate": "2025-09-19 16:06:42",
    "calendarYear": "2025",
    "period": "Q2",
    "revenue": 33940000000,
    "costOfRevenue": 26908000000,
    "grossProfit": 7032000000,
    "grossProfitRatio": 0.2071891573,
    "researchAndDevelopmentExpenses": 0,
    "generalAndAdministrativeExpenses": 5967000000,
    "sellingAndMarketingExpenses": 0,
    "sellingGeneralAndAdministrativeExpenses": 5967000000,
    "otherExpenses": 202000000,
    "operatingExpenses": 6169000000,
    "costAndExpenses": 33077000000,
    "interestIncome": 0,
    "interestExpense": 144000000,
    "depreciationAndAmortization": 778000000,
    "ebitda": 1694000000,
    "ebitdaratio": 0.0499116087,
    "operatingIncome": 863000000,
    "operatingIncomeRatio": 0.0254272245,
    "totalOtherIncomeExpensesNet": -91000000,
    "incomeBeforeTax": 772000000,
    "incomeBeforeTaxRatio": 0.0227460224,
    "incomeTaxExpense": 162000000,
    "netIncome": 609000000,
    "netIncomeRatio": 0.0179434296,
    "eps": 0.92,
    "epsdiluted": 0.91,
    "weightedAverageShsOut": 662000000,
    "weightedAverageShsOutDil": 665000000,
    "link": "https://www.sec.gov/Archives/edgar/data/56873/000110465925091648/0001104659-25-091648-index.htm",
    "finalLink": "https://www.sec.gov/Archives/edgar/data/56873/000110465925091648/kr-20250816x10q.htm"
  },
  {
    "date": "2025-05-24",
    "symbol": "KR",
    "reportedCurrency": "USD",
    "cik": "0000056873",
    "fillingDate": "2025-06-27",
    "acceptedDate": "2025-06-27 16:10:29",
    "calendarYear": "2025",
    "period": "Q1",
    "revenue": 45118000000,
    "costOfRevenue": 35602000000,
    "grossProfit": 9516000000,
    "grossProfitRatio": 0.2109136043,
    "researchAndDevelopmentExpenses": 0,
    "generalAndAdministrativeExpenses": 0,
    "sellingAndMarketingExpenses": 0,
    "sellingGeneralAndAdministrativeExpenses": 8078000000,
    "otherExpenses": 0,
    "operatingExpenses": 8078000000,
    "costAndExpenses": 43680000000,
    "interestIncome": 63000000,
    "interestExpense": 265000000,
    "depreciationAndAmortization": 1235000000,
    "ebitda": 2603000000,
    "ebitdaratio": 0.0576931602,
    "operatingIncome": 1438000000,
    "operatingIncomeRatio": 0.0318719801,
    "totalOtherIncomeExpensesNet": -335000000,
    "incomeBeforeTax": 1103000000,
    "incomeBeforeTaxRatio": 0.0244470056,
    "incomeTaxExpense": 235000000,
    "netIncome": 866000000,
    "netIncomeRatio": 0.0191941132,
    "eps": 1.3,
    "epsdiluted": 1.29,
    "weightedAverageShsOut": 660000000,
    "weightedAverageShsOutDil": 664000000,
    "link": "https://www.sec.gov/Archives/edgar/data/56873/000155837025008960/0001558370-25-008960-index.htm",
    "finalLink": "https://www.sec.gov/Archives/edgar/data/56873/000155837025008960/kr-20250524x10q.htm"
  },
  {
    "date": "2025-02-01",
    "symbol": "KR",
    "reportedCurrency": "USD",
    "cik": "0000056873",
    "fillingDate": "2025-04-01",
    "acceptedDate": "2025-04-01 16:18:45",
    "calendarYear": "2024",
    "period": "Q4",
    "revenue": 34308000000,
    "costOfRevenue": 27147000000,
    "grossProfit": 7161000000,
    "grossProfitRatio": 0.2087268276,
    "researchAndDevelopmentExpenses": 0,
    "generalAndAdministrativeExpenses": 0,
    "sellingAndMarketingExpenses": 0,
    "sellingGeneralAndAdministrativeExpenses": 5971000000,
    "otherExpenses": 0,
    "operatingExpenses": 5971000000,
    "costAndExpenses": 33118000000,
    "interestIncome": 0,
    "interestExpense": 159000000,
    "depreciationAndAmortization": 898000000,
    "ebitda": 1793000000,
    "ebitdaratio": 0.0522618631,
    "operatingIncome": 1190000000,
    "operatingIncomeRatio": 0.0346857876,
    "totalOtherIncomeExpensesNet": -454000000,
    "incomeBeforeTax": 736000000,
    "incomeBeforeTaxRatio": 0.0214527224,
    "incomeTaxExpense": 102000000,
    "netIncome": 634000000,
    "netIncomeRatio": 0.0184796549,
    "eps": 0.9,
    "epsdiluted": 0.91,
    "weightedAverageShsOut": 691000000,
    "weightedAverageShsOutDil": 696000000,
    "link": "https://www.sec.gov/Archives/edgar/data/56873/000155837025004267/0001558370-25-004267-index.htm",
    "finalLink": "https://www.sec.gov/Archives/edgar/data/56873/000155837025004267/kr-20250201x10k.htm"
  },
  {
    "date": "2024-11-09",
    "symbol": "KR",
    "reportedCurrency": "USD",
    "cik": "0000056873",
    "fillingDate": "2024-12-13",
    "acceptedDate": "2024-12-13 16:14:32",
    "calendarYear": "2024",
    "period": "Q3",
    "revenue": 33634000000,
    "costOfRevenue": 26705000000,
    "grossProfit": 6929000000,
    "grossProfitRatio": 0.2060117738,
    "researchAndDevelopmentExpenses": 0,
    "generalAndAdministrativeExpenses": 0,
    "sellingAndMarketingExpenses": 0,
    "sellingGeneralAndAdministrativeExpenses": 5915000000,
    "otherExpenses": 0,
    "operatingExpenses": 5915000000,
    "costAndExpenses": 32620000000,
    "interestIncome": 0,
    "interestExpense": 88000000,
    "depreciationAndAmortization": 895000000,
    "ebitda": 1787000000,
    "ebitdaratio": 0.0531307605,
    "operatingIncome": 1014000000,
    "operatingIncomeRatio": 0.0301480645,
    "totalOtherIncomeExpensesNet": -210000000,
    "incomeBeforeTax": 804000000,
    "incomeBeforeTaxRatio": 0.0239043825,
    "incomeTaxExpense": 187000000,
    "netIncome": 618000000,
    "netIncomeRatio": 0.0183742641,
    "eps": 0.85,
    "epsdiluted": 0.84,
    "weightedAverageShsOut": 723000000,
    "weightedAverageShsOutDil": 728000000,
    "link": "https://www.sec.gov/Archives/edgar/data/56873/000155837024016233/0001558370-24-016233-index.htm",
    "finalLink": "https://www.sec.gov/Archives/edgar/data/56873/000155837024016233/kr-20241109x10q.htm"
  },
  {
    "date": "2024-08-17",
    "symbol": "KR",
    "reportedCurrency": "USD",
    "cik": "0000056873",
    "fillingDate": "2024-09-20",
    "acceptedDate": "2024-09-20 16:07:43",
    "calendarYear": "2024",
    "period": "Q2",
    "revenue": 33912000000,
    "costOfRevenue": 27012000000,
    "grossProfit": 6900000000,
    "grossProfitRatio": 0.203467799,
    "researchAndDevelopmentExpenses": 0,
    "generalAndAdministrativeExpenses": 0,
    "sellingAndMarketingExpenses": 0,
    "sellingGeneralAndAdministrativeExpenses": 5937000000,
    "otherExpenses": 0,
    "operatingExpenses": 5937000000,
    "costAndExpenses": 32949000000,
    "interestIncome": 0,
    "interestExpense": 86000000,
    "depreciationAndAmortization": 891000000,
    "ebitda": 1590000000,
    "ebitdaratio": 0.046886058,
    "operatingIncome": 963000000,
    "operatingIncomeRatio": 0.0283970276,
    "totalOtherIncomeExpensesNet": -350000000,
    "incomeBeforeTax": 613000000,
    "incomeBeforeTaxRatio": 0.0180761972,
    "incomeTaxExpense": 148000000,
    "netIncome": 466000000,
    "netIncomeRatio": 0.0137414485,
    "eps": 0.64,
    "epsdiluted": 0.64,
    "weightedAverageShsOut": 723000000,
    "weightedAverageShsOutDil": 727000000,
    "link": "https://www.sec.gov/Archives/edgar/data/56873/000155837024012921/0001558370-24-012921-index.htm",
    "finalLink": "https://www.sec.gov/Archives/edgar/data/56873/000155837024012921/kr-20240817x10q.htm"
  },
  {
    "date": "2024-05-25",
    "symbol": "KR",
    "reportedCurrency": "USD",
    "cik": "0000056873",
    "fillingDate": "2024-06-28",
    "acceptedDate": "2024-06-28 16:16:18",
    "calendarYear": "2024",
    "period": "Q1",
    "revenue": 45269000000,
    "costOfRevenue": 36102000000,
    "grossProfit": 9167000000,
    "grossProfitRatio": 0.2025006075,
    "researchAndDevelopmentExpenses": 0,
    "generalAndAdministrativeExpenses": 0,
    "sellingAndMarketingExpenses": 0,
    "sellingGeneralAndAdministrativeExpenses": 7698000000,
    "otherExpenses": 0,
    "operatingExpenses": 7698000000,
    "costAndExpenses": 43800000000,
    "interestIncome": 0,
    "interestExpense": 126000000,
    "depreciationAndAmortization": 1165000000,
    "ebitda": 2482000000,
    "ebitdaratio": 0.0548278071,
    "operatingIncome": 1469000000,
    "operatingIncomeRatio": 0.0324504628,
    "totalOtherIncomeExpensesNet": -278000000,
    "incomeBeforeTax": 1191000000,
    "incomeBeforeTaxRatio": 0.026309395,
    "incomeTaxExpense": 235000000,
    "netIncome": 947000000,
    "netIncomeRatio": 0.020919393,
    "eps": 1.3,
    "epsdiluted": 1.29,
    "weightedAverageShsOut": 721000000,
    "weightedAverageShsOutDil": 727000000,
    "link": "https://www.sec.gov/Archives/edgar/data/56873/000155837024009615/0001558370-24-009615-index.htm",
    "finalLink": "https://www.sec.gov/Archives/edgar/data/56873/000155837024009615/kr-20240525x10q.htm"
  },
  {
    "date": "2024-02-03",
    "symbol": "KR",
    "reportedCurrency": "USD",
    "cik": "0000056873",
    "fillingDate": "2024-04-02",
    "acceptedDate": "2024-04-02 16:15:17",
    "calendarYear": "2023",
    "period": "Q4",
    "revenue": 37064000000,
    "costOfRevenue": 29372000000,
    "grossProfit": 7692000000,
    "grossProfitRatio": 0.207532916,
    "researchAndDevelopmentExpenses": 0,
    "generalAndAdministrativeExpenses": 0,
    "sellingAndMarketingExpenses": 0,
    "sellingGeneralAndAdministrativeExpenses": 6291000000,
    "otherExpenses": 0,
    "operatingExpenses": 6291000000,
    "costAndExpenses": 35663000000,
    "interestIncome": 0,
    "interestExpense": 102000000,
    "depreciationAndAmortization": 882000000,
    "ebitda": 1918000000,
    "ebitdaratio": 0.0517483272,
    "operatingIncome": 1401000000,
    "operatingIncomeRatio": 0.037799482,
    "totalOtherIncomeExpensesNet": -467000000,
    "incomeBeforeTax": 934000000,
    "incomeBeforeTaxRatio": 0.0251996547,
    "incomeTaxExpense": 195000000,
    "netIncome": 736000000,
    "netIncomeRatio": 0.0198575437,
    "eps": 1.02,
    "epsdiluted": 1.01,
    "weightedAverageShsOut": 719000000,
    "weightedAverageShsOutDil": 725000000,
    "link": "https://www.sec.gov/Archives/edgar/data/56873/000155837024004603/0001558370-24-004603-index.htm",
    "finalLink": "https://www.sec.gov/Archives/edgar/data/56873/000155837024004603/kr-20240203x10k.htm"
  },
  {
    "date": "2023-11-04",
    "symbol": "KR",
    "reportedCurrency": "USD",
    "cik": "0000056873",
    "fillingDate": "2023-12-08",
    "acceptedDate": "2023-12-08 15:37:28",
    "calendarYear": "2023",
    "period": "Q3",
    "revenue": 33957000000,
    "costOfRevenue": 27198000000,
    "grossProfit": 6759000000,
    "grossProfitRatio": 0.1990458521,
    "researchAndDevelopmentExpenses": 0,
    "generalAndAdministrativeExpenses": 0,
    "sellingAndMarketingExpenses": 0,
    "sellingGeneralAndAdministrativeExpenses": 5763000000,
    "otherExpenses": 0,
    "operatingExpenses": 5763000000,
    "costAndExpenses": 32961000000,
    "interestIncome": 0,
    "interestExpense": 96000000,
    "depreciationAndAmortization": 863000000,
    "ebitda": 1810000000,
    "ebitdaratio": 0.0533027064,
    "operatingIncome": 996000000,
    "operatingIncomeRatio": 0.029331213,
    "totalOtherIncomeExpensesNet": -145000000,
    "incomeBeforeTax": 851000000,
    "incomeBeforeTaxRatio": 0.0250611067,
    "incomeTaxExpense": 204000000,
    "netIncome": 646000000,
    "netIncomeRatio": 0.0190240598,
    "eps": 0.89,
    "epsdiluted": 0.88,
    "weightedAverageShsOut": 719000000,
    "weightedAverageShsOutDil": 725000000,
    "link": "https://www.sec.gov/Archives/edgar/data/56873/000155837023019686/0001558370-23-019686-index.htm",
    "finalLink": "https://www.sec.gov/Archives/edgar/data/56873/000155837023019686/kr-20231104x10q.htm"
  },
  {
    "date": "2023-08-12",
    "symbol": "KR",
    "reportedCurrency": "USD",
    "cik": "0000056873",
    "fillingDate": "2023-09-15",
    "acceptedDate": "2023-09-15 14:48:16",
    "calendarYear": "2023",
    "period": "Q2",
    "revenue": 33853000000,
    "costOfRevenue": 27191000000,
    "grossProfit": 6662000000,
    "grossProfitRatio": 0.1967920125,
    "researchAndDevelopmentExpenses": 0,
    "generalAndAdministrativeExpenses": 0,
    "sellingAndMarketingExpenses": 0,
    "sellingGeneralAndAdministrativeExpenses": 5687000000,
    "otherExpenses": 0,
    "operatingExpenses": 5687000000,
    "costAndExpenses": 32878000000,
    "interestIncome": 0,
    "interestExpense": 95000000,
    "depreciationAndAmortization": 858000000,
    "ebitda": 756000000,
    "ebitdaratio": 0.0223318465,
    "operatingIncome": 975000000,
    "operatingIncomeRatio": 0.0288009925,
    "totalOtherIncomeExpensesNet": -1172000000,
    "incomeBeforeTax": -197000000,
    "incomeBeforeTaxRatio": -0.0058192775,
    "incomeTaxExpense": -18000000,
    "netIncome": -180000000,
    "netIncomeRatio": -0.0053171063,
    "eps": -0.25,
    "epsdiluted": -0.25,
    "weightedAverageShsOut": 719000000,
    "weightedAverageShsOutDil": 719000000,
    "link": "https://www.sec.gov/Archives/edgar/data/56873/000155837023015803/0001558370-23-015803-index.htm",
    "finalLink": "https://www.sec.gov/Archives/edgar/data/56873/000155837023015803/kr-20230812x10q.htm"
  },
  {
    "date": "2023-05-20",
    "symbol": "KR",
    "reportedCurrency": "USD",
    "cik": "0000056873",
    "fillingDate": "2023-06-23",
    "acceptedDate": "2023-06-23 11:15:14",
    "calendarYear": "2023",
    "period": "Q1",
    "revenue": 45165000000,
    "costOfRevenue": 36037000000,
    "grossProfit": 9128000000,
    "grossProfitRatio": 0.2021033986,
    "researchAndDevelopmentExpenses": 0,
    "generalAndAdministrativeExpenses": 0,
    "sellingAndMarketingExpenses": 0,
    "sellingGeneralAndAdministrativeExpenses": 7556000000,
    "otherExpenses": 0,
    "operatingExpenses": 7556000000,
    "costAndExpenses": 43593000000,
    "interestIncome": 0,
    "interestExpense": 155000000,
    "depreciationAndAmortization": 1145000000,
    "ebitda": 2548000000,
    "ebitdaratio": 0.0564153659,
    "operatingIncome": 1572000000,
    "operatingIncomeRatio": 0.0348057124,
    "totalOtherIncomeExpensesNet": -324000000,
    "incomeBeforeTax": 1248000000,
    "incomeBeforeTaxRatio": 0.0276320159,
    "incomeTaxExpense": 286000000,
    "netIncome": 962000000,
    "netIncomeRatio": 0.021299679,
    "eps": 1.33,
    "epsdiluted": 1.32,
    "weightedAverageShsOut": 717000000,
    "weightedAverageShsOutDil": 724000000,
    "link": "https://www.sec.gov/Archives/edgar/data/56873/000155837023011335/0001558370-23-011335-index.htm",
    "finalLink": "https://www.sec.gov/Archives/edgar/data/56873/000155837023011335/kr-20230520x10q.htm"
  },
  {
    "date": "2023-01-28",
    "symbol": "KR",
    "reportedCurrency": "USD",
    "cik": "0000056873",
    "fillingDate": "2023-03-28",
    "acceptedDate": "2023-03-28 08:09:40",
    "calendarYear": "2022",
    "period": "Q4",
    "revenue": 34822000000,
    "costOfRevenue": 27953000000,
    "grossProfit": 6870000000,
    "grossProfitRatio": 0.1972890701,
    "researchAndDevelopmentExpenses": 0,
    "generalAndAdministrativeExpenses": 0,
    "sellingAndMarketingExpenses": 0,
    "sellingGeneralAndAdministrativeExpenses": 5760000000,
    "otherExpenses": 0,
    "operatingExpenses": 5760000000,
    "costAndExpenses": 33713000000,
    "interestIncome": 0,
    "interestExpense": 115000000,
    "depreciationAndAmortization": 849000000,
    "ebitda": 1587000000,
    "ebitdaratio": 0.0455746367,
    "operatingIncome": 1110000000,
    "operatingIncomeRatio": 0.0318764,
    "totalOtherIncomeExpensesNet": -487000000,
    "incomeBeforeTax": 623000000,
    "incomeBeforeTaxRatio": 0.0178909885,
    "incomeTaxExpense": 172000000,
    "netIncome": 451000000,
    "netIncomeRatio": 0.0129515823,
    "eps": 0.63,
    "epsdiluted": 0.62,
    "weightedAverageShsOut": 716000000,
    "weightedAverageShsOutDil": 724000000,
    "link": "https://www.sec.gov/Archives/edgar/data/56873/000155837023004767/0001558370-23-004767-index.htm",
    "finalLink": "https://www.sec.gov/Archives/edgar/data/56873/000155837023004767/kr-20230128x10k.htm"
  },
  {
    "date": "2022-11-05",
    "symbol": "KR",
    "reportedCurrency": "USD",
    "cik": "0000056873",
    "fillingDate": "2022-12-09",
    "acceptedDate": "2022-12-09 15:14:19",
    "calendarYear": "2022",
    "period": "Q3",
    "revenue": 34198000000,
    "costOfRevenue": 27575000000,
    "grossProfit": 6623000000,
    "grossProfitRatio": 0.1936662963,
    "researchAndDevelopmentExpenses": 0,
    "generalAndAdministrativeExpenses": 0,
    "sellingAndMarketingExpenses": 0,
    "sellingGeneralAndAdministrativeExpenses": 5678000000,
    "otherExpenses": 0,
    "operatingExpenses": 5678000000,
    "costAndExpenses": 33253000000,
    "interestIncome": 0,
    "interestExpense": 121000000,
    "depreciationAndAmortization": 827000000,
    "ebitda": 1474000000,
    "ebitdaratio": 0.0431019358,
    "operatingIncome": 945000000,
    "operatingIncomeRatio": 0.0276331949,
    "totalOtherIncomeExpensesNet": -419000000,
    "incomeBeforeTax": 526000000,
    "incomeBeforeTaxRatio": 0.0153810164,
    "incomeTaxExpense": 126000000,
    "netIncome": 398000000,
    "netIncomeRatio": 0.0116381075,
    "eps": 0.55,
    "epsdiluted": 0.55,
    "weightedAverageShsOut": 716000000,
    "weightedAverageShsOutDil": 724000000,
    "link": "https://www.sec.gov/Archives/edgar/data/56873/000155837022018508/0001558370-22-018508-index.htm",
    "finalLink": "https://www.sec.gov/Archives/edgar/data/56873/000155837022018508/kr-20221105x10q.htm"
  },
  {
    "date": "2022-08-13",
    "symbol": "KR",
    "reportedCurrency": "USD",
    "cik": "0000056873",
    "fillingDate": "2022-09-16",
    "acceptedDate": "2022-09-16 10:58:12",
    "calendarYear": "2022",
    "period": "Q2",
    "revenue": 34638000000,
    "costOfRevenue": 28076000000,
    "grossProfit": 6562000000,
    "grossProfitRatio": 0.1894451181,
    "researchAndDevelopmentExpenses": 0,
    "generalAndAdministrativeExpenses": 0,
    "sellingAndMarketingExpenses": 0,
    "sellingGeneralAndAdministrativeExpenses": 5598000000,
    "otherExpenses": 0,
    "operatingExpenses": 5598000000,
    "costAndExpenses": 33674000000,
    "interestIncome": 0,
    "interestExpense": 129000000,
    "depreciationAndAmortization": 1013000000,
    "ebitda": 2083000000,
    "ebitdaratio": 0.0601362665,
    "operatingIncome": 964000000,
    "operatingIncomeRatio": 0.0278307062,
    "totalOtherIncomeExpensesNet": -23000000,
    "incomeBeforeTax": 941000000,
    "incomeBeforeTaxRatio": 0.0271666955,
    "incomeTaxExpense": 209000000,
    "netIncome": 724000000,
    "netIncomeRatio": 0.0209018996,
    "eps": 1.01,
    "epsdiluted": 1,
    "weightedAverageShsOut": 716000000,
    "weightedAverageShsOutDil": 725000000,
    "link": "https://www.sec.gov/Archives/edgar/data/56873/000155837022014443/0001558370-22-014443-index.htm",
    "finalLink": "https://www.sec.gov/Archives/edgar/data/56873/000155837022014443/kr-20220813x10q.htm"
  },
  {
    "date": "2022-05-21",
    "symbol": "KR",
    "reportedCurrency": "USD",
    "cik": "0000056873",
    "fillingDate": "2022-06-24",
    "acceptedDate": "2022-06-24 11:18:42",
    "calendarYear": "2022",
    "period": "Q1",
    "revenue": 44600000000,
    "costOfRevenue": 35842000000,
    "grossProfit": 8758000000,
    "grossProfitRatio": 0.196367713,
    "researchAndDevelopmentExpenses": 0,
    "generalAndAdministrativeExpenses": 0,
    "sellingAndMarketingExpenses": 0,
    "sellingGeneralAndAdministrativeExpenses": 7246000000,
    "otherExpenses": 0,
    "operatingExpenses": 7246000000,
    "costAndExpenses": 43088000000,
    "interestIncome": 0,
    "interestExpense": 180000000,
    "depreciationAndAmortization": 1076000000,
    "ebitda": 2068000000,
    "ebitdaratio": 0.046367713,
    "operatingIncome": 1512000000,
    "operatingIncomeRatio": 0.0339013453,
    "totalOtherIncomeExpensesNet": -700000000,
    "incomeBeforeTax": 812000000,
    "incomeBeforeTaxRatio": 0.018206278,
    "incomeTaxExpense": 146000000,
    "netIncome": 664000000,
    "netIncomeRatio": 0.0148878924,
    "eps": 0.91,
    "epsdiluted": 0.9,
    "weightedAverageShsOut": 722000000,
    "weightedAverageShsOutDil": 733000000,
    "link": "https://www.sec.gov/Archives/edgar/data/56873/000155837022010253/0001558370-22-010253-index.htm",
    "finalLink": "https://www.sec.gov/Archives/edgar/data/56873/000155837022010253/kr-20220521x10q.htm"
  },
  {
    "date": "2022-01-29",
    "symbol": "KR",
    "reportedCurrency": "USD",
    "cik": "0000056873",
    "fillingDate": "2022-03-29",
    "acceptedDate": "2022-03-29 15:21:50",
    "calendarYear": "2021",
    "period": "Q4",
    "revenue": 33048000000,
    "costOfRevenue": 26375000000,
    "grossProfit": 6673000000,
    "grossProfitRatio": 0.2019184217,
    "researchAndDevelopmentExpenses": 0,
    "generalAndAdministrativeExpenses": 0,
    "sellingAndMarketingExpenses": 0,
    "sellingGeneralAndAdministrativeExpenses": 5610000000,
    "otherExpenses": 0,
    "operatingExpenses": 5610000000,
    "costAndExpenses": 31985000000,
    "interestIncome": 0,
    "interestExpense": 133000000,
    "depreciationAndAmortization": 794000000,
    "ebitda": 1642000000,
    "ebitdaratio": 0.0496853062,
    "operatingIncome": 1063000000,
    "operatingIncomeRatio": 0.0321653353,
    "totalOtherIncomeExpensesNet": -348000000,
    "incomeBeforeTax": 715000000,
    "incomeBeforeTaxRatio": 0.0216351973,
    "incomeTaxExpense": 146000000,
    "netIncome": 566000000,
    "netIncomeRatio": 0.0171266037,
    "eps": 0.78,
    "epsdiluted": 0.77,
    "weightedAverageShsOut": 733000000,
    "weightedAverageShsOutDil": 743000000,
    "link": "https://www.sec.gov/Archives/edgar/data/56873/000155837022004595/0001558370-22-004595-index.htm",
    "finalLink": "https://www.sec.gov/Archives/edgar/data/56873/000155837022004595/kr-20220129x10k.htm"
  },
  {
    "date": "2021-11-06",
    "symbol": "KR",
    "reportedCurrency": "USD",
    "cik": "0000056873",
    "fillingDate": "2021-12-10",
    "acceptedDate": "2021-12-10 11:27:49",
    "calendarYear": "2021",
    "period": "Q3",
    "revenue": 31860000000,
    "costOfRevenue": 25618000000,
    "grossProfit": 6242000000,
    "grossProfitRatio": 0.1959196485,
    "researchAndDevelopmentExpenses": 0,
    "generalAndAdministrativeExpenses": 0,
    "sellingAndMarketingExpenses": 0,
    "sellingGeneralAndAdministrativeExpenses": 5358000000,
    "otherExpenses": 0,
    "operatingExpenses": 5358000000,
    "costAndExpenses": 30976000000,
    "interestIncome": 0,
    "interestExpense": 135000000,
    "depreciationAndAmortization": 795000000,
    "ebitda": 1492000000,
    "ebitdaratio": 0.0468298807,
    "operatingIncome": 884000000,
    "operatingIncomeRatio": 0.0277463905,
    "totalOtherIncomeExpensesNet": -322000000,
    "incomeBeforeTax": 562000000,
    "incomeBeforeTaxRatio": 0.0176396736,
    "incomeTaxExpense": 77000000,
    "netIncome": 483000000,
    "netIncomeRatio": 0.0151600753,
    "eps": 0.64,
    "epsdiluted": 0.64,
    "weightedAverageShsOut": 742000000,
    "weightedAverageShsOutDil": 752000000,
    "link": "https://www.sec.gov/Archives/edgar/data/56873/000155837021016667/0001558370-21-016667-index.htm",
    "finalLink": "https://www.sec.gov/Archives/edgar/data/56873/000155837021016667/kr-20211106x10q.htm"
  },
  {
    "date": "2021-08-14",
    "symbol": "KR",
    "reportedCurrency": "USD",
    "cik": "0000056873",
    "fillingDate": "2021-09-17",
    "acceptedDate": "2021-09-17 10:46:04",
    "calendarYear": "2021",
    "period": "Q2",
    "revenue": 31682000000,
    "costOfRevenue": 25561000000,
    "grossProfit": 6121000000,
    "grossProfitRatio": 0.1932011868,
    "researchAndDevelopmentExpenses": 0,
    "generalAndAdministrativeExpenses": 0,
    "sellingAndMarketingExpenses": 0,
    "sellingGeneralAndAdministrativeExpenses": 5216000000,
    "otherExpenses": 0,
    "operatingExpenses": 5216000000,
    "costAndExpenses": 30777000000,
    "interestIncome": 0,
    "interestExpense": 137000000,
    "depreciationAndAmortization": 788000000,
    "ebitda": 1520000000,
    "ebitdaratio": 0.0479767691,
    "operatingIncome": 905000000,
    "operatingIncomeRatio": 0.0285651158,
    "totalOtherIncomeExpensesNet": -310000000,
    "incomeBeforeTax": 595000000,
    "incomeBeforeTaxRatio": 0.01878038,
    "incomeTaxExpense": 126000000,
    "netIncome": 467000000,
    "netIncomeRatio": 0.014740231,
    "eps": 0.62,
    "epsdiluted": 0.61,
    "weightedAverageShsOut": 746000000,
    "weightedAverageShsOutDil": 755000000,
    "link": "https://www.sec.gov/Archives/edgar/data/56873/000155837021012583/0001558370-21-012583-index.htm",
    "finalLink": "https://www.sec.gov/Archives/edgar/data/56873/000155837021012583/kr-20210814x10q.htm"
  },
  {
    "date": "2021-05-22",
    "symbol": "KR",
    "reportedCurrency": "USD",
    "cik": "0000056873",
    "fillingDate": "2021-06-25",
    "acceptedDate": "2021-06-25 13:37:06",
    "calendarYear": "2021",
    "period": "Q1",
    "revenue": 41298000000,
    "costOfRevenue": 32808000000,
    "grossProfit": 8490000000,
    "grossProfitRatio": 0.2055789627,
    "researchAndDevelopmentExpenses": 0,
    "generalAndAdministrativeExpenses": 0,
    "sellingAndMarketingExpenses": 0,
    "sellingGeneralAndAdministrativeExpenses": 7598000000,
    "otherExpenses": 0,
    "operatingExpenses": 7598000000,
    "costAndExpenses": 40406000000,
    "interestIncome": 0,
    "interestExpense": 165000000,
    "depreciationAndAmortization": 1052000000,
    "ebitda": 1396000000,
    "ebitdaratio": 0.0338030897,
    "operatingIncome": 892000000,
    "operatingIncomeRatio": 0.0215991089,
    "totalOtherIncomeExpensesNet": -713000000,
    "incomeBeforeTax": 179000000,
    "incomeBeforeTaxRatio": 0.0043343503,
    "incomeTaxExpense": 36000000,
    "netIncome": 140000000,
    "netIncomeRatio": 0.0033899947,
    "eps": 0.18,
    "epsdiluted": 0.18,
    "weightedAverageShsOut": 752000000,
    "weightedAverageShsOutDil": 760000000,
    "link": "https://www.sec.gov/Archives/edgar/data/56873/000155837021008603/0001558370-21-008603-index.htm",
    "finalLink": "https://www.sec.gov/Archives/edgar/data/56873/000155837021008603/kr-20210522x10q.htm"
  },
  {
    "date": "2021-01-30",
    "symbol": "KR",
    "reportedCurrency": "USD",
    "cik": "0000056873",
    "fillingDate": "2021-03-30",
    "acceptedDate": "2021-03-30 14:54:31",
    "calendarYear": "2020",
    "period": "Q4",
    "revenue": 30737000000,
    "costOfRevenue": 24365000000,
    "grossProfit": 6372000000,
    "grossProfitRatio": 0.2073071542,
    "researchAndDevelopmentExpenses": 0,
    "generalAndAdministrativeExpenses": 0,
    "sellingAndMarketingExpenses": 0,
    "sellingGeneralAndAdministrativeExpenses": 6450000000,
    "otherExpenses": 0,
    "operatingExpenses": 6450000000,
    "costAndExpenses": 30815000000,
    "interestIncome": 0,
    "interestExpense": 106000000,
    "depreciationAndAmortization": 819000000,
    "ebitda": 815000000,
    "ebitdaratio": 0.0265152748,
    "operatingIncome": -78000000,
    "operatingIncomeRatio": -0.0025376582,
    "totalOtherIncomeExpensesNet": -32000000,
    "incomeBeforeTax": -110000000,
    "incomeBeforeTaxRatio": -0.0035787487,
    "incomeTaxExpense": -34000000,
    "netIncome": -77000000,
    "netIncomeRatio": -0.0025051241,
    "eps": -0.1,
    "epsdiluted": -0.1,
    "weightedAverageShsOut": 752181325,
    "weightedAverageShsOutDil": 761000000,
    "link": "https://www.sec.gov/Archives/edgar/data/56873/000155837021003706/0001558370-21-003706-index.htm",
    "finalLink": "https://www.sec.gov/Archives/edgar/data/56873/000155837021003706/kr-20210130x10k.htm"
  },
  {
    "date": "2020-11-07",
    "symbol": "KR",
    "reportedCurrency": "USD",
    "cik": "0000056873",
    "fillingDate": "2020-12-15",
    "acceptedDate": "2020-12-15 12:23:43",
    "calendarYear": "2020",
    "period": "Q3",
    "revenue": 29723000000,
    "costOfRevenue": 23532000000,
    "grossProfit": 6191000000,
    "grossProfitRatio": 0.2082898765,
    "researchAndDevelopmentExpenses": 0,
    "generalAndAdministrativeExpenses": 0,
    "sellingAndMarketingExpenses": 0,
    "sellingGeneralAndAdministrativeExpenses": 5342000000,
    "otherExpenses": 0,
    "operatingExpenses": 5342000000,
    "costAndExpenses": 28874000000,
    "interestIncome": 0,
    "interestExpense": 130000000,
    "depreciationAndAmortization": 776000000,
    "ebitda": 1740000000,
    "ebitdaratio": 0.0585405242,
    "operatingIncome": 849000000,
    "operatingIncomeRatio": 0.0285637385,
    "totalOtherIncomeExpensesNet": -15000000,
    "incomeBeforeTax": 834000000,
    "incomeBeforeTaxRatio": 0.0280590788,
    "incomeTaxExpense": 202000000,
    "netIncome": 631000000,
    "netIncomeRatio": 0.021229351,
    "eps": 0.81,
    "epsdiluted": 0.8,
    "weightedAverageShsOut": 772000000,
    "weightedAverageShsOutDil": 780000000,
    "link": "https://www.sec.gov/Archives/edgar/data/56873/000155837020014382/0001558370-20-014382-index.htm",
    "finalLink": "https://www.sec.gov/Archives/edgar/data/56873/000155837020014382/kr-20201107x10q.htm"
  },
  {
    "date": "2020-08-15",
    "symbol": "KR",
    "reportedCurrency": "USD",
    "cik": "0000056873",
    "fillingDate": "2020-09-22",
    "acceptedDate": "2020-09-22 10:44:49",
    "calendarYear": "2020",
    "period": "Q2",
    "revenue": 30489000000,
    "costOfRevenue": 24168000000,
    "grossProfit": 6321000000,
    "grossProfitRatio": 0.207320673,
    "researchAndDevelopmentExpenses": 0,
    "generalAndAdministrativeExpenses": 0,
    "sellingAndMarketingExpenses": 0,
    "sellingGeneralAndAdministrativeExpenses": 5501000000,
    "otherExpenses": 0,
    "operatingExpenses": 5501000000,
    "costAndExpenses": 29669000000,
    "interestIncome": 0,
    "interestExpense": 136000000,
    "depreciationAndAmortization": 760000000,
    "ebitda": 1957000000,
    "ebitdaratio": 0.0641870839,
    "operatingIncome": 820000000,
    "operatingIncomeRatio": 0.0268949457,
    "totalOtherIncomeExpensesNet": 241000000,
    "incomeBeforeTax": 1061000000,
    "incomeBeforeTaxRatio": 0.0347994359,
    "incomeTaxExpense": 241000000,
    "netIncome": 819000000,
    "netIncomeRatio": 0.026862147,
    "eps": 1.04,
    "epsdiluted": 1.03,
    "weightedAverageShsOut": 777000000,
    "weightedAverageShsOutDil": 786000000,
    "link": "https://www.sec.gov/Archives/edgar/data/56873/000155837020011232/0001558370-20-011232-index.htm",
    "finalLink": "https://www.sec.gov/Archives/edgar/data/56873/000155837020011232/kr-20200815x10q.htm"
  },
  {
    "date": "2020-05-23",
    "symbol": "KR",
    "reportedCurrency": "USD",
    "cik": "0000056873",
    "fillingDate": "2020-06-26",
    "acceptedDate": "2020-06-26 14:12:17",
    "calendarYear": "2020",
    "period": "Q1",
    "revenue": 41549000000,
    "costOfRevenue": 32279000000,
    "grossProfit": 9270000000,
    "grossProfitRatio": 0.2231100628,
    "researchAndDevelopmentExpenses": 0,
    "generalAndAdministrativeExpenses": 0,
    "sellingAndMarketingExpenses": 0,
    "sellingGeneralAndAdministrativeExpenses": 7944000000,
    "otherExpenses": 0,
    "operatingExpenses": 7944000000,
    "costAndExpenses": 40223000000,
    "interestIncome": 0,
    "interestExpense": 176000000,
    "depreciationAndAmortization": 1018000000,
    "ebitda": 2779000000,
    "ebitdaratio": 0.0668848829,
    "operatingIncome": 1326000000,
    "operatingIncomeRatio": 0.0319141255,
    "totalOtherIncomeExpensesNet": 259000000,
    "incomeBeforeTax": 1585000000,
    "incomeBeforeTaxRatio": 0.0381477292,
    "incomeTaxExpense": 373000000,
    "netIncome": 1212000000,
    "netIncomeRatio": 0.0291703771,
    "eps": 1.53,
    "epsdiluted": 1.52,
    "weightedAverageShsOut": 780000000,
    "weightedAverageShsOutDil": 788000000,
    "link": "https://www.sec.gov/Archives/edgar/data/56873/000155837020007804/0001558370-20-007804-index.htm",
    "finalLink": "https://www.sec.gov/Archives/edgar/data/56873/000155837020007804/kr-20200626x10q.htm"
  },
  {
    "date": "2020-02-01",
    "symbol": "KR",
    "reportedCurrency": "USD",
    "cik": "0000056873",
    "fillingDate": "2020-04-01",
    "acceptedDate": "2020-04-01 09:01:18",
    "calendarYear": "2019",
    "period": "Q4",
    "revenue": 28893000000,
    "costOfRevenue": 23162000000,
    "grossProfit": 5731000000,
    "grossProfitRatio": 0.1983525421,
    "researchAndDevelopmentExpenses": 0,
    "generalAndAdministrativeExpenses": 0,
    "sellingAndMarketingExpenses": 0,
    "sellingGeneralAndAdministrativeExpenses": 5020000000,
    "otherExpenses": 0,
    "operatingExpenses": 5020000000,
    "costAndExpenses": 28182000000,
    "interestIncome": 0,
    "interestExpense": 130000000,
    "depreciationAndAmortization": 801000000,
    "ebitda": 1321000000,
    "ebitdaratio": 0.0457204167,
    "operatingIncome": 711000000,
    "operatingIncomeRatio": 0.0246080365,
    "totalOtherIncomeExpensesNet": -321000000,
    "incomeBeforeTax": 390000000,
    "incomeBeforeTaxRatio": 0.0134980791,
    "incomeTaxExpense": 71000000,
    "netIncome": 327000000,
    "netIncomeRatio": 0.0113176202,
    "eps": 0.4,
    "epsdiluted": 0.4,
    "weightedAverageShsOut": 797000000,
    "weightedAverageShsOutDil": 804000000,
    "link": "https://www.sec.gov/Archives/edgar/data/56873/000155837020003501/0001558370-20-003501-index.htm",
    "finalLink": "https://www.sec.gov/Archives/edgar/data/56873/000155837020003501/kr-20200201x10k.htm"
  },
  {
    "date": "2019-11-09",
    "symbol": "KR",
    "reportedCurrency": "USD",
    "cik": "0000056873",
    "fillingDate": "2019-12-17",
    "acceptedDate": "2019-12-17 14:50:49",
    "calendarYear": "2019",
    "period": "Q3",
    "revenue": 27974000000,
    "costOfRevenue": 22422000000,
    "grossProfit": 5552000000,
    "grossProfitRatio": 0.1984700079,
    "researchAndDevelopmentExpenses": 0,
    "generalAndAdministrativeExpenses": 0,
    "sellingAndMarketingExpenses": 0,
    "sellingGeneralAndAdministrativeExpenses": 4980000000,
    "otherExpenses": 0,
    "operatingExpenses": 4980000000,
    "costAndExpenses": 27402000000,
    "interestIncome": 0,
    "interestExpense": 139000000,
    "depreciationAndAmortization": 772000000,
    "ebitda": 1133000000,
    "ebitdaratio": 0.0405018946,
    "operatingIncome": 572000000,
    "operatingIncomeRatio": 0.0204475584,
    "totalOtherIncomeExpensesNet": -350000000,
    "incomeBeforeTax": 222000000,
    "incomeBeforeTaxRatio": 0.0079359405,
    "incomeTaxExpense": 79000000,
    "netIncome": 263000000,
    "netIncomeRatio": 0.0094015872,
    "eps": 0.32,
    "epsdiluted": 0.32,
    "weightedAverageShsOut": 802000000,
    "weightedAverageShsOutDil": 807000000,
    "link": "https://www.sec.gov/Archives/edgar/data/56873/000155837019011552/0001558370-19-011552-index.htm",
    "finalLink": "https://www.sec.gov/Archives/edgar/data/56873/000155837019011552/kr-20191109x10q6902ba.htm"
  },
  {
    "date": "2019-08-17",
    "symbol": "KR",
    "reportedCurrency": "USD",
    "cik": "0000056873",
    "fillingDate": "2019-09-24",
    "acceptedDate": "2019-09-24 16:12:27",
    "calendarYear": "2019",
    "period": "Q2",
    "revenue": 28168000000,
    "costOfRevenue": 22598000000,
    "grossProfit": 5570000000,
    "grossProfitRatio": 0.1977421187,
    "researchAndDevelopmentExpenses": 0,
    "generalAndAdministrativeExpenses": 0,
    "sellingAndMarketingExpenses": 0,
    "sellingGeneralAndAdministrativeExpenses": 5011000000,
    "otherExpenses": 0,
    "operatingExpenses": 5011000000,
    "costAndExpenses": 27609000000,
    "interestIncome": 0,
    "interestExpense": 132000000,
    "depreciationAndAmortization": 740000000,
    "ebitda": 1252000000,
    "ebitdaratio": 0.0444476001,
    "operatingIncome": 559000000,
    "operatingIncomeRatio": 0.0198452144,
    "totalOtherIncomeExpensesNet": -179000000,
    "incomeBeforeTax": 380000000,
    "incomeBeforeTaxRatio": 0.0134904857,
    "incomeTaxExpense": 93000000,
    "netIncome": 297000000,
    "netIncomeRatio": 0.0105438796,
    "eps": 0.37,
    "epsdiluted": 0.37,
    "weightedAverageShsOut": 800000000,
    "weightedAverageShsOutDil": 805000000,
    "link": "https://www.sec.gov/Archives/edgar/data/56873/000155837019008688/0001558370-19-008688-index.htm",
    "finalLink": "https://www.sec.gov/Archives/edgar/data/56873/000155837019008688/kr-20190817x10q.htm"
  },
  {
    "date": "2019-05-25",
    "symbol": "KR",
    "reportedCurrency": "USD",
    "cik": "0000056873",
    "fillingDate": "2019-06-28",
    "acceptedDate": "2019-06-28 12:12:24",
    "calendarYear": "2019",
    "period": "Q1",
    "revenue": 37251000000,
    "costOfRevenue": 29762000000,
    "grossProfit": 7489000000,
    "grossProfitRatio": 0.2010415828,
    "researchAndDevelopmentExpenses": 0,
    "generalAndAdministrativeExpenses": 0,
    "sellingAndMarketingExpenses": 0,
    "sellingGeneralAndAdministrativeExpenses": 6588000000,
    "otherExpenses": 0,
    "operatingExpenses": 6588000000,
    "costAndExpenses": 36350000000,
    "interestIncome": 0,
    "interestExpense": 199000000,
    "depreciationAndAmortization": 976000000,
    "ebitda": 2164000000,
    "ebitdaratio": 0.0580924002,
    "operatingIncome": 901000000,
    "operatingIncomeRatio": 0.0241872701,
    "totalOtherIncomeExpensesNet": 88000000,
    "incomeBeforeTax": 989000000,
    "incomeBeforeTaxRatio": 0.0265496228,
    "incomeTaxExpense": 226000000,
    "netIncome": 772000000,
    "netIncomeRatio": 0.0207242759,
    "eps": 0.96,
    "epsdiluted": 0.95,
    "weightedAverageShsOut": 798000000,
    "weightedAverageShsOutDil": 805000000,
    "link": "https://www.sec.gov/Archives/edgar/data/56873/000155837019005961/0001558370-19-005961-index.htm",
    "finalLink": "https://www.sec.gov/Archives/edgar/data/56873/000155837019005961/kr-20190525x10q.htm"
  },
  {
    "date": "2019-02-02",
    "symbol": "KR",
    "reportedCurrency": "USD",
    "cik": "0000056873",
    "fillingDate": "2019-04-02",
    "acceptedDate": "2019-04-02 16:39:37",
    "calendarYear": "2018",
    "period": "Q4",
    "revenue": 28091000000,
    "costOfRevenue": 22483000000,
    "grossProfit": 5608000000,
    "grossProfitRatio": 0.1996368944,
    "researchAndDevelopmentExpenses": 0,
    "generalAndAdministrativeExpenses": 0,
    "sellingAndMarketingExpenses": 0,
    "sellingGeneralAndAdministrativeExpenses": 5217000000,
    "otherExpenses": 0,
    "operatingExpenses": 5217000000,
    "costAndExpenses": 27700000000,
    "interestIncome": 0,
    "interestExpense": 142000000,
    "depreciationAndAmortization": 581000000,
    "ebitda": 1040000000,
    "ebitdaratio": 0.0370225339,
    "operatingIncome": 391000000,
    "operatingIncomeRatio": 0.0139190488,
    "totalOtherIncomeExpensesNet": -74000000,
    "incomeBeforeTax": 317000000,
    "incomeBeforeTaxRatio": 0.0112847531,
    "incomeTaxExpense": 66000000,
    "netIncome": 259000000,
    "netIncomeRatio": 0.0092200349,
    "eps": 0.32,
    "epsdiluted": 0.32,
    "weightedAverageShsOut": 798000000,
    "weightedAverageShsOutDil": 806000000,
    "link": "https://www.sec.gov/Archives/edgar/data/56873/000155837019002756/0001558370-19-002756-index.htm",
    "finalLink": "https://www.sec.gov/Archives/edgar/data/56873/000155837019002756/kr-20190202x10k.htm"
  },
  {
    "date": "2018-11-10",
    "symbol": "KR",
    "reportedCurrency": "USD",
    "cik": "0000056873",
    "fillingDate": "2018-12-18",
    "acceptedDate": "2018-12-18 17:03:03",
    "calendarYear": "2018",
    "period": "Q3",
    "revenue": 27672000000,
    "costOfRevenue": 22269000000,
    "grossProfit": 5403000000,
    "grossProfitRatio": 0.1952515178,
    "researchAndDevelopmentExpenses": 0,
    "generalAndAdministrativeExpenses": 0,
    "sellingAndMarketingExpenses": 0,
    "sellingGeneralAndAdministrativeExpenses": 4756000000,
    "otherExpenses": 0,
    "operatingExpenses": 4756000000,
    "costAndExpenses": 27025000000,
    "interestIncome": 0,
    "interestExpense": 142000000,
    "depreciationAndAmortization": 570000000,
    "ebitda": 1111000000,
    "ebitdaratio": 0.040148887,
    "operatingIncome": 647000000,
    "operatingIncomeRatio": 0.023381035,
    "totalOtherIncomeExpensesNet": -248000000,
    "incomeBeforeTax": 399000000,
    "incomeBeforeTaxRatio": 0.0144189072,
    "incomeTaxExpense": 91000000,
    "netIncome": 317000000,
    "netIncomeRatio": 0.011455623,
    "eps": 0.39,
    "epsdiluted": 0.39,
    "weightedAverageShsOut": 797000000,
    "weightedAverageShsOutDil": 807000000,
    "link": "https://www.sec.gov/Archives/edgar/data/56873/000155837018009745/0001558370-18-009745-index.htm",
    "finalLink": "https://www.sec.gov/Archives/edgar/data/56873/000155837018009745/kr-20181110x10q.htm"
  },
  {
    "date": "2018-08-18",
    "symbol": "KR",
    "reportedCurrency": "USD",
    "cik": "0000056873",
    "fillingDate": "2018-09-25",
    "acceptedDate": "2018-09-25 16:14:00",
    "calendarYear": "2018",
    "period": "Q2",
    "revenue": 27869000000,
    "costOfRevenue": 22504000000,
    "grossProfit": 5365000000,
    "grossProfitRatio": 0.1925078044,
    "researchAndDevelopmentExpenses": 0,
    "generalAndAdministrativeExpenses": 0,
    "sellingAndMarketingExpenses": 0,
    "sellingGeneralAndAdministrativeExpenses": 4816000000,
    "otherExpenses": 0,
    "operatingExpenses": 4816000000,
    "costAndExpenses": 27320000000,
    "interestIncome": 0,
    "interestExpense": 144000000,
    "depreciationAndAmortization": 574000000,
    "ebitda": 1346000000,
    "ebitdaratio": 0.0482973914,
    "operatingIncome": 549000000,
    "operatingIncomeRatio": 0.0196993075,
    "totalOtherIncomeExpensesNet": 79000000,
    "incomeBeforeTax": 628000000,
    "incomeBeforeTaxRatio": 0.0225339983,
    "incomeTaxExpense": 127000000,
    "netIncome": 508000000,
    "netIncomeRatio": 0.0182281388,
    "eps": 0.63,
    "epsdiluted": 0.62,
    "weightedAverageShsOut": 797000000,
    "weightedAverageShsOutDil": 805000000,
    "link": "https://www.sec.gov/Archives/edgar/data/56873/000155837018007555/0001558370-18-007555-index.htm",
    "finalLink": "https://www.sec.gov/Archives/edgar/data/56873/000155837018007555/kr-20180818x10q.htm"
  },
  {
    "date": "2018-05-26",
    "symbol": "KR",
    "reportedCurrency": "USD",
    "cik": "0000056873",
    "fillingDate": "2018-06-29",
    "acceptedDate": "2018-06-29 15:06:24",
    "calendarYear": "2018",
    "period": "Q1",
    "revenue": 37530000000,
    "costOfRevenue": 30103000000,
    "grossProfit": 7427000000,
    "grossProfitRatio": 0.1978950173,
    "researchAndDevelopmentExpenses": 0,
    "generalAndAdministrativeExpenses": 0,
    "sellingAndMarketingExpenses": 0,
    "sellingGeneralAndAdministrativeExpenses": 6398000000,
    "otherExpenses": 0,
    "operatingExpenses": 6398000000,
    "costAndExpenses": 36501000000,
    "interestIncome": 0,
    "interestExpense": 192000000,
    "depreciationAndAmortization": 741000000,
    "ebitda": 3567000000,
    "ebitdaratio": 0.0950439648,
    "operatingIncome": 1029000000,
    "operatingIncomeRatio": 0.0274180655,
    "totalOtherIncomeExpensesNet": 1605000000,
    "incomeBeforeTax": 2634000000,
    "incomeBeforeTaxRatio": 0.0701838529,
    "incomeTaxExpense": 616000000,
    "netIncome": 2026000000,
    "netIncomeRatio": 0.0539834799,
    "eps": 2.39,
    "epsdiluted": 2.37,
    "weightedAverageShsOut": 839000000,
    "weightedAverageShsOutDil": 846000000,
    "link": "https://www.sec.gov/Archives/edgar/data/56873/000155837018005499/0001558370-18-005499-index.htm",
    "finalLink": "https://www.sec.gov/Archives/edgar/data/56873/000155837018005499/kr-20180526x10q.htm"
  },
  {
    "date": "2018-02-03",
    "symbol": "KR",
    "reportedCurrency": "USD",
    "cik": "0000056873",
    "fillingDate": "2018-04-03",
    "acceptedDate": "2018-04-03 17:16:37",
    "calendarYear": "2017",
    "period": "Q4",
    "revenue": 31031000000,
    "costOfRevenue": 24805000000,
    "grossProfit": 6226000000,
    "grossProfitRatio": 0.2006380716,
    "researchAndDevelopmentExpenses": 0,
    "generalAndAdministrativeExpenses": 0,
    "sellingAndMarketingExpenses": 0,
    "sellingGeneralAndAdministrativeExpenses": 5676000000,
    "otherExpenses": 0,
    "operatingExpenses": 5676000000,
    "costAndExpenses": 30481000000,
    "interestIncome": 0,
    "interestExpense": 148000000,
    "depreciationAndAmortization": 565000000,
    "ebitda": 499000000,
    "ebitdaratio": 0.0160806935,
    "operatingIncome": 550000000,
    "operatingIncomeRatio": 0.0177242113,
    "totalOtherIncomeExpensesNet": -654000000,
    "incomeBeforeTax": -104000000,
    "incomeBeforeTaxRatio": -0.0033514872,
    "incomeTaxExpense": -957000000,
    "netIncome": 854000000,
    "netIncomeRatio": 0.0275208662,
    "eps": 0.97,
    "epsdiluted": 0.96,
    "weightedAverageShsOut": 875000000,
    "weightedAverageShsOutDil": 884000000,
    "link": "https://www.sec.gov/Archives/edgar/data/56873/000155837018002753/0001558370-18-002753-index.htm",
    "finalLink": "https://www.sec.gov/Archives/edgar/data/56873/000155837018002753/kr-20180203x10k.htm"
  },
  {
    "date": "2017-11-04",
    "symbol": "KR",
    "reportedCurrency": "USD",
    "cik": "0000056873",
    "fillingDate": "2017-12-08",
    "acceptedDate": "2017-12-08 13:39:26",
    "calendarYear": "2017",
    "period": "Q3",
    "revenue": 27749000000,
    "costOfRevenue": 22105000000,
    "grossProfit": 5644000000,
    "grossProfitRatio": 0.2033947169,
    "researchAndDevelopmentExpenses": 0,
    "generalAndAdministrativeExpenses": 0,
    "sellingAndMarketingExpenses": 0,
    "sellingGeneralAndAdministrativeExpenses": 4904000000,
    "otherExpenses": 0,
    "operatingExpenses": 4904000000,
    "costAndExpenses": 27009000000,
    "interestIncome": 0,
    "interestExpense": 136000000,
    "depreciationAndAmortization": 573000000,
    "ebitda": 1313000000,
    "ebitdaratio": 0.0473170204,
    "operatingIncome": 740000000,
    "operatingIncomeRatio": 0.0266676277,
    "totalOtherIncomeExpensesNet": -136000000,
    "incomeBeforeTax": 604000000,
    "incomeBeforeTaxRatio": 0.0217665501,
    "incomeTaxExpense": 215000000,
    "netIncome": 397000000,
    "netIncomeRatio": 0.0143068219,
    "eps": 0.44,
    "epsdiluted": 0.44,
    "weightedAverageShsOut": 887000000,
    "weightedAverageShsOutDil": 893000000,
    "link": "https://www.sec.gov/Archives/edgar/data/56873/000155837017009265/0001558370-17-009265-index.htm",
    "finalLink": "https://www.sec.gov/Archives/edgar/data/56873/000155837017009265/kr-20171104x10q.htm"
  },
  {
    "date": "2017-08-12",
    "symbol": "KR",
    "reportedCurrency": "USD",
    "cik": "0000056873",
    "fillingDate": "2017-09-15",
    "acceptedDate": "2017-09-15 12:33:41",
    "calendarYear": "2017",
    "period": "Q2",
    "revenue": 27597000000,
    "costOfRevenue": 22171000000,
    "grossProfit": 5426000000,
    "grossProfitRatio": 0.1966155742,
    "researchAndDevelopmentExpenses": 0,
    "generalAndAdministrativeExpenses": 0,
    "sellingAndMarketingExpenses": 0,
    "sellingGeneralAndAdministrativeExpenses": 4748000000,
    "otherExpenses": 0,
    "operatingExpenses": 4748000000,
    "costAndExpenses": 26919000000,
    "interestIncome": 0,
    "interestExpense": 138000000,
    "depreciationAndAmortization": 562000000,
    "ebitda": 1240000000,
    "ebitdaratio": 0.0449324202,
    "operatingIncome": 678000000,
    "operatingIncomeRatio": 0.0245678878,
    "totalOtherIncomeExpensesNet": -138000000,
    "incomeBeforeTax": 540000000,
    "incomeBeforeTaxRatio": 0.0195673443,
    "incomeTaxExpense": 189000000,
    "netIncome": 353000000,
    "netIncomeRatio": 0.0127912454,
    "eps": 0.39,
    "epsdiluted": 0.39,
    "weightedAverageShsOut": 897000000,
    "weightedAverageShsOutDil": 905000000,
    "link": "https://www.sec.gov/Archives/edgar/data/56873/000155837017007064/0001558370-17-007064-index.htm",
    "finalLink": "https://www.sec.gov/Archives/edgar/data/56873/000155837017007064/kr-20170812x10q.htm"
  },
  {
    "date": "2017-05-20",
    "symbol": "KR",
    "reportedCurrency": "USD",
    "cik": "0000056873",
    "fillingDate": "2017-06-27",
    "acceptedDate": "2017-06-27 16:40:54",
    "calendarYear": "2017",
    "period": "Q1",
    "revenue": 36285000000,
    "costOfRevenue": 29017000000,
    "grossProfit": 7268000000,
    "grossProfitRatio": 0.2003031556,
    "researchAndDevelopmentExpenses": 0,
    "generalAndAdministrativeExpenses": 0,
    "sellingAndMarketingExpenses": 0,
    "sellingGeneralAndAdministrativeExpenses": 6462000000,
    "otherExpenses": 0,
    "operatingExpenses": 6462000000,
    "costAndExpenses": 35479000000,
    "interestIncome": 0,
    "interestExpense": 177000000,
    "depreciationAndAmortization": 736000000,
    "ebitda": 1358000000,
    "ebitdaratio": 0.0374259336,
    "operatingIncome": 806000000,
    "operatingIncomeRatio": 0.0222130357,
    "totalOtherIncomeExpensesNet": -361000000,
    "incomeBeforeTax": 445000000,
    "incomeBeforeTaxRatio": 0.0122640209,
    "incomeTaxExpense": 148000000,
    "netIncome": 303000000,
    "netIncomeRatio": 0.0083505581,
    "eps": 0.33,
    "epsdiluted": 0.32,
    "weightedAverageShsOut": 914000000,
    "weightedAverageShsOutDil": 925000000,
    "link": "https://www.sec.gov/Archives/edgar/data/56873/000155837017004958/0001558370-17-004958-index.htm",
    "finalLink": "https://www.sec.gov/Archives/edgar/data/56873/000155837017004958/kr-20170520x10q.htm"
  },
  {
    "date": "2017-01-28",
    "symbol": "KR",
    "reportedCurrency": "USD",
    "cik": "0000056873",
    "fillingDate": "2017-03-28",
    "acceptedDate": "2017-03-28 16:47:20",
    "calendarYear": "2016",
    "period": "Q4",
    "revenue": 27611000000,
    "costOfRevenue": 22055000000,
    "grossProfit": 5556000000,
    "grossProfitRatio": 0.2012241498,
    "researchAndDevelopmentExpenses": 0,
    "generalAndAdministrativeExpenses": 0,
    "sellingAndMarketingExpenses": 0,
    "sellingGeneralAndAdministrativeExpenses": 4688000000,
    "otherExpenses": 0,
    "operatingExpenses": 4688000000,
    "costAndExpenses": 26743000000,
    "interestIncome": 0,
    "interestExpense": 126000000,
    "depreciationAndAmortization": 572000000,
    "ebitda": 1430000000,
    "ebitdaratio": 0.0517909529,
    "operatingIncome": 868000000,
    "operatingIncomeRatio": 0.0314367462,
    "totalOtherIncomeExpensesNet": -136000000,
    "incomeBeforeTax": 732000000,
    "incomeBeforeTaxRatio": 0.0265111731,
    "incomeTaxExpense": 230000000,
    "netIncome": 506000000,
    "netIncomeRatio": 0.0183260295,
    "eps": 0.54,
    "epsdiluted": 0.53,
    "weightedAverageShsOut": 929000000,
    "weightedAverageShsOutDil": 943000000,
    "link": "https://www.sec.gov/Archives/edgar/data/56873/000155837017002198/0001558370-17-002198-index.htm",
    "finalLink": "https://www.sec.gov/Archives/edgar/data/56873/000155837017002198/kr-20170128x10k.htm"
  },
  {
    "date": "2016-11-05",
    "symbol": "KR",
    "reportedCurrency": "USD",
    "cik": "0000056873",
    "fillingDate": "2016-12-13",
    "acceptedDate": "2016-12-13 16:44:31",
    "calendarYear": "2016",
    "period": "Q3",
    "revenue": 26557000000,
    "costOfRevenue": 21202000000,
    "grossProfit": 5355000000,
    "grossProfitRatio": 0.2016417517,
    "researchAndDevelopmentExpenses": 0,
    "generalAndAdministrativeExpenses": 0,
    "sellingAndMarketingExpenses": 0,
    "sellingGeneralAndAdministrativeExpenses": 4637000000,
    "otherExpenses": 0,
    "operatingExpenses": 4637000000,
    "costAndExpenses": 25839000000,
    "interestIncome": 0,
    "interestExpense": 125000000,
    "depreciationAndAmortization": 549000000,
    "ebitda": 1263000000,
    "ebitdaratio": 0.0475580826,
    "operatingIncome": 718000000,
    "operatingIncomeRatio": 0.0270361863,
    "totalOtherIncomeExpensesNet": -129000000,
    "incomeBeforeTax": 589000000,
    "incomeBeforeTaxRatio": 0.0221787099,
    "incomeTaxExpense": 206000000,
    "netIncome": 391000000,
    "netIncomeRatio": 0.0147230485,
    "eps": 0.41,
    "epsdiluted": 0.41,
    "weightedAverageShsOut": 940000000,
    "weightedAverageShsOutDil": 953000000,
    "link": "https://www.sec.gov/Archives/edgar/data/56873/000155837016010538/0001558370-16-010538-index.htm",
    "finalLink": "https://www.sec.gov/Archives/edgar/data/56873/000155837016010538/kr-20161105x10q.htm"
  },
  {
    "date": "2016-08-13",
    "symbol": "KR",
    "reportedCurrency": "USD",
    "cik": "0000056873",
    "fillingDate": "2016-09-20",
    "acceptedDate": "2016-09-20 15:59:45",
    "calendarYear": "2016",
    "period": "Q2",
    "revenue": 26565000000,
    "costOfRevenue": 21222000000,
    "grossProfit": 5343000000,
    "grossProfitRatio": 0.2011293055,
    "researchAndDevelopmentExpenses": 0,
    "generalAndAdministrativeExpenses": 0,
    "sellingAndMarketingExpenses": 0,
    "sellingGeneralAndAdministrativeExpenses": 4705000000,
    "otherExpenses": 0,
    "operatingExpenses": 4705000000,
    "costAndExpenses": 25927000000,
    "interestIncome": 0,
    "interestExpense": 116000000,
    "depreciationAndAmortization": 525000000,
    "ebitda": 1190000000,
    "ebitdaratio": 0.0447957839,
    "operatingIncome": 638000000,
    "operatingIncomeRatio": 0.0240165631,
    "totalOtherIncomeExpensesNet": -89000000,
    "incomeBeforeTax": 549000000,
    "incomeBeforeTaxRatio": 0.0206662902,
    "incomeTaxExpense": 171000000,
    "netIncome": 383000000,
    "netIncomeRatio": 0.0144174666,
    "eps": 0.4,
    "epsdiluted": 0.4,
    "weightedAverageShsOut": 943000000,
    "weightedAverageShsOutDil": 959000000,
    "link": "https://www.sec.gov/Archives/edgar/data/56873/000110465916145692/0001104659-16-145692-index.htm",
    "finalLink": "https://www.sec.gov/Archives/edgar/data/56873/000110465916145692/a16-18045_110q.htm"
  },
  {
    "date": "2016-05-21",
    "symbol": "KR",
    "reportedCurrency": "USD",
    "cik": "0000056873",
    "fillingDate": "2016-06-28",
    "acceptedDate": "2016-06-28 15:32:10",
    "calendarYear": "2016",
    "period": "Q1",
    "revenue": 34604000000,
    "costOfRevenue": 26669000000,
    "grossProfit": 7935000000,
    "grossProfitRatio": 0.2293087504,
    "researchAndDevelopmentExpenses": 0,
    "generalAndAdministrativeExpenses": 262000000,
    "sellingAndMarketingExpenses": 0,
    "sellingGeneralAndAdministrativeExpenses": 262000000,
    "otherExpenses": 694000000,
    "operatingExpenses": 6735000000,
    "costAndExpenses": 33404000000,
    "interestIncome": 0,
    "interestExpense": 155000000,
    "depreciationAndAmortization": 694000000,
    "ebitda": 1894000000,
    "ebitdaratio": 0.0547335568,
    "operatingIncome": 1200000000,
    "operatingIncomeRatio": 0.0346780719,
    "totalOtherIncomeExpensesNet": -155000000,
    "incomeBeforeTax": 1045000000,
    "incomeBeforeTaxRatio": 0.0301988209,
    "incomeTaxExpense": 366000000,
    "netIncome": 680000000,
    "netIncomeRatio": 0.0196509074,
    "eps": 0.71,
    "epsdiluted": 0.7,
    "weightedAverageShsOut": 954000000,
    "weightedAverageShsOutDil": 966000000,
    "link": "https://www.sec.gov/Archives/edgar/data/56873/000110465916129759/0001104659-16-129759-index.htm",
    "finalLink": "https://www.sec.gov/Archives/edgar/data/56873/000110465916129759/a16-8026_110q.htm"
  },
  {
    "date": "2016-01-30",
    "symbol": "KR",
    "reportedCurrency": "USD",
    "cik": "0000056873",
    "fillingDate": "2016-03-29",
    "acceptedDate": "2016-03-29 15:38:40",
    "calendarYear": "2015",
    "period": "Q4",
    "revenue": 26165000000,
    "costOfRevenue": 20193000000,
    "grossProfit": 5972000000,
    "grossProfitRatio": 0.2282438372,
    "researchAndDevelopmentExpenses": 0,
    "generalAndAdministrativeExpenses": 181000000,
    "sellingAndMarketingExpenses": 0,
    "sellingGeneralAndAdministrativeExpenses": 181000000,
    "otherExpenses": 508000000,
    "operatingExpenses": 5044000000,
    "costAndExpenses": 25237000000,
    "interestIncome": 0,
    "interestExpense": 113000000,
    "depreciationAndAmortization": 508000000,
    "ebitda": 1436000000,
    "ebitdaratio": 0.0548824766,
    "operatingIncome": 928000000,
    "operatingIncomeRatio": 0.0354672272,
    "totalOtherIncomeExpensesNet": -113000000,
    "incomeBeforeTax": 815000000,
    "incomeBeforeTaxRatio": 0.0311484808,
    "incomeTaxExpense": 250000000,
    "netIncome": 559000000,
    "netIncomeRatio": 0.0213644181,
    "eps": 0.57,
    "epsdiluted": 0.57,
    "weightedAverageShsOut": 966000000,
    "weightedAverageShsOutDil": 980000000,
    "link": "https://www.sec.gov/Archives/edgar/data/56873/000110465916108277/0001104659-16-108277-index.htm",
    "finalLink": "https://www.sec.gov/Archives/edgar/data/56873/000110465916108277/a15-23178_110k.htm"
  },
  {
    "date": "2015-11-07",
    "symbol": "KR",
    "reportedCurrency": "USD",
    "cik": "0000056873",
    "fillingDate": "2015-12-17",
    "acceptedDate": "2015-12-17 11:59:53",
    "calendarYear": "2015",
    "period": "Q3",
    "revenue": 25075000000,
    "costOfRevenue": 19478000000,
    "grossProfit": 5597000000,
    "grossProfitRatio": 0.2232103689,
    "researchAndDevelopmentExpenses": 0,
    "generalAndAdministrativeExpenses": 172000000,
    "sellingAndMarketingExpenses": 0,
    "sellingGeneralAndAdministrativeExpenses": 172000000,
    "otherExpenses": 484000000,
    "operatingExpenses": 4825000000,
    "costAndExpenses": 24303000000,
    "interestIncome": 0,
    "interestExpense": 107000000,
    "depreciationAndAmortization": 484000000,
    "ebitda": 1256000000,
    "ebitdaratio": 0.0500897308,
    "operatingIncome": 772000000,
    "operatingIncomeRatio": 0.0307876371,
    "totalOtherIncomeExpensesNet": -107000000,
    "incomeBeforeTax": 665000000,
    "incomeBeforeTaxRatio": 0.0265204387,
    "incomeTaxExpense": 238000000,
    "netIncome": 428000000,
    "netIncomeRatio": 0.0170687936,
    "eps": 0.44,
    "epsdiluted": 0.43,
    "weightedAverageShsOut": 965000000,
    "weightedAverageShsOutDil": 979000000,
    "link": "https://www.sec.gov/Archives/edgar/data/56873/000110465915085378/0001104659-15-085378-index.htm",
    "finalLink": "https://www.sec.gov/Archives/edgar/data/56873/000110465915085378/a15-20746_110q.htm"
  },
  {
    "date": "2015-08-15",
    "symbol": "KR",
    "reportedCurrency": "USD",
    "cik": "0000056873",
    "fillingDate": "2015-09-22",
    "acceptedDate": "2015-09-22 12:17:45",
    "calendarYear": "2015",
    "period": "Q2",
    "revenue": 25539000000,
    "costOfRevenue": 20065000000,
    "grossProfit": 5474000000,
    "grossProfitRatio": 0.2143388543,
    "researchAndDevelopmentExpenses": 0,
    "generalAndAdministrativeExpenses": 155000000,
    "sellingAndMarketingExpenses": 0,
    "sellingGeneralAndAdministrativeExpenses": 155000000,
    "otherExpenses": 477000000,
    "operatingExpenses": 4700000000,
    "costAndExpenses": 24765000000,
    "interestIncome": 0,
    "interestExpense": 114000000,
    "depreciationAndAmortization": 477000000,
    "ebitda": 1251000000,
    "ebitdaratio": 0.048983907,
    "operatingIncome": 774000000,
    "operatingIncomeRatio": 0.0303065899,
    "totalOtherIncomeExpensesNet": -114000000,
    "incomeBeforeTax": 660000000,
    "incomeBeforeTaxRatio": 0.0258428286,
    "incomeTaxExpense": 227000000,
    "netIncome": 433000000,
    "netIncomeRatio": 0.0169544618,
    "eps": 0.44,
    "epsdiluted": 0.44,
    "weightedAverageShsOut": 963000000,
    "weightedAverageShsOutDil": 977000000,
    "link": "https://www.sec.gov/Archives/edgar/data/56873/000110465915066444/0001104659-15-066444-index.htm",
    "finalLink": "https://www.sec.gov/Archives/edgar/data/56873/000110465915066444/a15-15117_110q.htm"
  },
  {
    "date": "2015-05-23",
    "symbol": "KR",
    "reportedCurrency": "USD",
    "cik": "0000056873",
    "fillingDate": "2015-06-30",
    "acceptedDate": "2015-06-30 11:40:07",
    "calendarYear": "2015",
    "period": "Q1",
    "revenue": 33051000000,
    "costOfRevenue": 25760000000,
    "grossProfit": 7291000000,
    "grossProfitRatio": 0.220598469,
    "researchAndDevelopmentExpenses": 0,
    "generalAndAdministrativeExpenses": 215000000,
    "sellingAndMarketingExpenses": 0,
    "sellingGeneralAndAdministrativeExpenses": 215000000,
    "otherExpenses": 620000000,
    "operatingExpenses": 6189000000,
    "costAndExpenses": 31949000000,
    "interestIncome": 0,
    "interestExpense": 148000000,
    "depreciationAndAmortization": 620000000,
    "ebitda": 1722000000,
    "ebitdaratio": 0.052101298,
    "operatingIncome": 1102000000,
    "operatingIncomeRatio": 0.0333424102,
    "totalOtherIncomeExpensesNet": -148000000,
    "incomeBeforeTax": 954000000,
    "incomeBeforeTaxRatio": 0.0288644822,
    "incomeTaxExpense": 330000000,
    "netIncome": 619000000,
    "netIncomeRatio": 0.0187286315,
    "eps": 0.64,
    "epsdiluted": 0.63,
    "weightedAverageShsOut": 968000000,
    "weightedAverageShsOutDil": 984000000,
    "link": "https://www.sec.gov/Archives/edgar/data/56873/000110465915048764/0001104659-15-048764-index.htm",
    "finalLink": "https://www.sec.gov/Archives/edgar/data/56873/000110465915048764/a15-10878_110q.htm"
  },
  {
    "date": "2015-01-31",
    "symbol": "KR",
    "reportedCurrency": "USD",
    "cik": "0000056873",
    "fillingDate": "2015-03-31",
    "acceptedDate": "2015-03-31 13:33:42",
    "calendarYear": "2014",
    "period": "Q4",
    "revenue": 25207000000,
    "costOfRevenue": 19547000000,
    "grossProfit": 5660000000,
    "grossProfitRatio": 0.2245408022,
    "researchAndDevelopmentExpenses": 0,
    "generalAndAdministrativeExpenses": 162000000,
    "sellingAndMarketingExpenses": 0,
    "sellingGeneralAndAdministrativeExpenses": 162000000,
    "otherExpenses": 467000000,
    "operatingExpenses": 4748000000,
    "costAndExpenses": 24295000000,
    "interestIncome": 0,
    "interestExpense": 115000000,
    "depreciationAndAmortization": 467000000,
    "ebitda": 1379000000,
    "ebitdaratio": 0.0547070258,
    "operatingIncome": 912000000,
    "operatingIncomeRatio": 0.0361804261,
    "totalOtherIncomeExpensesNet": -115000000,
    "incomeBeforeTax": 797000000,
    "incomeBeforeTaxRatio": 0.0316182013,
    "incomeTaxExpense": 274000000,
    "netIncome": 518000000,
    "netIncomeRatio": 0.0205498473,
    "eps": 0.53,
    "epsdiluted": 0.52,
    "weightedAverageShsOut": 972000000,
    "weightedAverageShsOutDil": 986000000,
    "link": "https://www.sec.gov/Archives/edgar/data/56873/000110465915024557/0001104659-15-024557-index.htm",
    "finalLink": "https://www.sec.gov/Archives/edgar/data/56873/000110465915024557/a15-1850_110k.htm"
  },
  {
    "date": "2014-11-08",
    "symbol": "KR",
    "reportedCurrency": "USD",
    "cik": "0000056873",
    "fillingDate": "2014-12-16",
    "acceptedDate": "2014-12-16 11:08:54",
    "calendarYear": "2014",
    "period": "Q3",
    "revenue": 24987000000,
    "costOfRevenue": 19764000000,
    "grossProfit": 5223000000,
    "grossProfitRatio": 0.2090286949,
    "researchAndDevelopmentExpenses": 0,
    "generalAndAdministrativeExpenses": 162000000,
    "sellingAndMarketingExpenses": 0,
    "sellingGeneralAndAdministrativeExpenses": 162000000,
    "otherExpenses": 456000000,
    "operatingExpenses": 4572000000,
    "costAndExpenses": 24336000000,
    "interestIncome": 0,
    "interestExpense": 114000000,
    "depreciationAndAmortization": 456000000,
    "ebitda": 1107000000,
    "ebitdaratio": 0.0443030376,
    "operatingIncome": 651000000,
    "operatingIncomeRatio": 0.0260535478,
    "totalOtherIncomeExpensesNet": -114000000,
    "incomeBeforeTax": 537000000,
    "incomeBeforeTaxRatio": 0.0214911754,
    "incomeTaxExpense": 172000000,
    "netIncome": 362000000,
    "netIncomeRatio": 0.0144875335,
    "eps": 0.37,
    "epsdiluted": 0.37,
    "weightedAverageShsOut": 972000000,
    "weightedAverageShsOutDil": 984000000,
    "link": "https://www.sec.gov/Archives/edgar/data/56873/000110465914086951/0001104659-14-086951-index.htm",
    "finalLink": "https://www.sec.gov/Archives/edgar/data/56873/000110465914086951/a14-22856_110q.htm"
  },
  {
    "date": "2014-08-16",
    "symbol": "KR",
    "reportedCurrency": "USD",
    "cik": "0000056873",
    "fillingDate": "2014-09-23",
    "acceptedDate": "2014-09-23 10:53:29",
    "calendarYear": "2014",
    "period": "Q2",
    "revenue": 25310000000,
    "costOfRevenue": 20136000000,
    "grossProfit": 5174000000,
    "grossProfitRatio": 0.2044251284,
    "researchAndDevelopmentExpenses": 0,
    "generalAndAdministrativeExpenses": 166000000,
    "sellingAndMarketingExpenses": 0,
    "sellingGeneralAndAdministrativeExpenses": 166000000,
    "otherExpenses": 444000000,
    "operatingExpenses": 4530000000,
    "costAndExpenses": 24666000000,
    "interestIncome": 0,
    "interestExpense": 112000000,
    "depreciationAndAmortization": 444000000,
    "ebitda": 1088000000,
    "ebitdaratio": 0.0429869617,
    "operatingIncome": 644000000,
    "operatingIncomeRatio": 0.0254444883,
    "totalOtherIncomeExpensesNet": -112000000,
    "incomeBeforeTax": 532000000,
    "incomeBeforeTaxRatio": 0.0210193599,
    "incomeTaxExpense": 182000000,
    "netIncome": 347000000,
    "netIncomeRatio": 0.013709996,
    "eps": 0.36,
    "epsdiluted": 0.35,
    "weightedAverageShsOut": 970000000,
    "weightedAverageShsOutDil": 982000000,
    "link": "https://www.sec.gov/Archives/edgar/data/56873/000110465914067650/0001104659-14-067650-index.htm",
    "finalLink": "https://www.sec.gov/Archives/edgar/data/56873/000110465914067650/a14-19140_110q.htm"
  },
  {
    "date": "2014-05-24",
    "symbol": "KR",
    "reportedCurrency": "USD",
    "cik": "0000056873",
    "fillingDate": "2014-07-01",
    "acceptedDate": "2014-07-01 10:53:24",
    "calendarYear": "2014",
    "period": "Q1",
    "revenue": 32961000000,
    "costOfRevenue": 26065000000,
    "grossProfit": 6896000000,
    "grossProfitRatio": 0.2092169534,
    "researchAndDevelopmentExpenses": 0,
    "generalAndAdministrativeExpenses": 217000000,
    "sellingAndMarketingExpenses": 0,
    "sellingGeneralAndAdministrativeExpenses": 217000000,
    "otherExpenses": 581000000,
    "operatingExpenses": 5966000000,
    "costAndExpenses": 32031000000,
    "interestIncome": 0,
    "interestExpense": 147000000,
    "depreciationAndAmortization": 581000000,
    "ebitda": 1511000000,
    "ebitdaratio": 0.0458420558,
    "operatingIncome": 930000000,
    "operatingIncomeRatio": 0.0282151634,
    "totalOtherIncomeExpensesNet": -147000000,
    "incomeBeforeTax": 783000000,
    "incomeBeforeTaxRatio": 0.0237553472,
    "incomeTaxExpense": 274000000,
    "netIncome": 501000000,
    "netIncomeRatio": 0.0151997816,
    "eps": 0.5,
    "epsdiluted": 0.49,
    "weightedAverageShsOut": 1002000000,
    "weightedAverageShsOutDil": 1014000000,
    "link": "https://www.sec.gov/Archives/edgar/data/56873/000110465914049599/0001104659-14-049599-index.htm",
    "finalLink": "https://www.sec.gov/Archives/edgar/data/56873/000110465914049599/a14-12710_110q.htm"
  },
  {
    "date": "2014-02-01",
    "symbol": "KR",
    "reportedCurrency": "USD",
    "cik": "0000056873",
    "fillingDate": "2014-04-01",
    "acceptedDate": "2014-04-01 15:13:54",
    "calendarYear": "2013",
    "period": "Q4",
    "revenue": 23222000000,
    "costOfRevenue": 18397000000,
    "grossProfit": 4825000000,
    "grossProfitRatio": 0.2077771079,
    "researchAndDevelopmentExpenses": 0,
    "generalAndAdministrativeExpenses": 147000000,
    "sellingAndMarketingExpenses": 0,
    "sellingGeneralAndAdministrativeExpenses": 147000000,
    "otherExpenses": 428000000,
    "operatingExpenses": 4107000000,
    "costAndExpenses": 22504000000,
    "interestIncome": 0,
    "interestExpense": 107000000,
    "depreciationAndAmortization": 402000000,
    "ebitda": 1120000000,
    "ebitdaratio": 0.0482301266,
    "operatingIncome": 718000000,
    "operatingIncomeRatio": 0.0309189562,
    "totalOtherIncomeExpensesNet": -107000000,
    "incomeBeforeTax": 611000000,
    "incomeBeforeTaxRatio": 0.0263112566,
    "incomeTaxExpense": 184000000,
    "netIncome": 422000000,
    "netIncomeRatio": 0.0181724227,
    "eps": 0.41,
    "epsdiluted": 0.41,
    "weightedAverageShsOut": 1022000000,
    "weightedAverageShsOutDil": 1034000000,
    "link": "https://www.sec.gov/Archives/edgar/data/56873/000110465914024819/0001104659-14-024819-index.htm",
    "finalLink": "https://www.sec.gov/Archives/edgar/data/56873/000110465914024819/a14-2996_110k.htm"
  },
  {
    "date": "2013-11-09",
    "symbol": "KR",
    "reportedCurrency": "USD",
    "cik": "0000056873",
    "fillingDate": "2013-12-13",
    "acceptedDate": "2013-12-13 11:17:59",
    "calendarYear": "2013",
    "period": "Q3",
    "revenue": 22505000000,
    "costOfRevenue": 17889000000,
    "grossProfit": 4616000000,
    "grossProfitRatio": 0.2051099756,
    "researchAndDevelopmentExpenses": 0,
    "generalAndAdministrativeExpenses": 138000000,
    "sellingAndMarketingExpenses": 0,
    "sellingGeneralAndAdministrativeExpenses": 138000000,
    "otherExpenses": 383000000,
    "operatingExpenses": 4082000000,
    "costAndExpenses": 21971000000,
    "interestIncome": 0,
    "interestExpense": 108000000,
    "depreciationAndAmortization": 395000000,
    "ebitda": 929000000,
    "ebitdaratio": 0.0412797156,
    "operatingIncome": 534000000,
    "operatingIncomeRatio": 0.0237280604,
    "totalOtherIncomeExpensesNet": -108000000,
    "incomeBeforeTax": 426000000,
    "incomeBeforeTaxRatio": 0.0189291269,
    "incomeTaxExpense": 125000000,
    "netIncome": 299000000,
    "netIncomeRatio": 0.0132859365,
    "eps": 0.29,
    "epsdiluted": 0.28,
    "weightedAverageShsOut": 1030000000,
    "weightedAverageShsOutDil": 1042000000,
    "link": "https://www.sec.gov/Archives/edgar/data/56873/000110465913090082/0001104659-13-090082-index.htm",
    "finalLink": "https://www.sec.gov/Archives/edgar/data/56873/000110465913090082/a13-21605_110q.htm"
  },
  {
    "date": "2013-08-17",
    "symbol": "KR",
    "reportedCurrency": "USD",
    "cik": "0000056873",
    "fillingDate": "2013-09-24",
    "acceptedDate": "2013-09-24 15:01:40",
    "calendarYear": "2013",
    "period": "Q2",
    "revenue": 22722000000,
    "costOfRevenue": 18087000000,
    "grossProfit": 4635000000,
    "grossProfitRatio": 0.2039873251,
    "researchAndDevelopmentExpenses": 0,
    "generalAndAdministrativeExpenses": 139000000,
    "sellingAndMarketingExpenses": 0,
    "sellingGeneralAndAdministrativeExpenses": 139000000,
    "otherExpenses": 379000000,
    "operatingExpenses": 4040000000,
    "costAndExpenses": 22127000000,
    "interestIncome": 0,
    "interestExpense": 99000000,
    "depreciationAndAmortization": 387000000,
    "ebitda": 982000000,
    "ebitdaratio": 0.0432180266,
    "operatingIncome": 595000000,
    "operatingIncomeRatio": 0.0261860752,
    "totalOtherIncomeExpensesNet": -99000000,
    "incomeBeforeTax": 496000000,
    "incomeBeforeTaxRatio": 0.0218290643,
    "incomeTaxExpense": 176000000,
    "netIncome": 317000000,
    "netIncomeRatio": 0.0139512367,
    "eps": 0.31,
    "epsdiluted": 0.3,
    "weightedAverageShsOut": 1030000000,
    "weightedAverageShsOutDil": 1042000000,
    "link": "https://www.sec.gov/Archives/edgar/data/56873/000110465913071849/0001104659-13-071849-index.htm",
    "finalLink": "https://www.sec.gov/Archives/edgar/data/56873/000110465913071849/a13-20716_110q.htm"
  },
  {
    "date": "2013-05-25",
    "symbol": "KR",
    "reportedCurrency": "USD",
    "cik": "0000056873",
    "fillingDate": "2013-06-28",
    "acceptedDate": "2013-06-28 14:41:10",
    "calendarYear": "2013",
    "period": "Q1",
    "revenue": 30043000000,
    "costOfRevenue": 23856000000,
    "grossProfit": 6187000000,
    "grossProfitRatio": 0.2059381553,
    "researchAndDevelopmentExpenses": 0,
    "generalAndAdministrativeExpenses": 189000000,
    "sellingAndMarketingExpenses": 0,
    "sellingGeneralAndAdministrativeExpenses": 189000000,
    "otherExpenses": 512000000,
    "operatingExpenses": 5308000000,
    "costAndExpenses": 29164000000,
    "interestIncome": 0,
    "interestExpense": 129000000,
    "depreciationAndAmortization": 519000000,
    "ebitda": 1398000000,
    "ebitdaratio": 0.0465333023,
    "operatingIncome": 879000000,
    "operatingIncomeRatio": 0.0292580634,
    "totalOtherIncomeExpensesNet": -129000000,
    "incomeBeforeTax": 750000000,
    "incomeBeforeTaxRatio": 0.024964218,
    "incomeTaxExpense": 266000000,
    "netIncome": 481000000,
    "netIncomeRatio": 0.0160103851,
    "eps": 0.47,
    "epsdiluted": 0.46,
    "weightedAverageShsOut": 1028000000,
    "weightedAverageShsOutDil": 1040000000,
    "link": "https://www.sec.gov/Archives/edgar/data/56873/000110465913052257/0001104659-13-052257-index.htm",
    "finalLink": "https://www.sec.gov/Archives/edgar/data/56873/000110465913052257/a13-12650_110q.htm"
  },
  {
    "date": "2013-02-02",
    "symbol": "KR",
    "reportedCurrency": "USD",
    "cik": "0000056873",
    "fillingDate": "2013-04-02",
    "acceptedDate": "2013-04-02 14:02:39",
    "calendarYear": "2012",
    "period": "Q4",
    "revenue": 24153100000,
    "costOfRevenue": 19101000000,
    "grossProfit": 5052100000,
    "grossProfitRatio": 0.2091698374,
    "researchAndDevelopmentExpenses": 0,
    "generalAndAdministrativeExpenses": 157200000,
    "sellingAndMarketingExpenses": 0,
    "sellingGeneralAndAdministrativeExpenses": 157200000,
    "otherExpenses": 387000000,
    "operatingExpenses": 4232300000,
    "costAndExpenses": 23333300000,
    "interestIncome": 0,
    "interestExpense": 112300000,
    "depreciationAndAmortization": 386100000,
    "ebitda": 1205900000,
    "ebitdaratio": 0.0499273385,
    "operatingIncome": 819800000,
    "operatingIncomeRatio": 0.0339418129,
    "totalOtherIncomeExpensesNet": -112000000,
    "incomeBeforeTax": 707500000,
    "incomeBeforeTaxRatio": 0.0292923062,
    "incomeTaxExpense": 238800000,
    "netIncome": 461500000,
    "netIncomeRatio": 0.0191072782,
    "eps": 0.45,
    "epsdiluted": 0.44,
    "weightedAverageShsOut": 1027600000,
    "weightedAverageShsOutDil": 1035000000,
    "link": "https://www.sec.gov/Archives/edgar/data/56873/000110465913026395/0001104659-13-026395-index.htm",
    "finalLink": "https://www.sec.gov/Archives/edgar/data/56873/000110465913026395/a13-2426_110k.htm"
  },
  {
    "date": "2012-11-03",
    "symbol": "KR",
    "reportedCurrency": "USD",
    "cik": "0000056873",
    "fillingDate": "2012-12-11",
    "acceptedDate": "2012-12-11 11:36:33",
    "calendarYear": "2012",
    "period": "Q3",
    "revenue": 21807000000,
    "costOfRevenue": 17383600000,
    "grossProfit": 4423400000,
    "grossProfitRatio": 0.2028431238,
    "researchAndDevelopmentExpenses": 0,
    "generalAndAdministrativeExpenses": 3446700000,
    "sellingAndMarketingExpenses": 0,
    "sellingGeneralAndAdministrativeExpenses": 3446700000,
    "otherExpenses": 382000000,
    "operatingExpenses": 3828600000,
    "costAndExpenses": 21212200000,
    "interestIncome": 0,
    "interestExpense": 103000000,
    "depreciationAndAmortization": 381900000,
    "ebitda": 978000000,
    "ebitdaratio": 0.0448479846,
    "operatingIncome": 594800000,
    "operatingIncomeRatio": 0.0272756454,
    "totalOtherIncomeExpensesNet": -103000000,
    "incomeBeforeTax": 491800000,
    "incomeBeforeTaxRatio": 0.0225523914,
    "incomeTaxExpense": 174700000,
    "netIncome": 316500000,
    "netIncomeRatio": 0.0145136883,
    "eps": 0.31,
    "epsdiluted": 0.3,
    "weightedAverageShsOut": 1036400000,
    "weightedAverageShsOutDil": 1043000000,
    "link": "https://www.sec.gov/Archives/edgar/data/56873/000110465912083205/0001104659-12-083205-index.htm",
    "finalLink": "https://www.sec.gov/Archives/edgar/data/56873/000110465912083205/a12-24485_110q.htm"
  },
  {
    "date": "2012-08-11",
    "symbol": "KR",
    "reportedCurrency": "USD",
    "cik": "0000056873",
    "fillingDate": "2012-09-18",
    "acceptedDate": "2012-09-18 11:42:18",
    "calendarYear": "2012",
    "period": "Q2",
    "revenue": 21726400000,
    "costOfRevenue": 17278400000,
    "grossProfit": 4448000000,
    "grossProfitRatio": 0.2047278887,
    "researchAndDevelopmentExpenses": 0,
    "generalAndAdministrativeExpenses": 3530200000,
    "sellingAndMarketingExpenses": 0,
    "sellingGeneralAndAdministrativeExpenses": 3530200000,
    "otherExpenses": 383000000,
    "operatingExpenses": 3913100000,
    "costAndExpenses": 21191500000,
    "interestIncome": 0,
    "interestExpense": 105900000,
    "depreciationAndAmortization": 382900000,
    "ebitda": 917800000,
    "ebitdaratio": 0.0422435378,
    "operatingIncome": 534900000,
    "operatingIncomeRatio": 0.0246198174,
    "totalOtherIncomeExpensesNet": -106000000,
    "incomeBeforeTax": 429000000,
    "incomeBeforeTaxRatio": 0.019745563,
    "incomeTaxExpense": 148100000,
    "netIncome": 279100000,
    "netIncomeRatio": 0.0128461227,
    "eps": 0.26,
    "epsdiluted": 0.26,
    "weightedAverageShsOut": 1076400000,
    "weightedAverageShsOutDil": 1081800000,
    "link": "https://www.sec.gov/Archives/edgar/data/56873/000110465912063958/0001104659-12-063958-index.htm",
    "finalLink": "https://www.sec.gov/Archives/edgar/data/56873/000110465912063958/a12-16442_110q.htm"
  },
  {
    "date": "2012-05-19",
    "symbol": "KR",
    "reportedCurrency": "USD",
    "cik": "0000056873",
    "fillingDate": "2012-06-26",
    "acceptedDate": "2012-06-26 10:43:27",
    "calendarYear": "2012",
    "period": "Q1",
    "revenue": 29064800000,
    "costOfRevenue": 23095100000,
    "grossProfit": 5969700000,
    "grossProfitRatio": 0.2053927775,
    "researchAndDevelopmentExpenses": 0,
    "generalAndAdministrativeExpenses": 4655000000,
    "sellingAndMarketingExpenses": 0,
    "sellingGeneralAndAdministrativeExpenses": 4655000000,
    "otherExpenses": 501000000,
    "operatingExpenses": 5155600000,
    "costAndExpenses": 28250700000,
    "interestIncome": 0,
    "interestExpense": 140900000,
    "depreciationAndAmortization": 500600000,
    "ebitda": 1314700000,
    "ebitdaratio": 0.0452334095,
    "operatingIncome": 814100000,
    "operatingIncomeRatio": 0.0280098263,
    "totalOtherIncomeExpensesNet": -141000000,
    "incomeBeforeTax": 673200000,
    "incomeBeforeTaxRatio": 0.0231620379,
    "incomeTaxExpense": 232200000,
    "netIncome": 439400000,
    "netIncomeRatio": 0.0151179434,
    "eps": 0.39,
    "epsdiluted": 0.39,
    "weightedAverageShsOut": 1111600000,
    "weightedAverageShsOutDil": 1118600000,
    "link": "https://www.sec.gov/Archives/edgar/data/56873/000110465912045745/0001104659-12-045745-index.htm",
    "finalLink": "https://www.sec.gov/Archives/edgar/data/56873/000110465912045745/a12-9709_110q.htm"
  },
  {
    "date": "2012-01-28",
    "symbol": "KR",
    "reportedCurrency": "USD",
    "cik": "0000056873",
    "fillingDate": "2012-03-27",
    "acceptedDate": "2012-03-27 15:28:04",
    "calendarYear": "2011",
    "period": "Q4",
    "revenue": 21405000000,
    "costOfRevenue": 16955000000,
    "grossProfit": 4450000000,
    "grossProfitRatio": 0.2078953516,
    "researchAndDevelopmentExpenses": 0,
    "generalAndAdministrativeExpenses": 4483000000,
    "sellingAndMarketingExpenses": 0,
    "sellingGeneralAndAdministrativeExpenses": 4483000000,
    "otherExpenses": 392000000,
    "operatingExpenses": 4875000000,
    "costAndExpenses": 21830000000,
    "interestIncome": 0,
    "interestExpense": 101000000,
    "depreciationAndAmortization": 392000000,
    "ebitda": -33000000,
    "ebitdaratio": -0.0015416959,
    "operatingIncome": -425000000,
    "operatingIncomeRatio": -0.019855174,
    "totalOtherIncomeExpensesNet": -101000000,
    "incomeBeforeTax": -526000000,
    "incomeBeforeTaxRatio": -0.0245736977,
    "incomeTaxExpense": -221000000,
    "netIncome": -307000000,
    "netIncomeRatio": -0.0143424434,
    "eps": -0.27,
    "epsdiluted": -0.27,
    "weightedAverageShsOut": 1130000000,
    "weightedAverageShsOutDil": 1130000000,
    "link": "https://www.sec.gov/Archives/edgar/data/56873/000110465912021358/0001104659-12-021358-index.htm",
    "finalLink": "https://www.sec.gov/Archives/edgar/data/56873/000110465912021358/a12-1263_110k.htm"
  },
  {
    "date": "2011-11-05",
    "symbol": "KR",
    "reportedCurrency": "USD",
    "cik": "0000056873",
    "fillingDate": "2011-12-15",
    "acceptedDate": "2011-12-15 08:45:38",
    "calendarYear": "2011",
    "period": "Q3",
    "revenue": 20594300000,
    "costOfRevenue": 16358900000,
    "grossProfit": 4235400000,
    "grossProfitRatio": 0.2056588474,
    "researchAndDevelopmentExpenses": 0,
    "generalAndAdministrativeExpenses": 3458200000,
    "sellingAndMarketingExpenses": 0,
    "sellingGeneralAndAdministrativeExpenses": 3458200000,
    "otherExpenses": 372000000,
    "operatingExpenses": 3831000000,
    "costAndExpenses": 20189900000,
    "interestIncome": 0,
    "interestExpense": 99100000,
    "depreciationAndAmortization": 372800000,
    "ebitda": 777200000,
    "ebitdaratio": 0.0377385976,
    "operatingIncome": 404400000,
    "operatingIncomeRatio": 0.0196365014,
    "totalOtherIncomeExpensesNet": -99000000,
    "incomeBeforeTax": 305300000,
    "incomeBeforeTaxRatio": 0.0148244903,
    "incomeTaxExpense": 107900000,
    "netIncome": 195900000,
    "netIncomeRatio": 0.0095123408,
    "eps": 0.17,
    "epsdiluted": 0.17,
    "weightedAverageShsOut": 1165400000,
    "weightedAverageShsOutDil": 1171800000,
    "link": "https://www.sec.gov/Archives/edgar/data/56873/000110465911069569/0001104659-11-069569-index.htm",
    "finalLink": "https://www.sec.gov/Archives/edgar/data/56873/000110465911069569/a11-26964_110q.htm"
  },
  {
    "date": "2011-08-13",
    "symbol": "KR",
    "reportedCurrency": "USD",
    "cik": "0000056873",
    "fillingDate": "2011-09-16",
    "acceptedDate": "2011-09-16 13:29:53",
    "calendarYear": "2011",
    "period": "Q2",
    "revenue": 20913400000,
    "costOfRevenue": 16555400000,
    "grossProfit": 4358000000,
    "grossProfitRatio": 0.2083831419,
    "researchAndDevelopmentExpenses": 0,
    "generalAndAdministrativeExpenses": 3496100000,
    "sellingAndMarketingExpenses": 0,
    "sellingGeneralAndAdministrativeExpenses": 3496100000,
    "otherExpenses": 374000000,
    "operatingExpenses": 3869800000,
    "costAndExpenses": 20425200000,
    "interestIncome": 0,
    "interestExpense": 97300000,
    "depreciationAndAmortization": 373700000,
    "ebitda": 861900000,
    "ebitdaratio": 0.0412128109,
    "operatingIncome": 488200000,
    "operatingIncomeRatio": 0.0233438848,
    "totalOtherIncomeExpensesNet": -97000000,
    "incomeBeforeTax": 390900000,
    "incomeBeforeTaxRatio": 0.0186913653,
    "incomeTaxExpense": 107700000,
    "netIncome": 280800000,
    "netIncomeRatio": 0.0134267981,
    "eps": 0.24,
    "epsdiluted": 0.23,
    "weightedAverageShsOut": 1192800000,
    "weightedAverageShsOutDil": 1200800000,
    "link": "https://www.sec.gov/Archives/edgar/data/56873/000110465911052047/0001104659-11-052047-index.htm",
    "finalLink": "https://www.sec.gov/Archives/edgar/data/56873/000110465911052047/a11-23753_110q.htm"
  },
  {
    "date": "2011-05-21",
    "symbol": "KR",
    "reportedCurrency": "USD",
    "cik": "0000056873",
    "fillingDate": "2011-06-23",
    "acceptedDate": "2011-06-23 14:12:20",
    "calendarYear": "2011",
    "period": "Q1",
    "revenue": 27460900000,
    "costOfRevenue": 21624400000,
    "grossProfit": 5836500000,
    "grossProfitRatio": 0.2125385548,
    "researchAndDevelopmentExpenses": 0,
    "generalAndAdministrativeExpenses": 4526500000,
    "sellingAndMarketingExpenses": 0,
    "sellingGeneralAndAdministrativeExpenses": 4526500000,
    "otherExpenses": 499000000,
    "operatingExpenses": 5025500000,
    "costAndExpenses": 26649900000,
    "interestIncome": 0,
    "interestExpense": 138000000,
    "depreciationAndAmortization": 499000000,
    "ebitda": 1310000000,
    "ebitdaratio": 0.0477041903,
    "operatingIncome": 811000000,
    "operatingIncomeRatio": 0.0295328995,
    "totalOtherIncomeExpensesNet": -138000000,
    "incomeBeforeTax": 673000000,
    "incomeBeforeTaxRatio": 0.0245075726,
    "incomeTaxExpense": 252100000,
    "netIncome": 432300000,
    "netIncomeRatio": 0.0157423828,
    "eps": 0.36,
    "epsdiluted": 0.35,
    "weightedAverageShsOut": 1216200000,
    "weightedAverageShsOutDil": 1224000000,
    "link": "https://www.sec.gov/Archives/edgar/data/56873/000110465911036143/0001104659-11-036143-index.htm",
    "finalLink": "https://www.sec.gov/Archives/edgar/data/56873/000110465911036143/a11-13111_110q.htm"
  },
  {
    "date": "2011-01-29",
    "symbol": "KR",
    "reportedCurrency": "USD",
    "cik": "0000056873",
    "fillingDate": "2011-03-29",
    "acceptedDate": "2011-03-29 14:04:28",
    "calendarYear": "2010",
    "period": "Q4",
    "revenue": 19931000000,
    "costOfRevenue": 15611000000,
    "grossProfit": 4320000000,
    "grossProfitRatio": 0.2167477798,
    "researchAndDevelopmentExpenses": 0,
    "generalAndAdministrativeExpenses": 3357000000,
    "sellingAndMarketingExpenses": 0,
    "sellingGeneralAndAdministrativeExpenses": 3357000000,
    "otherExpenses": 420000000,
    "operatingExpenses": 3743000000,
    "costAndExpenses": 19354000000,
    "interestIncome": 0,
    "interestExpense": 111000000,
    "depreciationAndAmortization": 386000000,
    "ebitda": 945000000,
    "ebitdaratio": 0.0474135768,
    "operatingIncome": 559000000,
    "operatingIncomeRatio": 0.0280467613,
    "totalOtherIncomeExpensesNet": -111000000,
    "incomeBeforeTax": 448000000,
    "incomeBeforeTaxRatio": 0.0224775475,
    "incomeTaxExpense": 165000000,
    "netIncome": 278000000,
    "netIncomeRatio": 0.013948121,
    "eps": 0.22,
    "epsdiluted": 0.22,
    "weightedAverageShsOut": 1252000000,
    "weightedAverageShsOutDil": 1262000000,
    "link": "https://www.sec.gov/Archives/edgar/data/56873/000110465911017372/0001104659-11-017372-index.htm",
    "finalLink": "https://www.sec.gov/Archives/edgar/data/56873/000110465911017372/a11-2299_110k.htm"
  },
  {
    "date": "2010-11-06",
    "symbol": "KR",
    "reportedCurrency": "USD",
    "cik": "0000056873",
    "fillingDate": "2010-12-13",
    "acceptedDate": "2010-12-13 15:10:14",
    "calendarYear": "2010",
    "period": "Q3",
    "revenue": 18697900000,
    "costOfRevenue": 14569800000,
    "grossProfit": 4128100000,
    "grossProfitRatio": 0.220778804,
    "researchAndDevelopmentExpenses": 0,
    "generalAndAdministrativeExpenses": 3353500000,
    "sellingAndMarketingExpenses": 0,
    "sellingGeneralAndAdministrativeExpenses": 3353500000,
    "otherExpenses": 358000000,
    "operatingExpenses": 3721200000,
    "costAndExpenses": 18291000000,
    "interestIncome": 0,
    "interestExpense": 103400000,
    "depreciationAndAmortization": 367700000,
    "ebitda": 774600000,
    "ebitdaratio": 0.0414271121,
    "operatingIncome": 406900000,
    "operatingIncomeRatio": 0.0217618021,
    "totalOtherIncomeExpensesNet": -103000000,
    "incomeBeforeTax": 303500000,
    "incomeBeforeTaxRatio": 0.0162317693,
    "incomeTaxExpense": 96200000,
    "netIncome": 202200000,
    "netIncomeRatio": 0.0108140486,
    "eps": 0.16,
    "epsdiluted": 0.16,
    "weightedAverageShsOut": 1266200000,
    "weightedAverageShsOutDil": 1272400000,
    "link": "https://www.sec.gov/Archives/edgar/data/56873/000110465910062367/0001104659-10-062367-index.htm",
    "finalLink": "https://www.sec.gov/Archives/edgar/data/56873/000110465910062367/a10-20305_110q.htm"
  },
  {
    "date": "2010-08-14",
    "symbol": "KR",
    "reportedCurrency": "USD",
    "cik": "0000056873",
    "fillingDate": "2010-09-22",
    "acceptedDate": "2010-09-22 09:27:59",
    "calendarYear": "2010",
    "period": "Q2",
    "revenue": 18795900000,
    "costOfRevenue": 14577400000,
    "grossProfit": 4218500000,
    "grossProfitRatio": 0.2244372443,
    "researchAndDevelopmentExpenses": 0,
    "generalAndAdministrativeExpenses": 3357300000,
    "sellingAndMarketingExpenses": 0,
    "sellingGeneralAndAdministrativeExpenses": 3357300000,
    "otherExpenses": 359000000,
    "operatingExpenses": 3725000000,
    "costAndExpenses": 18302400000,
    "interestIncome": 0,
    "interestExpense": 102000000,
    "depreciationAndAmortization": 367700000,
    "ebitda": 861200000,
    "ebitdaratio": 0.045818503,
    "operatingIncome": 493500000,
    "operatingIncomeRatio": 0.026255726,
    "totalOtherIncomeExpensesNet": -102000000,
    "incomeBeforeTax": 391500000,
    "incomeBeforeTaxRatio": 0.0208290106,
    "incomeTaxExpense": 124100000,
    "netIncome": 261600000,
    "netIncomeRatio": 0.0139179289,
    "eps": 0.21,
    "epsdiluted": 0.21,
    "weightedAverageShsOut": 1274200000,
    "weightedAverageShsOutDil": 1279800000,
    "link": "https://www.sec.gov/Archives/edgar/data/56873/000110465910049401/0001104659-10-049401-index.htm",
    "finalLink": "https://www.sec.gov/Archives/edgar/data/56873/000110465910049401/a10-16407_110q.htm"
  },
  {
    "date": "2010-05-22",
    "symbol": "KR",
    "reportedCurrency": "USD",
    "cik": "0000056873",
    "fillingDate": "2010-06-28",
    "acceptedDate": "2010-06-28 15:11:44",
    "calendarYear": "2010",
    "period": "Q1",
    "revenue": 24764100000,
    "costOfRevenue": 19167600000,
    "grossProfit": 5596500000,
    "grossProfitRatio": 0.2259924649,
    "researchAndDevelopmentExpenses": 0,
    "generalAndAdministrativeExpenses": 4396300000,
    "sellingAndMarketingExpenses": 0,
    "sellingGeneralAndAdministrativeExpenses": 4396300000,
    "otherExpenses": 465000000,
    "operatingExpenses": 4874000000,
    "costAndExpenses": 24041600000,
    "interestIncome": 0,
    "interestExpense": 132000000,
    "depreciationAndAmortization": 477700000,
    "ebitda": 1200200000,
    "ebitdaratio": 0.0484653187,
    "operatingIncome": 722500000,
    "operatingIncomeRatio": 0.0291752981,
    "totalOtherIncomeExpensesNet": -132000000,
    "incomeBeforeTax": 590500000,
    "incomeBeforeTaxRatio": 0.0238450014,
    "incomeTaxExpense": 215900000,
    "netIncome": 373700000,
    "netIncomeRatio": 0.0150903929,
    "eps": 0.29,
    "epsdiluted": 0.29,
    "weightedAverageShsOut": 1282600000,
    "weightedAverageShsOutDil": 1289400000,
    "link": "https://www.sec.gov/Archives/edgar/data/56873/000110465910035823/0001104659-10-035823-index.htm",
    "finalLink": "https://www.sec.gov/Archives/edgar/data/56873/000110465910035823/a10-10775_110q.htm"
  },
  {
    "date": "2010-01-30",
    "symbol": "KR",
    "reportedCurrency": "USD",
    "cik": "0000056873",
    "fillingDate": "2010-03-30",
    "acceptedDate": "2010-03-30 13:51:40",
    "calendarYear": "2009",
    "period": "Q4",
    "revenue": 18530000000,
    "costOfRevenue": 14375000000,
    "grossProfit": 4155000000,
    "grossProfitRatio": 0.2242309768,
    "researchAndDevelopmentExpenses": 0,
    "generalAndAdministrativeExpenses": 3281000000,
    "sellingAndMarketingExpenses": 0,
    "sellingGeneralAndAdministrativeExpenses": 3281000000,
    "otherExpenses": 383000000,
    "operatingExpenses": 3649000000,
    "costAndExpenses": 18024000000,
    "interestIncome": 0,
    "interestExpense": 119000000,
    "depreciationAndAmortization": 368000000,
    "ebitda": 874000000,
    "ebitdaratio": 0.0471667566,
    "operatingIncome": 506000000,
    "operatingIncomeRatio": 0.0273070696,
    "totalOtherIncomeExpensesNet": -119000000,
    "incomeBeforeTax": 387000000,
    "incomeBeforeTaxRatio": 0.0208850513,
    "incomeTaxExpense": 136000000,
    "netIncome": 255000000,
    "netIncomeRatio": 0.0137614679,
    "eps": 0.2,
    "epsdiluted": 0.2,
    "weightedAverageShsOut": 1294000000,
    "weightedAverageShsOutDil": 1295000000,
    "link": "https://www.sec.gov/Archives/edgar/data/56873/000110465910017258/0001104659-10-017258-index.htm",
    "finalLink": "https://www.sec.gov/Archives/edgar/data/56873/000110465910017258/a09-36165_110k.htm"
  },
  {
    "date": "2009-11-07",
    "symbol": "KR",
    "reportedCurrency": "USD",
    "cik": "0000056873",
    "fillingDate": "2009-12-17",
    "acceptedDate": "2009-12-17 11:35:27",
    "calendarYear": "2009",
    "period": "Q3",
    "revenue": 17669100000,
    "costOfRevenue": 13666600000,
    "grossProfit": 4002500000,
    "grossProfitRatio": 0.2265254031,
    "researchAndDevelopmentExpenses": 0,
    "generalAndAdministrativeExpenses": 3291900000,
    "sellingAndMarketingExpenses": 0,
    "sellingGeneralAndAdministrativeExpenses": 3291900000,
    "otherExpenses": 1466000000,
    "operatingExpenses": 3648100000,
    "costAndExpenses": 17314700000,
    "interestIncome": 0,
    "interestExpense": 105100000,
    "depreciationAndAmortization": 356200000,
    "ebitda": -402000000,
    "ebitdaratio": -0.0227515833,
    "operatingIncome": -758300000,
    "operatingIncomeRatio": -0.0429167303,
    "totalOtherIncomeExpensesNet": -105000000,
    "incomeBeforeTax": -863400000,
    "incomeBeforeTaxRatio": -0.0488649677,
    "incomeTaxExpense": 13000000,
    "netIncome": -874900000,
    "netIncomeRatio": -0.0495158214,
    "eps": -0.67,
    "epsdiluted": -0.67,
    "weightedAverageShsOut": 1300800000,
    "weightedAverageShsOutDil": 1300800000,
    "link": "https://www.sec.gov/Archives/edgar/data/56873/000110465909070369/0001104659-09-070369-index.htm",
    "finalLink": "https://www.sec.gov/Archives/edgar/data/56873/000110465909070369/a09-34065_110q.htm"
  },
  {
    "date": "2009-08-15",
    "symbol": "KR",
    "reportedCurrency": "USD",
    "cik": "0000056873",
    "fillingDate": "2009-09-23",
    "acceptedDate": "2009-09-23 11:59:53",
    "calendarYear": "2009",
    "period": "Q2",
    "revenue": 17735400000,
    "costOfRevenue": 13651100000,
    "grossProfit": 4084300000,
    "grossProfitRatio": 0.2302908308,
    "researchAndDevelopmentExpenses": 0,
    "generalAndAdministrativeExpenses": 3237600000,
    "sellingAndMarketingExpenses": 0,
    "sellingGeneralAndAdministrativeExpenses": 3237600000,
    "otherExpenses": 345000000,
    "operatingExpenses": 3585200000,
    "costAndExpenses": 17236300000,
    "interestIncome": 0,
    "interestExpense": 115200000,
    "depreciationAndAmortization": 347600000,
    "ebitda": 847000000,
    "ebitdaratio": 0.0477575922,
    "operatingIncome": 499000000,
    "operatingIncomeRatio": 0.0281358188,
    "totalOtherIncomeExpensesNet": -115000000,
    "incomeBeforeTax": 383900000,
    "incomeBeforeTaxRatio": 0.0216459736,
    "incomeTaxExpense": 133400000,
    "netIncome": 254400000,
    "netIncomeRatio": 0.014344193,
    "eps": 0.2,
    "epsdiluted": 0.2,
    "weightedAverageShsOut": 1295200000,
    "weightedAverageShsOutDil": 1302600000,
    "link": "https://www.sec.gov/Archives/edgar/data/56873/000110465909055895/0001104659-09-055895-index.htm",
    "finalLink": "https://www.sec.gov/Archives/edgar/data/56873/000110465909055895/a09-27118_110q.htm"
  },
  {
    "date": "2009-05-23",
    "symbol": "KR",
    "reportedCurrency": "USD",
    "cik": "0000056873",
    "fillingDate": "2009-07-01",
    "acceptedDate": "2009-07-01 14:51:03",
    "calendarYear": "2009",
    "period": "Q1",
    "revenue": 22799000000,
    "costOfRevenue": 17267000000,
    "grossProfit": 5532000000,
    "grossProfitRatio": 0.2426422212,
    "researchAndDevelopmentExpenses": 0,
    "generalAndAdministrativeExpenses": 4235000000,
    "sellingAndMarketingExpenses": 0,
    "sellingGeneralAndAdministrativeExpenses": 4235000000,
    "otherExpenses": 444000000,
    "operatingExpenses": 4688000000,
    "costAndExpenses": 21955000000,
    "interestIncome": 0,
    "interestExpense": 163000000,
    "depreciationAndAmortization": 453000000,
    "ebitda": 1297000000,
    "ebitdaratio": 0.05688846,
    "operatingIncome": 844000000,
    "operatingIncomeRatio": 0.0370191675,
    "totalOtherIncomeExpensesNet": -163000000,
    "incomeBeforeTax": 681000000,
    "incomeBeforeTaxRatio": 0.0298697311,
    "incomeTaxExpense": 250000000,
    "netIncome": 435000000,
    "netIncomeRatio": 0.0190797842,
    "eps": 0.34,
    "epsdiluted": 0.33,
    "weightedAverageShsOut": 1296000000,
    "weightedAverageShsOutDil": 1302000000,
    "link": "https://www.sec.gov/Archives/edgar/data/56873/000110465909041366/0001104659-09-041366-index.htm",
    "finalLink": "https://www.sec.gov/Archives/edgar/data/56873/000110465909041366/a09-16790_110q.htm"
  },
  {
    "date": "2009-01-31",
    "symbol": "KR",
    "reportedCurrency": "USD",
    "cik": "0000056873",
    "fillingDate": "2009-03-31",
    "acceptedDate": "2009-03-31 15:23:57",
    "calendarYear": "2008",
    "period": "Q4",
    "revenue": 17260000000,
    "costOfRevenue": 13088000000,
    "grossProfit": 4172000000,
    "grossProfitRatio": 0.2417149479,
    "researchAndDevelopmentExpenses": 0,
    "generalAndAdministrativeExpenses": 3165000000,
    "sellingAndMarketingExpenses": 0,
    "sellingGeneralAndAdministrativeExpenses": 3165000000,
    "otherExpenses": 348000000,
    "operatingExpenses": 3513000000,
    "costAndExpenses": 16601000000,
    "interestIncome": 0,
    "interestExpense": 115000000,
    "depreciationAndAmortization": 348000000,
    "ebitda": 1007000000,
    "ebitdaratio": 0.0583429896,
    "operatingIncome": 659000000,
    "operatingIncomeRatio": 0.0381807648,
    "totalOtherIncomeExpensesNet": -115000000,
    "incomeBeforeTax": 544000000,
    "incomeBeforeTaxRatio": 0.0315179606,
    "incomeTaxExpense": 195000000,
    "netIncome": 349000000,
    "netIncomeRatio": 0.0202201622,
    "eps": 0.26,
    "epsdiluted": 0.26,
    "weightedAverageShsOut": 1298000000,
    "weightedAverageShsOutDil": 1327000000,
    "link": "https://www.sec.gov/Archives/edgar/data/56873/000110465909021710/0001104659-09-021710-index.htm",
    "finalLink": "https://www.sec.gov/Archives/edgar/data/56873/000110465909021710/a09-1837_110k.htm"
  },
  {
    "date": "2008-11-08",
    "symbol": "KR",
    "reportedCurrency": "USD",
    "cik": "0000056873",
    "fillingDate": "2008-12-17",
    "acceptedDate": "2008-12-17 16:15:44",
    "calendarYear": "2008",
    "period": "Q3",
    "revenue": 17580000000,
    "costOfRevenue": 13552000000,
    "grossProfit": 4028000000,
    "grossProfitRatio": 0.2291240046,
    "researchAndDevelopmentExpenses": 0,
    "generalAndAdministrativeExpenses": 3243000000,
    "sellingAndMarketingExpenses": -29000000,
    "sellingGeneralAndAdministrativeExpenses": 3214000000,
    "otherExpenses": 364000000,
    "operatingExpenses": 3549000000,
    "costAndExpenses": 17101000000,
    "interestIncome": 0,
    "interestExpense": 107000000,
    "depreciationAndAmortization": 335000000,
    "ebitda": 814000000,
    "ebitdaratio": 0.0463026166,
    "operatingIncome": 479000000,
    "operatingIncomeRatio": 0.0272468714,
    "totalOtherIncomeExpensesNet": -106000000,
    "incomeBeforeTax": 373000000,
    "incomeBeforeTaxRatio": 0.0212172924,
    "incomeTaxExpense": 136000000,
    "netIncome": 237000000,
    "netIncomeRatio": 0.0134812287,
    "eps": 0.18,
    "epsdiluted": 0.18,
    "weightedAverageShsOut": 1298000000,
    "weightedAverageShsOutDil": 1310000000,
    "link": "https://www.sec.gov/Archives/edgar/data/56873/000110465908077047/0001104659-08-077047-index.htm",
    "finalLink": "https://www.sec.gov/Archives/edgar/data/56873/000110465908077047/a08-30587_110q.htm"
  },
  {
    "date": "2008-08-16",
    "symbol": "KR",
    "reportedCurrency": "USD",
    "cik": "0000056873",
    "fillingDate": "2008-09-24",
    "acceptedDate": "2008-09-24 16:23:17",
    "calendarYear": "2008",
    "period": "Q2",
    "revenue": 18053000000,
    "costOfRevenue": 14072000000,
    "grossProfit": 3981000000,
    "grossProfitRatio": 0.2205173655,
    "researchAndDevelopmentExpenses": 0,
    "generalAndAdministrativeExpenses": 3155000000,
    "sellingAndMarketingExpenses": -49000000,
    "sellingGeneralAndAdministrativeExpenses": 3106000000,
    "otherExpenses": 376000000,
    "operatingExpenses": 3433000000,
    "costAndExpenses": 17505000000,
    "interestIncome": 0,
    "interestExpense": 112000000,
    "depreciationAndAmortization": 327000000,
    "ebitda": 875000000,
    "ebitdaratio": 0.0484683986,
    "operatingIncome": 548000000,
    "operatingIncomeRatio": 0.0303550656,
    "totalOtherIncomeExpensesNet": -112000000,
    "incomeBeforeTax": 436000000,
    "incomeBeforeTaxRatio": 0.0241511106,
    "incomeTaxExpense": 159000000,
    "netIncome": 277000000,
    "netIncomeRatio": 0.0153437102,
    "eps": 0.21,
    "epsdiluted": 0.21,
    "weightedAverageShsOut": 1302000000,
    "weightedAverageShsOutDil": 1316000000,
    "link": "https://www.sec.gov/Archives/edgar/data/56873/000110465908060204/0001104659-08-060204-index.htm",
    "finalLink": "https://www.sec.gov/Archives/edgar/data/56873/000110465908060204/a08-24189_110q.htm"
  },
  {
    "date": "2008-05-24",
    "symbol": "KR",
    "reportedCurrency": "USD",
    "cik": "0000056873",
    "fillingDate": "2008-07-02",
    "acceptedDate": "2008-07-02 16:28:14",
    "calendarYear": "2008",
    "period": "Q1",
    "revenue": 23107000000,
    "costOfRevenue": 17852000000,
    "grossProfit": 5255000000,
    "grossProfitRatio": 0.2274202623,
    "researchAndDevelopmentExpenses": 0,
    "generalAndAdministrativeExpenses": 4097000000,
    "sellingAndMarketingExpenses": -39000000,
    "sellingGeneralAndAdministrativeExpenses": 4058000000,
    "otherExpenses": 472000000,
    "operatingExpenses": 4490000000,
    "costAndExpenses": 22342000000,
    "interestIncome": 0,
    "interestExpense": 152000000,
    "depreciationAndAmortization": 432000000,
    "ebitda": 1197000000,
    "ebitdaratio": 0.0518024841,
    "operatingIncome": 765000000,
    "operatingIncomeRatio": 0.0331068507,
    "totalOtherIncomeExpensesNet": -152000000,
    "incomeBeforeTax": 613000000,
    "incomeBeforeTaxRatio": 0.0265287575,
    "incomeTaxExpense": 227000000,
    "netIncome": 386000000,
    "netIncomeRatio": 0.0167048946,
    "eps": 0.29,
    "epsdiluted": 0.29,
    "weightedAverageShsOut": 1314000000,
    "weightedAverageShsOutDil": 1326000000,
    "link": "https://www.sec.gov/Archives/edgar/data/56873/000110465908043802/0001104659-08-043802-index.htm",
    "finalLink": "https://www.sec.gov/Archives/edgar/data/56873/000110465908043802/a08-17829_110q.htm"
  },
  {
    "date": "2008-02-02",
    "symbol": "KR",
    "reportedCurrency": "USD",
    "cik": "0000056873",
    "fillingDate": "2008-04-01",
    "acceptedDate": "2008-04-01 17:13:20",
    "calendarYear": "2007",
    "period": "Q4",
    "revenue": 17235000000,
    "costOfRevenue": 13228000000,
    "grossProfit": 4007000000,
    "grossProfitRatio": 0.232492022,
    "researchAndDevelopmentExpenses": 0,
    "generalAndAdministrativeExpenses": 3052000000,
    "sellingAndMarketingExpenses": 0,
    "sellingGeneralAndAdministrativeExpenses": 3052000000,
    "otherExpenses": 326000000,
    "operatingExpenses": 3378000000,
    "costAndExpenses": 16606000000,
    "interestIncome": 0,
    "interestExpense": 114000000,
    "depreciationAndAmortization": 326000000,
    "ebitda": 955000000,
    "ebitdaratio": 0.0554105019,
    "operatingIncome": 629000000,
    "operatingIncomeRatio": 0.0364955033,
    "totalOtherIncomeExpensesNet": -114000000,
    "incomeBeforeTax": 515000000,
    "incomeBeforeTaxRatio": 0.029881056,
    "incomeTaxExpense": 192000000,
    "netIncome": 323000000,
    "netIncomeRatio": 0.0187409341,
    "eps": 0.24,
    "epsdiluted": 0.24,
    "weightedAverageShsOut": 1344000000,
    "weightedAverageShsOutDil": 1352000000,
    "link": "https://www.sec.gov/Archives/edgar/data/56873/000110465908021727/0001104659-08-021727-index.htm",
    "finalLink": "https://www.sec.gov/Archives/edgar/data/56873/000110465908021727/a08-9380_110k.htm"
  },
  {
    "date": "2007-11-10",
    "symbol": "KR",
    "reportedCurrency": "USD",
    "cik": "0000056873",
    "fillingDate": "2007-12-19",
    "acceptedDate": "2007-12-19 17:04:15",
    "calendarYear": "2007",
    "period": "Q3",
    "revenue": 16135000000,
    "costOfRevenue": 12402000000,
    "grossProfit": 3733000000,
    "grossProfitRatio": 0.2313603967,
    "researchAndDevelopmentExpenses": 0,
    "generalAndAdministrativeExpenses": 2973000000,
    "sellingAndMarketingExpenses": 0,
    "sellingGeneralAndAdministrativeExpenses": 2973000000,
    "otherExpenses": 315000000,
    "operatingExpenses": 3288000000,
    "costAndExpenses": 15690000000,
    "interestIncome": 0,
    "interestExpense": 110000000,
    "depreciationAndAmortization": 315000000,
    "ebitda": 760000000,
    "ebitdaratio": 0.047102572,
    "operatingIncome": 445000000,
    "operatingIncomeRatio": 0.0275797955,
    "totalOtherIncomeExpensesNet": -110000000,
    "incomeBeforeTax": 335000000,
    "incomeBeforeTaxRatio": 0.0207623179,
    "incomeTaxExpense": 81000000,
    "netIncome": 254000000,
    "netIncomeRatio": 0.0157421754,
    "eps": 0.19,
    "epsdiluted": 0.19,
    "weightedAverageShsOut": 1356000000,
    "weightedAverageShsOutDil": 1370000000,
    "link": "https://www.sec.gov/Archives/edgar/data/56873/000120677407002937/0001206774-07-002937-index.htm",
    "finalLink": "https://www.sec.gov/Archives/edgar/data/56873/000120677407002937/kroger_10q.htm"
  },
  {
    "date": "2007-08-18",
    "symbol": "KR",
    "reportedCurrency": "USD",
    "cik": "0000056873",
    "fillingDate": "2007-09-27",
    "acceptedDate": "2007-09-27 10:33:41",
    "calendarYear": "2007",
    "period": "Q2",
    "revenue": 16139000000,
    "costOfRevenue": 12315000000,
    "grossProfit": 3824000000,
    "grossProfitRatio": 0.2369415701,
    "researchAndDevelopmentExpenses": 0,
    "generalAndAdministrativeExpenses": 2976000000,
    "sellingAndMarketingExpenses": 0,
    "sellingGeneralAndAdministrativeExpenses": 2976000000,
    "otherExpenses": 311000000,
    "operatingExpenses": 3287000000,
    "costAndExpenses": 15602000000,
    "interestIncome": 0,
    "interestExpense": 104000000,
    "depreciationAndAmortization": 311000000,
    "ebitda": 848000000,
    "ebitdaratio": 0.0525435281,
    "operatingIncome": 537000000,
    "operatingIncomeRatio": 0.033273437,
    "totalOtherIncomeExpensesNet": -104000000,
    "incomeBeforeTax": 433000000,
    "incomeBeforeTaxRatio": 0.0268294194,
    "incomeTaxExpense": 166000000,
    "netIncome": 267000000,
    "netIncomeRatio": 0.0165437759,
    "eps": 0.19,
    "epsdiluted": 0.19,
    "weightedAverageShsOut": 1404000000,
    "weightedAverageShsOutDil": 1418000000,
    "link": "https://www.sec.gov/Archives/edgar/data/56873/000120677407002214/0001206774-07-002214-index.htm",
    "finalLink": "https://www.sec.gov/Archives/edgar/data/56873/000120677407002214/kroger_10q.htm"
  },
  {
    "date": "2007-05-26",
    "symbol": "KR",
    "reportedCurrency": "USD",
    "cik": "0000056873",
    "fillingDate": "2007-07-03",
    "acceptedDate": "2007-07-03 17:28:07",
    "calendarYear": "2007",
    "period": "Q1",
    "revenue": 20726000000,
    "costOfRevenue": 15834000000,
    "grossProfit": 4892000000,
    "grossProfitRatio": 0.2360320371,
    "researchAndDevelopmentExpenses": 0,
    "generalAndAdministrativeExpenses": 3798000000,
    "sellingAndMarketingExpenses": 0,
    "sellingGeneralAndAdministrativeExpenses": 3798000000,
    "otherExpenses": 404000000,
    "operatingExpenses": 4202000000,
    "costAndExpenses": 20036000000,
    "interestIncome": 0,
    "interestExpense": 146000000,
    "depreciationAndAmortization": 404000000,
    "ebitda": 1094000000,
    "ebitdaratio": 0.0527839429,
    "operatingIncome": 690000000,
    "operatingIncomeRatio": 0.0332915179,
    "totalOtherIncomeExpensesNet": -146000000,
    "incomeBeforeTax": 544000000,
    "incomeBeforeTaxRatio": 0.0262472257,
    "incomeTaxExpense": 207000000,
    "netIncome": 337000000,
    "netIncomeRatio": 0.0162597703,
    "eps": 0.24,
    "epsdiluted": 0.24,
    "weightedAverageShsOut": 1412000000,
    "weightedAverageShsOutDil": 1430000000,
    "link": "https://www.sec.gov/Archives/edgar/data/56873/000120677407001718/0001206774-07-001718-index.htm",
    "finalLink": "https://www.sec.gov/Archives/edgar/data/56873/000120677407001718/kroger_10q.htm"
  },
  {
    "date": "2007-02-03",
    "symbol": "KR",
    "reportedCurrency": "USD",
    "cik": "0000056873",
    "fillingDate": "2007-04-04",
    "acceptedDate": "2007-04-04 11:40:49",
    "calendarYear": "2006",
    "period": "Q4",
    "revenue": 16859000000,
    "costOfRevenue": 12728000000,
    "grossProfit": 4131000000,
    "grossProfitRatio": 0.2450323269,
    "researchAndDevelopmentExpenses": 0,
    "generalAndAdministrativeExpenses": 3137000000,
    "sellingAndMarketingExpenses": 1000000,
    "sellingGeneralAndAdministrativeExpenses": 3138000000,
    "otherExpenses": 298000000,
    "operatingExpenses": 3437000000,
    "costAndExpenses": 16165000000,
    "interestIncome": 0,
    "interestExpense": 116000000,
    "depreciationAndAmortization": 299000000,
    "ebitda": 993000000,
    "ebitdaratio": 0.0589002906,
    "operatingIncome": 694000000,
    "operatingIncomeRatio": 0.0411649564,
    "totalOtherIncomeExpensesNet": -116000000,
    "incomeBeforeTax": 578000000,
    "incomeBeforeTaxRatio": 0.0342843585,
    "incomeTaxExpense": 193000000,
    "netIncome": 385000000,
    "netIncomeRatio": 0.0228364672,
    "eps": 0.27,
    "epsdiluted": 0.27,
    "weightedAverageShsOut": 1412000000,
    "weightedAverageShsOutDil": 1430000000,
    "link": "https://www.sec.gov/Archives/edgar/data/56873/000120677407000901/0001206774-07-000901-index.htm",
    "finalLink": "https://www.sec.gov/Archives/edgar/data/56873/000120677407000901/kroger_10k.htm"
  },
  {
    "date": "2006-11-04",
    "symbol": "KR",
    "reportedCurrency": "USD",
    "cik": "0000056873",
    "fillingDate": "2006-12-14",
    "acceptedDate": "2006-12-14 14:12:08",
    "calendarYear": "2006",
    "period": "Q3",
    "revenue": 14699000000,
    "costOfRevenue": 11131000000,
    "grossProfit": 3568000000,
    "grossProfitRatio": 0.2427376012,
    "researchAndDevelopmentExpenses": 0,
    "generalAndAdministrativeExpenses": 2824000000,
    "sellingAndMarketingExpenses": 0,
    "sellingGeneralAndAdministrativeExpenses": 2824000000,
    "otherExpenses": 295000000,
    "operatingExpenses": 3119000000,
    "costAndExpenses": 14250000000,
    "interestIncome": 0,
    "interestExpense": 107000000,
    "depreciationAndAmortization": 295000000,
    "ebitda": 744000000,
    "ebitdaratio": 0.0506156881,
    "operatingIncome": 449000000,
    "operatingIncomeRatio": 0.0305462957,
    "totalOtherIncomeExpensesNet": -107000000,
    "incomeBeforeTax": 342000000,
    "incomeBeforeTaxRatio": 0.0232668889,
    "incomeTaxExpense": 127000000,
    "netIncome": 215000000,
    "netIncomeRatio": 0.0146268454,
    "eps": 0.15,
    "epsdiluted": 0.15,
    "weightedAverageShsOut": 1424000000,
    "weightedAverageShsOutDil": 1440000000,
    "link": "https://www.sec.gov/Archives/edgar/data/56873/000120677406002590/0001206774-06-002590-index.htm",
    "finalLink": "https://www.sec.gov/Archives/edgar/data/56873/000120677406002590/kroger_10q.htm"
  },
  {
    "date": "2006-08-12",
    "symbol": "KR",
    "reportedCurrency": "USD",
    "cik": "0000056873",
    "fillingDate": "2006-09-21",
    "acceptedDate": "2006-09-21 12:03:17",
    "calendarYear": "2006",
    "period": "Q2",
    "revenue": 15138000000,
    "costOfRevenue": 11598000000,
    "grossProfit": 3540000000,
    "grossProfitRatio": 0.2338485929,
    "researchAndDevelopmentExpenses": 0,
    "generalAndAdministrativeExpenses": 2802000000,
    "sellingAndMarketingExpenses": 0,
    "sellingGeneralAndAdministrativeExpenses": 2802000000,
    "otherExpenses": 290000000,
    "operatingExpenses": 3092000000,
    "costAndExpenses": 14690000000,
    "interestIncome": 0,
    "interestExpense": 110000000,
    "depreciationAndAmortization": 290000000,
    "ebitda": 738000000,
    "ebitdaratio": 0.0487514863,
    "operatingIncome": 448000000,
    "operatingIncomeRatio": 0.0295943982,
    "totalOtherIncomeExpensesNet": -110000000,
    "incomeBeforeTax": 338000000,
    "incomeBeforeTaxRatio": 0.0223279165,
    "incomeTaxExpense": 129000000,
    "netIncome": 209000000,
    "netIncomeRatio": 0.0138063152,
    "eps": 0.14,
    "epsdiluted": 0.14,
    "weightedAverageShsOut": 1438000000,
    "weightedAverageShsOutDil": 1450000000,
    "link": "https://www.sec.gov/Archives/edgar/data/56873/000120677406002000/0001206774-06-002000-index.htm",
    "finalLink": "https://www.sec.gov/Archives/edgar/data/56873/000120677406002000/kroger_10q.htm"
  },
  {
    "date": "2006-05-20",
    "symbol": "KR",
    "reportedCurrency": "USD",
    "cik": "0000056873",
    "fillingDate": "2006-06-29",
    "acceptedDate": "2006-06-29 16:59:56",
    "calendarYear": "2006",
    "period": "Q1",
    "revenue": 19415000000,
    "costOfRevenue": 14659000000,
    "grossProfit": 4756000000,
    "grossProfitRatio": 0.2449652331,
    "researchAndDevelopmentExpenses": 0,
    "generalAndAdministrativeExpenses": 3724000000,
    "sellingAndMarketingExpenses": 0,
    "sellingGeneralAndAdministrativeExpenses": 3724000000,
    "otherExpenses": 388000000,
    "operatingExpenses": 4112000000,
    "costAndExpenses": 18771000000,
    "interestIncome": 0,
    "interestExpense": 155000000,
    "depreciationAndAmortization": 388000000,
    "ebitda": 644000000,
    "ebitdaratio": 0.0331702292,
    "operatingIncome": 644000000,
    "operatingIncomeRatio": 0.0331702292,
    "totalOtherIncomeExpensesNet": -155000000,
    "incomeBeforeTax": 489000000,
    "incomeBeforeTaxRatio": 0.0251867113,
    "incomeTaxExpense": 183000000,
    "netIncome": 306000000,
    "netIncomeRatio": 0.0157610095,
    "eps": 0.21,
    "epsdiluted": 0.21,
    "weightedAverageShsOut": 1444000000,
    "weightedAverageShsOutDil": 1458000000,
    "link": "https://www.sec.gov/Archives/edgar/data/56873/000120677406001451/0001206774-06-001451-index.htm",
    "finalLink": "https://www.sec.gov/Archives/edgar/data/56873/000120677406001451/kroger_10q1.htm"
  },
  {
    "date": "2006-01-28",
    "symbol": "KR",
    "reportedCurrency": "USD",
    "cik": "0000056873",
    "fillingDate": "2006-04-07",
    "acceptedDate": "2006-04-07 17:19:42",
    "calendarYear": "2005",
    "period": "Q4",
    "revenue": 14720000000,
    "costOfRevenue": 11062000000,
    "grossProfit": 3658000000,
    "grossProfitRatio": 0.2485054348,
    "researchAndDevelopmentExpenses": 0,
    "generalAndAdministrativeExpenses": 2795000000,
    "sellingAndMarketingExpenses": -1000000,
    "sellingGeneralAndAdministrativeExpenses": 2794000000,
    "otherExpenses": 297000000,
    "operatingExpenses": 3090000000,
    "costAndExpenses": 14152000000,
    "interestIncome": 0,
    "interestExpense": 117000000,
    "depreciationAndAmortization": 296000000,
    "ebitda": 864000000,
    "ebitdaratio": 0.0586956522,
    "operatingIncome": 568000000,
    "operatingIncomeRatio": 0.0385869565,
    "totalOtherIncomeExpensesNet": -116000000,
    "incomeBeforeTax": 452000000,
    "incomeBeforeTaxRatio": 0.0307065217,
    "incomeTaxExpense": 170000000,
    "netIncome": 282000000,
    "netIncomeRatio": 0.0191576087,
    "eps": 0.19,
    "epsdiluted": 0.19,
    "weightedAverageShsOut": 1442000000,
    "weightedAverageShsOutDil": 1461000000,
    "link": "https://www.sec.gov/Archives/edgar/data/56873/000120677406000702/0001206774-06-000702-index.htm",
    "finalLink": "https://www.sec.gov/Archives/edgar/data/56873/000120677406000702/kc120844.htm"
  },
  {
    "date": "2005-11-05",
    "symbol": "KR",
    "reportedCurrency": "USD",
    "cik": "0000056873",
    "fillingDate": "2005-12-15",
    "acceptedDate": "2005-12-15 12:17:56",
    "calendarYear": "2005",
    "period": "Q3",
    "revenue": 14020000000,
    "costOfRevenue": 10596000000,
    "grossProfit": 3424000000,
    "grossProfitRatio": 0.2442225392,
    "researchAndDevelopmentExpenses": 0,
    "generalAndAdministrativeExpenses": 2722000000,
    "sellingAndMarketingExpenses": 0,
    "sellingGeneralAndAdministrativeExpenses": 2722000000,
    "otherExpenses": 287000000,
    "operatingExpenses": 3009000000,
    "costAndExpenses": 13605000000,
    "interestIncome": 0,
    "interestExpense": 114000000,
    "depreciationAndAmortization": 287000000,
    "ebitda": 702000000,
    "ebitdaratio": 0.0500713267,
    "operatingIncome": 415000000,
    "operatingIncomeRatio": 0.0296005706,
    "totalOtherIncomeExpensesNet": -114000000,
    "incomeBeforeTax": 301000000,
    "incomeBeforeTaxRatio": 0.0214693295,
    "incomeTaxExpense": 116000000,
    "netIncome": 185000000,
    "netIncomeRatio": 0.0131954351,
    "eps": 0.13,
    "epsdiluted": 0.13,
    "weightedAverageShsOut": 1448000000,
    "weightedAverageShsOutDil": 1464000000,
    "link": "https://www.sec.gov/Archives/edgar/data/56873/000119312505243172/0001193125-05-243172-index.htm",
    "finalLink": "https://www.sec.gov/Archives/edgar/data/56873/000119312505243172/d10q.htm"
  },
  {
    "date": "2005-08-13",
    "symbol": "KR",
    "reportedCurrency": "USD",
    "cik": "0000056873",
    "fillingDate": "2005-09-21",
    "acceptedDate": "2005-09-21 17:19:37",
    "calendarYear": "2005",
    "period": "Q2",
    "revenue": 13865000000,
    "costOfRevenue": 10464000000,
    "grossProfit": 3401000000,
    "grossProfitRatio": 0.2452939055,
    "researchAndDevelopmentExpenses": 0,
    "generalAndAdministrativeExpenses": 2673000000,
    "sellingAndMarketingExpenses": 0,
    "sellingGeneralAndAdministrativeExpenses": 2673000000,
    "otherExpenses": 294000000,
    "operatingExpenses": 2967000000,
    "costAndExpenses": 13431000000,
    "interestIncome": 0,
    "interestExpense": 122000000,
    "depreciationAndAmortization": 293000000,
    "ebitda": 728000000,
    "ebitdaratio": 0.0525063109,
    "operatingIncome": 434000000,
    "operatingIncomeRatio": 0.0313018392,
    "totalOtherIncomeExpensesNet": -121000000,
    "incomeBeforeTax": 313000000,
    "incomeBeforeTaxRatio": 0.0225748287,
    "incomeTaxExpense": 117000000,
    "netIncome": 196000000,
    "netIncomeRatio": 0.0141363145,
    "eps": 0.14,
    "epsdiluted": 0.14,
    "weightedAverageShsOut": 1444000000,
    "weightedAverageShsOutDil": 1460000000,
    "link": "https://www.sec.gov/Archives/edgar/data/56873/000119312505189284/0001193125-05-189284-index.htm",
    "finalLink": "https://www.sec.gov/Archives/edgar/data/56873/000119312505189284/d10q.htm"
  },
  {
    "date": "2005-05-21",
    "symbol": "KR",
    "reportedCurrency": "USD",
    "cik": "0000056873",
    "fillingDate": "2005-06-29",
    "acceptedDate": "2005-06-29 17:16:15",
    "calendarYear": "2005",
    "period": "Q1",
    "revenue": 17948000000,
    "costOfRevenue": 13437000000,
    "grossProfit": 4511000000,
    "grossProfitRatio": 0.2513371963,
    "researchAndDevelopmentExpenses": 0,
    "generalAndAdministrativeExpenses": 3499000000,
    "sellingAndMarketingExpenses": 5000000,
    "sellingGeneralAndAdministrativeExpenses": 3504000000,
    "otherExpenses": 384000000,
    "operatingExpenses": 3893000000,
    "costAndExpenses": 17330000000,
    "interestIncome": 0,
    "interestExpense": 159000000,
    "depreciationAndAmortization": 389000000,
    "ebitda": 1007000000,
    "ebitdaratio": 0.05610653,
    "operatingIncome": 618000000,
    "operatingIncomeRatio": 0.0344328059,
    "totalOtherIncomeExpensesNet": -159000000,
    "incomeBeforeTax": 459000000,
    "incomeBeforeTaxRatio": 0.0255738801,
    "incomeTaxExpense": 165000000,
    "netIncome": 294000000,
    "netIncomeRatio": 0.0163806552,
    "eps": 0.2,
    "epsdiluted": 0.2,
    "weightedAverageShsOut": 1454000000,
    "weightedAverageShsOutDil": 1464000000,
    "link": "https://www.sec.gov/Archives/edgar/data/56873/000119312505134898/0001193125-05-134898-index.htm",
    "finalLink": "https://www.sec.gov/Archives/edgar/data/56873/000119312505134898/d10q.htm"
  },
  {
    "date": "2005-01-29",
    "symbol": "KR",
    "reportedCurrency": "USD",
    "cik": "0000056873",
    "fillingDate": "2005-04-15",
    "acceptedDate": "2005-04-15 09:19:34",
    "calendarYear": "2004",
    "period": "Q4",
    "revenue": 13695000000,
    "costOfRevenue": 10274000000,
    "grossProfit": 3421000000,
    "grossProfitRatio": 0.2497991968,
    "researchAndDevelopmentExpenses": 0,
    "generalAndAdministrativeExpenses": 2691000000,
    "sellingAndMarketingExpenses": -16000000,
    "sellingGeneralAndAdministrativeExpenses": 2675000000,
    "otherExpenses": 1227000000,
    "operatingExpenses": 3881000000,
    "costAndExpenses": 14155000000,
    "interestIncome": 0,
    "interestExpense": 99000000,
    "depreciationAndAmortization": 307000000,
    "ebitda": -153000000,
    "ebitdaratio": -0.0111719606,
    "operatingIncome": -460000000,
    "operatingIncomeRatio": -0.0335889011,
    "totalOtherIncomeExpensesNet": -406000000,
    "incomeBeforeTax": -575000000,
    "incomeBeforeTaxRatio": -0.0419861263,
    "incomeTaxExpense": 73000000,
    "netIncome": -648000000,
    "netIncomeRatio": -0.0473165389,
    "eps": -0.44,
    "epsdiluted": -0.44,
    "weightedAverageShsOut": 1460000000,
    "weightedAverageShsOutDil": 1460000000,
    "link": "https://www.sec.gov/Archives/edgar/data/56873/000119312505077143/0001193125-05-077143-index.htm",
    "finalLink": "https://www.sec.gov/Archives/edgar/data/56873/000119312505077143/d10k.htm"
  },
  {
    "date": "2004-11-06",
    "symbol": "KR",
    "reportedCurrency": "USD",
    "cik": "0000056873",
    "fillingDate": "2004-12-16",
    "acceptedDate": "2004-12-16 16:51:25",
    "calendarYear": "2004",
    "period": "Q3",
    "revenue": 12854000000,
    "costOfRevenue": 9632000000,
    "grossProfit": 3222000000,
    "grossProfitRatio": 0.2506612728,
    "researchAndDevelopmentExpenses": 0,
    "generalAndAdministrativeExpenses": 2591000000,
    "sellingAndMarketingExpenses": 7000000,
    "sellingGeneralAndAdministrativeExpenses": 2598000000,
    "otherExpenses": 280000000,
    "operatingExpenses": 2886000000,
    "costAndExpenses": 12518000000,
    "interestIncome": 0,
    "interestExpense": 117000000,
    "depreciationAndAmortization": 287000000,
    "ebitda": 624000000,
    "ebitdaratio": 0.0485451999,
    "operatingIncome": 336000000,
    "operatingIncomeRatio": 0.026139723,
    "totalOtherIncomeExpensesNet": -117000000,
    "incomeBeforeTax": 220000000,
    "incomeBeforeTaxRatio": 0.0171152948,
    "incomeTaxExpense": 77000000,
    "netIncome": 143000000,
    "netIncomeRatio": 0.0111249417,
    "eps": 0.095,
    "epsdiluted": 0.095,
    "weightedAverageShsOut": 1472000000,
    "weightedAverageShsOutDil": 1484000000,
    "link": "https://www.sec.gov/Archives/edgar/data/56873/000119312504214743/0001193125-04-214743-index.htm",
    "finalLink": "https://www.sec.gov/Archives/edgar/data/56873/000119312504214743/d10q.htm"
  },
  {
    "date": "2004-08-14",
    "symbol": "KR",
    "reportedCurrency": "USD",
    "cik": "0000056873",
    "fillingDate": "2004-09-23",
    "acceptedDate": "2004-09-23 15:43:52",
    "calendarYear": "2004",
    "period": "Q2",
    "revenue": 12980000000,
    "costOfRevenue": 9716000000,
    "grossProfit": 3264000000,
    "grossProfitRatio": 0.2514637904,
    "researchAndDevelopmentExpenses": 0,
    "generalAndAdministrativeExpenses": 2588000000,
    "sellingAndMarketingExpenses": 5000000,
    "sellingGeneralAndAdministrativeExpenses": 2593000000,
    "otherExpenses": 285000000,
    "operatingExpenses": 2883000000,
    "costAndExpenses": 12599000000,
    "interestIncome": 0,
    "interestExpense": 157000000,
    "depreciationAndAmortization": 290000000,
    "ebitda": 671000000,
    "ebitdaratio": 0.0516949153,
    "operatingIncome": 381000000,
    "operatingIncomeRatio": 0.0293528505,
    "totalOtherIncomeExpensesNet": -152000000,
    "incomeBeforeTax": 229000000,
    "incomeBeforeTaxRatio": 0.017642527,
    "incomeTaxExpense": 87000000,
    "netIncome": 142000000,
    "netIncomeRatio": 0.0109399076,
    "eps": 0.095,
    "epsdiluted": 0.095,
    "weightedAverageShsOut": 1474000000,
    "weightedAverageShsOutDil": 1488000000,
    "link": "https://www.sec.gov/Archives/edgar/data/56873/000119312504160827/0001193125-04-160827-index.htm",
    "finalLink": "https://www.sec.gov/Archives/edgar/data/56873/000119312504160827/d10q.htm"
  },
  {
    "date": "2004-05-22",
    "symbol": "KR",
    "reportedCurrency": "USD",
    "cik": "0000056873",
    "fillingDate": "2004-07-01",
    "acceptedDate": "2004-07-01 16:59:29",
    "calendarYear": "2004",
    "period": "Q1",
    "revenue": 16905000000,
    "costOfRevenue": 12518000000,
    "grossProfit": 4387000000,
    "grossProfitRatio": 0.259509021,
    "researchAndDevelopmentExpenses": 0,
    "generalAndAdministrativeExpenses": 3421000000,
    "sellingAndMarketingExpenses": 5000000,
    "sellingGeneralAndAdministrativeExpenses": 3426000000,
    "otherExpenses": 367000000,
    "operatingExpenses": 3798000000,
    "costAndExpenses": 16316000000,
    "interestIncome": 0,
    "interestExpense": 172000000,
    "depreciationAndAmortization": 372000000,
    "ebitda": 961000000,
    "ebitdaratio": 0.0568470867,
    "operatingIncome": 589000000,
    "operatingIncomeRatio": 0.0348417628,
    "totalOtherIncomeExpensesNet": -172000000,
    "incomeBeforeTax": 417000000,
    "incomeBeforeTaxRatio": 0.0246672582,
    "incomeTaxExpense": 154000000,
    "netIncome": 263000000,
    "netIncomeRatio": 0.0155575274,
    "eps": 0.18,
    "epsdiluted": 0.18,
    "weightedAverageShsOut": 1482000000,
    "weightedAverageShsOutDil": 1498000000,
    "link": "https://www.sec.gov/Archives/edgar/data/56873/000119312504113075/0001193125-04-113075-index.htm",
    "finalLink": "https://www.sec.gov/Archives/edgar/data/56873/000119312504113075/d10q.htm"
  },
  {
    "date": "2004-01-31",
    "symbol": "KR",
    "reportedCurrency": "USD",
    "cik": "0000056873",
    "fillingDate": "2004-04-14",
    "acceptedDate": "2004-04-14 16:46:11",
    "calendarYear": "2003",
    "period": "Q4",
    "revenue": 13034000000,
    "costOfRevenue": 9589000000,
    "grossProfit": 3445000000,
    "grossProfitRatio": 0.264308731,
    "researchAndDevelopmentExpenses": 0,
    "generalAndAdministrativeExpenses": 2721000000,
    "sellingAndMarketingExpenses": 0,
    "sellingGeneralAndAdministrativeExpenses": 2721000000,
    "otherExpenses": 869000000,
    "operatingExpenses": 3590000000,
    "costAndExpenses": 13179000000,
    "interestIncome": 0,
    "interestExpense": 128000000,
    "depreciationAndAmortization": 305000000,
    "ebitda": 160000000,
    "ebitdaratio": 0.0122755869,
    "operatingIncome": -145000000,
    "operatingIncomeRatio": -0.0111247507,
    "totalOtherIncomeExpensesNet": -128000000,
    "incomeBeforeTax": -273000000,
    "incomeBeforeTaxRatio": -0.0209452202,
    "incomeTaxExpense": 64000000,
    "netIncome": -337000000,
    "netIncomeRatio": -0.025855455,
    "eps": -0.23,
    "epsdiluted": -0.22,
    "weightedAverageShsOut": 1482000000,
    "weightedAverageShsOutDil": 1507000000,
    "link": "https://www.sec.gov/Archives/edgar/data/56873/000119312504062346/0001193125-04-062346-index.htm",
    "finalLink": "https://www.sec.gov/Archives/edgar/data/56873/000119312504062346/d10k.htm"
  },
  {
    "date": "2003-11-08",
    "symbol": "KR",
    "reportedCurrency": "USD",
    "cik": "0000056873",
    "fillingDate": "2003-12-19",
    "acceptedDate": "2003-12-19 11:11:15",
    "calendarYear": "2003",
    "period": "Q3",
    "revenue": 12141000000,
    "costOfRevenue": 9016000000,
    "grossProfit": 3125000000,
    "grossProfitRatio": 0.2573923071,
    "researchAndDevelopmentExpenses": 0,
    "generalAndAdministrativeExpenses": 2521000000,
    "sellingAndMarketingExpenses": 0,
    "sellingGeneralAndAdministrativeExpenses": 2521000000,
    "otherExpenses": 280000000,
    "operatingExpenses": 2801000000,
    "costAndExpenses": 11817000000,
    "interestIncome": 0,
    "interestExpense": 148000000,
    "depreciationAndAmortization": 280000000,
    "ebitda": 604000000,
    "ebitdaratio": 0.0497487851,
    "operatingIncome": 324000000,
    "operatingIncomeRatio": 0.0266864344,
    "totalOtherIncomeExpensesNet": -148000000,
    "incomeBeforeTax": 176000000,
    "incomeBeforeTaxRatio": 0.0144963347,
    "incomeTaxExpense": 66000000,
    "netIncome": 110000000,
    "netIncomeRatio": 0.0090602092,
    "eps": 0.075,
    "epsdiluted": 0.075,
    "weightedAverageShsOut": 1486000000,
    "weightedAverageShsOutDil": 1508000000,
    "link": "https://www.sec.gov/Archives/edgar/data/56873/000119312503097023/0001193125-03-097023-index.htm",
    "finalLink": "https://www.sec.gov/Archives/edgar/data/56873/000119312503097023/d10q.htm"
  },
  {
    "date": "2003-08-16",
    "symbol": "KR",
    "reportedCurrency": "USD",
    "cik": "0000056873",
    "fillingDate": "2003-09-26",
    "acceptedDate": "2003-09-26 09:53:45",
    "calendarYear": "2003",
    "period": "Q2",
    "revenue": 12351000000,
    "costOfRevenue": 9102000000,
    "grossProfit": 3249000000,
    "grossProfitRatio": 0.263055623,
    "researchAndDevelopmentExpenses": 0,
    "generalAndAdministrativeExpenses": 2538000000,
    "sellingAndMarketingExpenses": 0,
    "sellingGeneralAndAdministrativeExpenses": 2538000000,
    "otherExpenses": 269000000,
    "operatingExpenses": 2807000000,
    "costAndExpenses": 11909000000,
    "interestIncome": 0,
    "interestExpense": 138000000,
    "depreciationAndAmortization": 269000000,
    "ebitda": 711000000,
    "ebitdaratio": 0.057566189,
    "operatingIncome": 442000000,
    "operatingIncomeRatio": 0.035786576,
    "totalOtherIncomeExpensesNet": -138000000,
    "incomeBeforeTax": 304000000,
    "incomeBeforeTaxRatio": 0.0246133916,
    "incomeTaxExpense": 114000000,
    "netIncome": 190000000,
    "netIncomeRatio": 0.0153833698,
    "eps": 0.13,
    "epsdiluted": 0.13,
    "weightedAverageShsOut": 1494000000,
    "weightedAverageShsOutDil": 1512000000,
    "link": "https://www.sec.gov/Archives/edgar/data/56873/000119312503054433/0001193125-03-054433-index.htm",
    "finalLink": "https://www.sec.gov/Archives/edgar/data/56873/000119312503054433/d10q.htm"
  },
  {
    "date": "2003-05-24",
    "symbol": "KR",
    "reportedCurrency": "USD",
    "cik": "0000056873",
    "fillingDate": "2003-07-08",
    "acceptedDate": "2003-07-08 14:40:18",
    "calendarYear": "2003",
    "period": "Q1",
    "revenue": 16266000000,
    "costOfRevenue": 11930000000,
    "grossProfit": 4336000000,
    "grossProfitRatio": 0.266568302,
    "researchAndDevelopmentExpenses": 0,
    "generalAndAdministrativeExpenses": 3228000000,
    "sellingAndMarketingExpenses": 0,
    "sellingGeneralAndAdministrativeExpenses": 3228000000,
    "otherExpenses": 355000000,
    "operatingExpenses": 3583000000,
    "costAndExpenses": 15513000000,
    "interestIncome": 0,
    "interestExpense": 190000000,
    "depreciationAndAmortization": 355000000,
    "ebitda": 1108000000,
    "ebitdaratio": 0.0681175458,
    "operatingIncome": 753000000,
    "operatingIncomeRatio": 0.0462928809,
    "totalOtherIncomeExpensesNet": -190000000,
    "incomeBeforeTax": 563000000,
    "incomeBeforeTaxRatio": 0.0346120743,
    "incomeTaxExpense": 211000000,
    "netIncome": 352000000,
    "netIncomeRatio": 0.0216402312,
    "eps": 0.24,
    "epsdiluted": 0.23,
    "weightedAverageShsOut": 1508000000,
    "weightedAverageShsOutDil": 1522000000,
    "link": "https://www.sec.gov/Archives/edgar/data/56873/000119312503017559/0001193125-03-017559-index.htm",
    "finalLink": "https://www.sec.gov/Archives/edgar/data/56873/000119312503017559/d10q.htm"
  },
  {
    "date": "2003-02-01",
    "symbol": "KR",
    "reportedCurrency": "USD",
    "cik": "0000056873",
    "fillingDate": "2003-05-02",
    "acceptedDate": "2003-05-02 13:47:17",
    "calendarYear": "2002",
    "period": "Q4",
    "revenue": 12470000000,
    "costOfRevenue": 9148000000,
    "grossProfit": 3322000000,
    "grossProfitRatio": 0.2663993585,
    "researchAndDevelopmentExpenses": 0,
    "generalAndAdministrativeExpenses": 2413000000,
    "sellingAndMarketingExpenses": -17000000,
    "sellingGeneralAndAdministrativeExpenses": 2396000000,
    "otherExpenses": 272000000,
    "operatingExpenses": 2663000000,
    "costAndExpenses": 11811000000,
    "interestIncome": 0,
    "interestExpense": 108000000,
    "depreciationAndAmortization": 267000000,
    "ebitda": 926000000,
    "ebitdaratio": 0.0742582197,
    "operatingIncome": 659000000,
    "operatingIncomeRatio": 0.0528468324,
    "totalOtherIncomeExpensesNet": -140000000,
    "incomeBeforeTax": 519000000,
    "incomeBeforeTaxRatio": 0.0416198877,
    "incomeTaxExpense": 195000000,
    "netIncome": 324000000,
    "netIncomeRatio": 0.0259823577,
    "eps": 0.25,
    "epsdiluted": 0.25,
    "weightedAverageShsOut": 1528000000,
    "weightedAverageShsOutDil": 1539000000,
    "link": "https://www.sec.gov/Archives/edgar/data/56873/000095016803001570/0000950168-03-001570-index.htm",
    "finalLink": "https://www.sec.gov/Archives/edgar/data/56873/000095016803001570/d10k.htm"
  },
  {
    "date": "2002-11-09",
    "symbol": "KR",
    "reportedCurrency": "USD",
    "cik": "0000056873",
    "fillingDate": "2002-12-20",
    "acceptedDate": "2002-12-20 14:43:42",
    "calendarYear": "2002",
    "period": "Q3",
    "revenue": 11696000000,
    "costOfRevenue": 8485000000,
    "grossProfit": 3211000000,
    "grossProfitRatio": 0.2745383037,
    "researchAndDevelopmentExpenses": 0,
    "generalAndAdministrativeExpenses": 2407000000,
    "sellingAndMarketingExpenses": 13000000,
    "sellingGeneralAndAdministrativeExpenses": 2420000000,
    "otherExpenses": 249000000,
    "operatingExpenses": 2669000000,
    "costAndExpenses": 11154000000,
    "interestIncome": 0,
    "interestExpense": 134000000,
    "depreciationAndAmortization": 250000000,
    "ebitda": 792000000,
    "ebitdaratio": 0.0677154583,
    "operatingIncome": 542000000,
    "operatingIncomeRatio": 0.0463406293,
    "totalOtherIncomeExpensesNet": -134000000,
    "incomeBeforeTax": 408000000,
    "incomeBeforeTaxRatio": 0.0348837209,
    "incomeTaxExpense": 153000000,
    "netIncome": 255000000,
    "netIncomeRatio": 0.0218023256,
    "eps": 0.17,
    "epsdiluted": 0.17,
    "weightedAverageShsOut": 1540000000,
    "weightedAverageShsOutDil": 1558000000,
    "link": "https://www.sec.gov/Archives/edgar/data/56873/000102140802015393/0001021408-02-015393-index.htm",
    "finalLink": "https://www.sec.gov/Archives/edgar/data/56873/000102140802015393/d10q.htm"
  },
  {
    "date": "2002-08-17",
    "symbol": "KR",
    "reportedCurrency": "USD",
    "cik": "0000056873",
    "fillingDate": "2002-09-30",
    "acceptedDate": "2002-09-30 13:01:12",
    "calendarYear": "2002",
    "period": "Q2",
    "revenue": 11927000000,
    "costOfRevenue": 8738000000,
    "grossProfit": 3189000000,
    "grossProfitRatio": 0.2673765406,
    "researchAndDevelopmentExpenses": 0,
    "generalAndAdministrativeExpenses": 2366000000,
    "sellingAndMarketingExpenses": 1000000,
    "sellingGeneralAndAdministrativeExpenses": 2367000000,
    "otherExpenses": 247000000,
    "operatingExpenses": 2614000000,
    "costAndExpenses": 11352000000,
    "interestIncome": 0,
    "interestExpense": 153000000,
    "depreciationAndAmortization": 247000000,
    "ebitda": 822000000,
    "ebitdaratio": 0.0689192588,
    "operatingIncome": 574000000,
    "operatingIncomeRatio": 0.0481261004,
    "totalOtherIncomeExpensesNet": -137000000,
    "incomeBeforeTax": 437000000,
    "incomeBeforeTaxRatio": 0.0366395573,
    "incomeTaxExpense": 164000000,
    "netIncome": 264000000,
    "netIncomeRatio": 0.0221346525,
    "eps": 0.17,
    "epsdiluted": 0.17,
    "weightedAverageShsOut": 1572000000,
    "weightedAverageShsOutDil": 1600000000,
    "link": "https://www.sec.gov/Archives/edgar/data/56873/000102140802012110/0001021408-02-012110-index.htm",
    "finalLink": "https://www.sec.gov/Archives/edgar/data/56873/000102140802012110/d10q.txt"
  },
  {
    "date": "2002-05-25",
    "symbol": "KR",
    "reportedCurrency": "USD",
    "cik": "0000056873",
    "fillingDate": "2002-07-09",
    "acceptedDate": "2002-07-09 14:10:52",
    "calendarYear": "2002",
    "period": "Q1",
    "revenue": 15667000000,
    "costOfRevenue": 11438000000,
    "grossProfit": 4229000000,
    "grossProfitRatio": 0.269930427,
    "researchAndDevelopmentExpenses": 0,
    "generalAndAdministrativeExpenses": 3092000000,
    "sellingAndMarketingExpenses": 0,
    "sellingGeneralAndAdministrativeExpenses": 3092000000,
    "otherExpenses": 338000000,
    "operatingExpenses": 3415000000,
    "costAndExpenses": 14853000000,
    "interestIncome": 0,
    "interestExpense": 244000000,
    "depreciationAndAmortization": 323000000,
    "ebitda": 1137000000,
    "ebitdaratio": 0.072572924,
    "operatingIncome": 799000000,
    "operatingIncomeRatio": 0.0509989149,
    "totalOtherIncomeExpensesNet": -189000000,
    "incomeBeforeTax": 610000000,
    "incomeBeforeTaxRatio": 0.0389353418,
    "incomeTaxExpense": 229000000,
    "netIncome": 362000000,
    "netIncomeRatio": 0.0231058914,
    "eps": 0.23,
    "epsdiluted": 0.23,
    "weightedAverageShsOut": 1586000000,
    "weightedAverageShsOutDil": 1618000000,
    "link": "https://www.sec.gov/Archives/edgar/data/56873/000102140802009294/0001021408-02-009294-index.htm",
    "finalLink": "https://www.sec.gov/Archives/edgar/data/56873/000102140802009294/d10q.htm"
  },
  {
    "date": "2002-02-02",
    "symbol": "KR",
    "reportedCurrency": "USD",
    "cik": "0000056873",
    "fillingDate": "2002-05-01",
    "acceptedDate": "2002-05-01 16:30:27",
    "calendarYear": "2001",
    "period": "Q4",
    "revenue": 12129000000,
    "costOfRevenue": 8769000000,
    "grossProfit": 3360000000,
    "grossProfitRatio": 0.2770220134,
    "researchAndDevelopmentExpenses": 0,
    "generalAndAdministrativeExpenses": 2357000000,
    "sellingAndMarketingExpenses": -2000000,
    "sellingGeneralAndAdministrativeExpenses": 2355000000,
    "otherExpenses": 294000000,
    "operatingExpenses": 2611000000,
    "costAndExpenses": 11380000000,
    "interestIncome": 0,
    "interestExpense": 140000000,
    "depreciationAndAmortization": 256000000,
    "ebitda": 1005000000,
    "ebitdaratio": 0.0828592629,
    "operatingIncome": 713000000,
    "operatingIncomeRatio": 0.0587847308,
    "totalOtherIncomeExpensesNet": -142000000,
    "incomeBeforeTax": 571000000,
    "incomeBeforeTaxRatio": 0.0470772529,
    "incomeTaxExpense": 220000000,
    "netIncome": 351000000,
    "netIncomeRatio": 0.0289389068,
    "eps": 0.21,
    "epsdiluted": 0.21,
    "weightedAverageShsOut": 1629000000,
    "weightedAverageShsOutDil": 1629000000,
    "link": "https://www.sec.gov/Archives/edgar/data/56873/000095010902002476/0000950109-02-002476-index.htm",
    "finalLink": "https://www.sec.gov/Archives/edgar/data/56873/000095010902002476/d10k.htm"
  },
  {
    "date": "2001-11-10",
    "symbol": "KR",
    "reportedCurrency": "USD",
    "cik": "0000056873",
    "fillingDate": "2001-12-21",
    "acceptedDate": "2001-12-21 00:00:00",
    "calendarYear": "2001",
    "period": "Q3",
    "revenue": 11382000000,
    "costOfRevenue": 8265000000,
    "grossProfit": 3117000000,
    "grossProfitRatio": 0.2738534528,
    "researchAndDevelopmentExpenses": 0,
    "generalAndAdministrativeExpenses": 2399000000,
    "sellingAndMarketingExpenses": 0,
    "sellingGeneralAndAdministrativeExpenses": 2399000000,
    "otherExpenses": 346000000,
    "operatingExpenses": 2653000000,
    "costAndExpenses": 10918000000,
    "interestIncome": 0,
    "interestExpense": 149000000,
    "depreciationAndAmortization": 254000000,
    "ebitda": 627000000,
    "ebitdaratio": 0.0550869794,
    "operatingIncome": 463000000,
    "operatingIncomeRatio": 0.0406782639,
    "totalOtherIncomeExpensesNet": -149000000,
    "incomeBeforeTax": 223000000,
    "incomeBeforeTaxRatio": 0.0195923388,
    "incomeTaxExpense": 90000000,
    "netIncome": 133000000,
    "netIncomeRatio": 0.0116851169,
    "eps": 0.085,
    "epsdiluted": 0.08,
    "weightedAverageShsOut": 1602000000,
    "weightedAverageShsOutDil": 1642000000,
    "link": "https://www.sec.gov/Archives/edgar/data/56873/000095015201506593/0000950152-01-506593-index.htm",
    "finalLink": "https://www.sec.gov/Archives/edgar/data/56873/000095015201506593/l92036ae10-q.txt"
  },
  {
    "date": "2001-08-18",
    "symbol": "KR",
    "reportedCurrency": "USD",
    "cik": "0000056873",
    "fillingDate": "2001-10-01",
    "acceptedDate": "2001-10-01 00:00:00",
    "calendarYear": "2001",
    "period": "Q2",
    "revenue": 11485000000,
    "costOfRevenue": 8331000000,
    "grossProfit": 3154000000,
    "grossProfitRatio": 0.2746190684,
    "researchAndDevelopmentExpenses": 0,
    "generalAndAdministrativeExpenses": 2334000000,
    "sellingAndMarketingExpenses": 1000000,
    "sellingGeneralAndAdministrativeExpenses": 2335000000,
    "otherExpenses": 248000000,
    "operatingExpenses": 2581000000,
    "costAndExpenses": 10912000000,
    "interestIncome": 0,
    "interestExpense": 155000000,
    "depreciationAndAmortization": 247000000,
    "ebitda": 820000000,
    "ebitdaratio": 0.071397475,
    "operatingIncome": 571000000,
    "operatingIncomeRatio": 0.0497170222,
    "totalOtherIncomeExpensesNet": -152000000,
    "incomeBeforeTax": 419000000,
    "incomeBeforeTaxRatio": 0.0364823683,
    "incomeTaxExpense": 163000000,
    "netIncome": 256000000,
    "netIncomeRatio": 0.0222899434,
    "eps": 0.16,
    "epsdiluted": 0.16,
    "weightedAverageShsOut": 1610000000,
    "weightedAverageShsOutDil": 1654000000,
    "link": "https://www.sec.gov/Archives/edgar/data/56873/000095015201504776/0000950152-01-504776-index.htm",
    "finalLink": "https://www.sec.gov/Archives/edgar/data/56873/000095015201504776/l90353ae10-q.txt"
  },
  {
    "date": "2001-05-26",
    "symbol": "KR",
    "reportedCurrency": "USD",
    "cik": "0000056873",
    "fillingDate": "2001-07-10",
    "acceptedDate": "2001-07-10 00:00:00",
    "calendarYear": "2001",
    "period": "Q1",
    "revenue": 15102000000,
    "costOfRevenue": 11035000000,
    "grossProfit": 4067000000,
    "grossProfitRatio": 0.2693020792,
    "researchAndDevelopmentExpenses": 0,
    "generalAndAdministrativeExpenses": 3043000000,
    "sellingAndMarketingExpenses": -1000000,
    "sellingGeneralAndAdministrativeExpenses": 3042000000,
    "otherExpenses": 322000000,
    "operatingExpenses": 3361000000,
    "costAndExpenses": 14396000000,
    "interestIncome": 0,
    "interestExpense": 205000000,
    "depreciationAndAmortization": 319000000,
    "ebitda": 1025000000,
    "ebitdaratio": 0.0678718051,
    "operatingIncome": 704000000,
    "operatingIncomeRatio": 0.0466163422,
    "totalOtherIncomeExpensesNet": -206000000,
    "incomeBeforeTax": 498000000,
    "incomeBeforeTaxRatio": 0.0329757648,
    "incomeTaxExpense": 194000000,
    "netIncome": 304000000,
    "netIncomeRatio": 0.0201297841,
    "eps": 0.19,
    "epsdiluted": 0.18,
    "weightedAverageShsOut": 1624000000,
    "weightedAverageShsOutDil": 1666000000,
    "link": "https://www.sec.gov/Archives/edgar/data/56873/000095015201503152/0000950152-01-503152-index.htm",
    "finalLink": "https://www.sec.gov/Archives/edgar/data/56873/000095015201503152/l89336ae10-q.txt"
  },
  {
    "date": "2001-02-03",
    "symbol": "KR",
    "reportedCurrency": "USD",
    "cik": "0000056873",
    "fillingDate": "2001-05-02",
    "acceptedDate": "2001-05-02 00:00:00",
    "calendarYear": "2000",
    "period": "Q4",
    "revenue": 12692000000,
    "costOfRevenue": 9201000000,
    "grossProfit": 3491000000,
    "grossProfitRatio": 0.2750551529,
    "researchAndDevelopmentExpenses": 0,
    "generalAndAdministrativeExpenses": 2427000000,
    "sellingAndMarketingExpenses": 50000000,
    "sellingGeneralAndAdministrativeExpenses": 2477000000,
    "otherExpenses": 186000000,
    "operatingExpenses": 2710000000,
    "costAndExpenses": 11911000000,
    "interestIncome": 0,
    "interestExpense": 160000000,
    "depreciationAndAmortization": 233000000,
    "ebitda": 1014000000,
    "ebitdaratio": 0.0798928459,
    "operatingIncome": 781000000,
    "operatingIncomeRatio": 0.0615348251,
    "totalOtherIncomeExpensesNet": -169000000,
    "incomeBeforeTax": 612000000,
    "incomeBeforeTaxRatio": 0.0482193508,
    "incomeTaxExpense": 255000000,
    "netIncome": 357000000,
    "netIncomeRatio": 0.0281279546,
    "eps": 0.22,
    "epsdiluted": 0.22,
    "weightedAverageShsOut": 1634000000,
    "weightedAverageShsOutDil": 1683000000,
    "link": "https://www.sec.gov/Archives/edgar/data/56873/000095015201501370/0000950152-01-501370-index.htm",
    "finalLink": "https://www.sec.gov/Archives/edgar/data/56873/000095015201501370/l87047ae10-k.txt"
  },
  {
    "date": "2000-11-04",
    "symbol": "KR",
    "reportedCurrency": "USD",
    "cik": "0000056873",
    "fillingDate": "2000-12-15",
    "acceptedDate": "2000-12-15 00:00:00",
    "calendarYear": "2000",
    "period": "Q3",
    "revenue": 10962000000,
    "costOfRevenue": 8050000000,
    "grossProfit": 2912000000,
    "grossProfitRatio": 0.2656449553,
    "researchAndDevelopmentExpenses": 0,
    "generalAndAdministrativeExpenses": 2232000000,
    "sellingAndMarketingExpenses": -51000000,
    "sellingGeneralAndAdministrativeExpenses": 2181000000,
    "otherExpenses": 287000000,
    "operatingExpenses": 2415000000,
    "costAndExpenses": 10465000000,
    "interestIncome": 0,
    "interestExpense": 97000000,
    "depreciationAndAmortization": 234000000,
    "ebitda": 731000000,
    "ebitdaratio": 0.0666849115,
    "operatingIncome": 497000000,
    "operatingIncomeRatio": 0.0453384419,
    "totalOtherIncomeExpensesNet": -148000000,
    "incomeBeforeTax": 349000000,
    "incomeBeforeTaxRatio": 0.031837256,
    "incomeTaxExpense": 146000000,
    "netIncome": 201000000,
    "netIncomeRatio": 0.0183360701,
    "eps": 0.13,
    "epsdiluted": 0.12,
    "weightedAverageShsOut": 1642000000,
    "weightedAverageShsOutDil": 1690000000,
    "link": "https://www.sec.gov/Archives/edgar/data/56873/000095015200008547/0000950152-00-008547-index.htm",
    "finalLink": "https://www.sec.gov/Archives/edgar/data/56873/000095015200008547/l85407ae10-q.txt"
  },
  {
    "date": "2000-08-12",
    "symbol": "KR",
    "reportedCurrency": "USD",
    "cik": "0000056873",
    "fillingDate": "2000-09-22",
    "acceptedDate": "2000-09-22 00:00:00",
    "calendarYear": "2000",
    "period": "Q2",
    "revenue": 11017000000,
    "costOfRevenue": 8053000000,
    "grossProfit": 2964000000,
    "grossProfitRatio": 0.2690387583,
    "researchAndDevelopmentExpenses": 0,
    "generalAndAdministrativeExpenses": 2190000000,
    "sellingAndMarketingExpenses": 8000000,
    "sellingGeneralAndAdministrativeExpenses": 2198000000,
    "otherExpenses": 227000000,
    "operatingExpenses": 2432000000,
    "costAndExpenses": 10485000000,
    "interestIncome": 0,
    "interestExpense": 172000000,
    "depreciationAndAmortization": 234000000,
    "ebitda": 766000000,
    "ebitdaratio": 0.0695289099,
    "operatingIncome": 532000000,
    "operatingIncomeRatio": 0.0482890079,
    "totalOtherIncomeExpensesNet": -157000000,
    "incomeBeforeTax": 375000000,
    "incomeBeforeTaxRatio": 0.0340383044,
    "incomeTaxExpense": 157000000,
    "netIncome": 216000000,
    "netIncomeRatio": 0.0196060634,
    "eps": 0.13,
    "epsdiluted": 0.13,
    "weightedAverageShsOut": 1648000000,
    "weightedAverageShsOutDil": 1694000000,
    "link": "https://www.sec.gov/Archives/edgar/data/56873/000095015200006890/0000950152-00-006890-index.htm",
    "finalLink": "https://www.sec.gov/Archives/edgar/data/56873/000095015200006890/l84050ae10-q.txt"
  },
  {
    "date": "2000-05-20",
    "symbol": "KR",
    "reportedCurrency": "USD",
    "cik": "0000056873",
    "fillingDate": "2000-06-30",
    "acceptedDate": "2000-06-30 00:00:00",
    "calendarYear": "2000",
    "period": "Q1",
    "revenue": 14329000000,
    "costOfRevenue": 10502000000,
    "grossProfit": 3827000000,
    "grossProfitRatio": 0.2670807453,
    "researchAndDevelopmentExpenses": 0,
    "generalAndAdministrativeExpenses": 2950000000,
    "sellingAndMarketingExpenses": -12000000,
    "sellingGeneralAndAdministrativeExpenses": 2938000000,
    "otherExpenses": 519000000,
    "operatingExpenses": 3245000000,
    "costAndExpenses": 13747000000,
    "interestIncome": 0,
    "interestExpense": 197000000,
    "depreciationAndAmortization": 307000000,
    "ebitda": 889000000,
    "ebitdaratio": 0.0620420127,
    "operatingIncome": 582000000,
    "operatingIncomeRatio": 0.0406169307,
    "totalOtherIncomeExpensesNet": -406000000,
    "incomeBeforeTax": 176000000,
    "incomeBeforeTaxRatio": 0.0122827832,
    "incomeTaxExpense": 70000000,
    "netIncome": 106000000,
    "netIncomeRatio": 0.0073975853,
    "eps": 0.065,
    "epsdiluted": 0.06,
    "weightedAverageShsOut": 1662000000,
    "weightedAverageShsOutDil": 1700000000,
    "link": "https://www.sec.gov/Archives/edgar/data/56873/000095015200005119/0000950152-00-005119-index.htm",
    "finalLink": "https://www.sec.gov/Archives/edgar/data/56873/000095015200005119/e10-q.txt"
  },
  {
    "date": "2000-01-29",
    "symbol": "KR",
    "reportedCurrency": "USD",
    "cik": "0000056873",
    "fillingDate": "2000-04-27",
    "acceptedDate": "2000-04-27 00:00:00",
    "calendarYear": "1999",
    "period": "Q4",
    "revenue": 11241000000,
    "costOfRevenue": 8173000000,
    "grossProfit": 3068000000,
    "grossProfitRatio": 0.2729294547,
    "researchAndDevelopmentExpenses": 0,
    "generalAndAdministrativeExpenses": 2140000000,
    "sellingAndMarketingExpenses": 18000000,
    "sellingGeneralAndAdministrativeExpenses": 2158000000,
    "otherExpenses": 308000000,
    "operatingExpenses": 2396000000,
    "costAndExpenses": 10569000000,
    "interestIncome": 0,
    "interestExpense": 166000000,
    "depreciationAndAmortization": 238000000,
    "ebitda": 910000000,
    "ebitdaratio": 0.0809536518,
    "operatingIncome": 672000000,
    "operatingIncomeRatio": 0.0597811583,
    "totalOtherIncomeExpensesNet": -236000000,
    "incomeBeforeTax": 436000000,
    "incomeBeforeTaxRatio": 0.0387865848,
    "incomeTaxExpense": 190000000,
    "netIncome": 246000000,
    "netIncomeRatio": 0.021884174,
    "eps": 0.14,
    "epsdiluted": 0.14,
    "weightedAverageShsOut": 1649391304,
    "weightedAverageShsOutDil": 1706000000,
    "link": "https://www.sec.gov/Archives/edgar/data/56873/000095015200003212/0000950152-00-003212-index.html",
    "finalLink": "https://www.sec.gov/Archives/edgar/data/56873/000095015200003212/"
  },
  {
    "date": "1999-11-06",
    "symbol": "KR",
    "reportedCurrency": "USD",
    "cik": "0000056873",
    "fillingDate": "1999-12-20",
    "acceptedDate": "1999-12-20 00:00:00",
    "calendarYear": "1999",
    "period": "Q3",
    "revenue": 10329000000,
    "costOfRevenue": 7762000000,
    "grossProfit": 2567000000,
    "grossProfitRatio": 0.2485235744,
    "researchAndDevelopmentExpenses": 0,
    "generalAndAdministrativeExpenses": 2054000000,
    "sellingAndMarketingExpenses": -165000000,
    "sellingGeneralAndAdministrativeExpenses": 1889000000,
    "otherExpenses": 451000000,
    "operatingExpenses": 2110000000,
    "costAndExpenses": 9872000000,
    "interestIncome": 0,
    "interestExpense": 0,
    "depreciationAndAmortization": 221000000,
    "ebitda": 683000000,
    "ebitdaratio": 0.0661245038,
    "operatingIncome": 457000000,
    "operatingIncomeRatio": 0.0442443605,
    "totalOtherIncomeExpensesNet": -217000000,
    "incomeBeforeTax": 240000000,
    "incomeBeforeTaxRatio": 0.0232355504,
    "incomeTaxExpense": 111000000,
    "netIncome": 129000000,
    "netIncomeRatio": 0.0124891083,
    "eps": 0.075,
    "epsdiluted": 0.075,
    "weightedAverageShsOut": 1720000000,
    "weightedAverageShsOutDil": 1720000000,
    "link": "https://www.sec.gov/Archives/edgar/data/56873/000095015299009781/0000950152-99-009781-index.html",
    "finalLink": "https://www.sec.gov/Archives/edgar/data/56873/000095015299009781/"
  },
  {
    "date": "1999-08-14",
    "symbol": "KR",
    "reportedCurrency": "USD",
    "cik": "0000056873",
    "fillingDate": "1999-09-28",
    "acceptedDate": "1999-09-28 00:00:00",
    "calendarYear": "1999",
    "period": "Q2",
    "revenue": 10289000000,
    "costOfRevenue": 7446000000,
    "grossProfit": 2843000000,
    "grossProfitRatio": 0.2763145106,
    "researchAndDevelopmentExpenses": 0,
    "generalAndAdministrativeExpenses": 2034000000,
    "sellingAndMarketingExpenses": -10000000,
    "sellingGeneralAndAdministrativeExpenses": 2024000000,
    "otherExpenses": 426000000,
    "operatingExpenses": 2389000000,
    "costAndExpenses": 9835000000,
    "interestIncome": 0,
    "interestExpense": 297000000,
    "depreciationAndAmortization": 365000000,
    "ebitda": 665000000,
    "ebitdaratio": 0.0646321314,
    "operatingIncome": 454000000,
    "operatingIncomeRatio": 0.0441247935,
    "totalOtherIncomeExpensesNet": -343000000,
    "incomeBeforeTax": 106000000,
    "incomeBeforeTaxRatio": 0.0103022646,
    "incomeTaxExpense": 50000000,
    "netIncome": 46000000,
    "netIncomeRatio": 0.0044707941,
    "eps": 0.03,
    "epsdiluted": 0.025,
    "weightedAverageShsOut": 1658000000,
    "weightedAverageShsOutDil": 1720000000,
    "link": "https://www.sec.gov/Archives/edgar/data/56873/000095015299007882/0000950152-99-007882-index.html",
    "finalLink": "https://www.sec.gov/Archives/edgar/data/56873/000095015299007882/"
  },
  {
    "date": "1999-05-22",
    "symbol": "KR",
    "reportedCurrency": "USD",
    "cik": "0000056873",
    "fillingDate": "1999-07-06",
    "acceptedDate": "1999-07-06 00:00:00",
    "calendarYear": "1999",
    "period": "Q1",
    "revenue": 8789000000,
    "costOfRevenue": 6644000000,
    "grossProfit": 2145000000,
    "grossProfitRatio": 0.2440550688,
    "researchAndDevelopmentExpenses": 0,
    "generalAndAdministrativeExpenses": 2669000000,
    "sellingAndMarketingExpenses": -1018000000,
    "sellingGeneralAndAdministrativeExpenses": 1651000000,
    "otherExpenses": 1334000000,
    "operatingExpenses": 1788000000,
    "costAndExpenses": 8432000000,
    "interestIncome": 0,
    "interestExpense": 41000000,
    "depreciationAndAmortization": 137000000,
    "ebitda": 494000000,
    "ebitdaratio": 0.0562066219,
    "operatingIncome": 357000000,
    "operatingIncomeRatio": 0.0406189555,
    "totalOtherIncomeExpensesNet": -234000000,
    "incomeBeforeTax": 280000000,
    "incomeBeforeTaxRatio": 0.0318580043,
    "incomeTaxExpense": 104000000,
    "netIncome": 176000000,
    "netIncomeRatio": 0.0200250313,
    "eps": 0.13,
    "epsdiluted": 0.12,
    "weightedAverageShsOut": 1654000000,
    "weightedAverageShsOutDil": 1726000000,
    "link": "https://www.sec.gov/Archives/edgar/data/56873/000095015299005897/0000950152-99-005897-index.html",
    "finalLink": "https://www.sec.gov/Archives/edgar/data/56873/000095015299005897/"
  },
  {
    "date": "1999-01-02",
    "symbol": "KR",
    "reportedCurrency": "USD",
    "cik": "0000056873",
    "fillingDate": "1999-03-26",
    "acceptedDate": "1999-03-26 00:00:00",
    "calendarYear": "1998",
    "period": "Q4",
    "revenue": 7349000000,
    "costOfRevenue": 5556500000,
    "grossProfit": 1792500000,
    "grossProfitRatio": 0.2439107362,
    "researchAndDevelopmentExpenses": 0,
    "generalAndAdministrativeExpenses": 0,
    "sellingAndMarketingExpenses": 0,
    "sellingGeneralAndAdministrativeExpenses": 1331100000,
    "otherExpenses": 121900000,
    "operatingExpenses": 1453000000,
    "costAndExpenses": 7009500000,
    "interestIncome": 0,
    "interestExpense": 0,
    "depreciationAndAmortization": 121900000,
    "ebitda": 461400000,
    "ebitdaratio": 0.0627840523,
    "operatingIncome": 339500000,
    "operatingIncomeRatio": 0.0461967615,
    "totalOtherIncomeExpensesNet": -62700000,
    "incomeBeforeTax": 276800000,
    "incomeBeforeTaxRatio": 0.0376649884,
    "incomeTaxExpense": 97300000,
    "netIncome": 151200000,
    "netIncomeRatio": 0.0205742278,
    "eps": 0.17,
    "epsdiluted": 0.17,
    "weightedAverageShsOut": 1035294118,
    "weightedAverageShsOutDil": 1066666667,
    "link": "https://www.sec.gov/Archives/edgar/data/56873/000095015299002475/0000950152-99-002475-index.html",
    "finalLink": "https://www.sec.gov/Archives/edgar/data/56873/"
  },
  {
    "date": "1998-10-03",
    "symbol": "KR",
    "reportedCurrency": "USD",
    "cik": "0000056873",
    "fillingDate": "1998-11-12",
    "acceptedDate": "1998-11-12 00:00:00",
    "calendarYear": "1998",
    "period": "Q3",
    "revenue": 8023900000,
    "costOfRevenue": 6087100000,
    "grossProfit": 1936800000,
    "grossProfitRatio": 0.2413788806,
    "researchAndDevelopmentExpenses": 0,
    "generalAndAdministrativeExpenses": 2270000000,
    "sellingAndMarketingExpenses": -739000000,
    "sellingGeneralAndAdministrativeExpenses": 1531000000,
    "otherExpenses": 128300000,
    "operatingExpenses": 1659300000,
    "costAndExpenses": 7746400000,
    "interestIncome": 0,
    "interestExpense": 83400000,
    "depreciationAndAmortization": 128300000,
    "ebitda": 405800000,
    "ebitdaratio": 0.0505739104,
    "operatingIncome": 277500000,
    "operatingIncomeRatio": 0.0345841798,
    "totalOtherIncomeExpensesNet": -170000000,
    "incomeBeforeTax": 200600000,
    "incomeBeforeTaxRatio": 0.0250003116,
    "incomeTaxExpense": 76200000,
    "netIncome": 117900000,
    "netIncomeRatio": 0.0146936029,
    "eps": 0.085,
    "epsdiluted": 0.085,
    "weightedAverageShsOut": 1012142857,
    "weightedAverageShsOutDil": 1049629630,
    "link": "https://www.sec.gov/Archives/edgar/data/56873/000095015298008805/0000950152-98-008805-index.html",
    "finalLink": "https://www.sec.gov/Archives/edgar/data/56873/"
  },
  {
    "date": "1998-03-31",
    "symbol": "KR",
    "reportedCurrency": "USD",
    "cik": "0000056873",
    "fillingDate": "1998-03-31",
    "acceptedDate": "1998-03-31 00:00:00",
    "calendarYear": "1998",
    "period": "Q1",
    "revenue": 6388800000,
    "costOfRevenue": 4863700000,
    "grossProfit": 1525100000,
    "grossProfitRatio": 0.2387146256,
    "researchAndDevelopmentExpenses": 0,
    "generalAndAdministrativeExpenses": 0,
    "sellingAndMarketingExpenses": 0,
    "sellingGeneralAndAdministrativeExpenses": 1192000000,
    "otherExpenses": 101100000,
    "operatingExpenses": 1287800000,
    "costAndExpenses": 6151500000,
    "interestIncome": 0,
    "interestExpense": 63100000,
    "depreciationAndAmortization": 95800000,
    "ebitda": 333100000,
    "ebitdaratio": 0.0521381167,
    "operatingIncome": 237300000,
    "operatingIncomeRatio": 0.0371431255,
    "totalOtherIncomeExpensesNet": -64000000,
    "incomeBeforeTax": 173100000,
    "incomeBeforeTaxRatio": 0.02709429,
    "incomeTaxExpense": 65800000,
    "netIncome": 103000000,
    "netIncomeRatio": 0.0161219634,
    "eps": 0.045,
    "epsdiluted": 0.045,
    "weightedAverageShsOut": 1044444444,
    "weightedAverageShsOutDil": 1044444444,
    "link": null,
    "finalLink": null
  },
  {
    "date": "1997-12-27",
    "symbol": "KR",
    "reportedCurrency": "USD",
    "cik": "0000056873",
    "fillingDate": "1998-03-23",
    "acceptedDate": "1998-03-23 00:00:00",
    "calendarYear": "1997",
    "period": "Q4",
    "revenue": 6509500000,
    "costOfRevenue": 4894900000,
    "grossProfit": 1614600000,
    "grossProfitRatio": 0.2480374837,
    "researchAndDevelopmentExpenses": 0,
    "generalAndAdministrativeExpenses": 0,
    "sellingAndMarketingExpenses": 0,
    "sellingGeneralAndAdministrativeExpenses": 1226200000,
    "otherExpenses": 0,
    "operatingExpenses": 1323600000,
    "costAndExpenses": 6218500000,
    "interestIncome": 0,
    "interestExpense": 0,
    "depreciationAndAmortization": 97400000,
    "ebitda": 388400000,
    "ebitdaratio": 0.0596666411,
    "operatingIncome": 291000000,
    "operatingIncomeRatio": 0.0447038943,
    "totalOtherIncomeExpensesNet": -62700000,
    "incomeBeforeTax": 228300000,
    "incomeBeforeTaxRatio": 0.0350718181,
    "incomeTaxExpense": 81200000,
    "netIncome": 123700000,
    "netIncomeRatio": 0.0190029956,
    "eps": 0.17,
    "epsdiluted": 0.04,
    "weightedAverageShsOut": 1010175439,
    "weightedAverageShsOutDil": 1046909091,
    "link": "https://www.sec.gov/Archives/edgar/data/56873/000095013198001893/0000950131-98-001893-index.html",
    "finalLink": "https://www.sec.gov/Archives/edgar/data/56873/"
  },
  {
    "date": "1997-10-04",
    "symbol": "KR",
    "reportedCurrency": "USD",
    "cik": "0000056873",
    "fillingDate": "1997-11-12",
    "acceptedDate": "1997-11-12 00:00:00",
    "calendarYear": "1997",
    "period": "Q3",
    "revenue": 7686600000,
    "costOfRevenue": 5787000000,
    "grossProfit": 1899600000,
    "grossProfitRatio": 0.2471313715,
    "researchAndDevelopmentExpenses": 0,
    "generalAndAdministrativeExpenses": 1163000000,
    "sellingAndMarketingExpenses": 378200000,
    "sellingGeneralAndAdministrativeExpenses": 1541200000,
    "otherExpenses": 114900000,
    "operatingExpenses": 1656100000,
    "costAndExpenses": 7443100000,
    "interestIncome": 0,
    "interestExpense": 86100000,
    "depreciationAndAmortization": 114900000,
    "ebitda": 358400000,
    "ebitdaratio": 0.0466265969,
    "operatingIncome": 243500000,
    "operatingIncomeRatio": 0.0316785055,
    "totalOtherIncomeExpensesNet": -85300000,
    "incomeBeforeTax": 158200000,
    "incomeBeforeTaxRatio": 0.0205812713,
    "incomeTaxExpense": 61700000,
    "netIncome": 95700000,
    "netIncomeRatio": 0.0124502381,
    "eps": 0.095,
    "epsdiluted": 0.095,
    "weightedAverageShsOut": 1007368421,
    "weightedAverageShsOutDil": 1007368421,
    "link": "https://www.sec.gov/Archives/edgar/data/56873/000005687397000023/0000056873-97-000023-index.html",
    "finalLink": "https://www.sec.gov/Archives/edgar/data/56873/"
  },
  {
    "date": "1997-03-22",
    "symbol": "KR",
    "reportedCurrency": "USD",
    "cik": "0000056873",
    "fillingDate": "1997-05-05",
    "acceptedDate": "1997-05-05 00:00:00",
    "calendarYear": "1997",
    "period": "Q1",
    "revenue": 6139400000,
    "costOfRevenue": 4623200000,
    "grossProfit": 1516200000,
    "grossProfitRatio": 0.2469622439,
    "researchAndDevelopmentExpenses": 0,
    "generalAndAdministrativeExpenses": 0,
    "sellingAndMarketingExpenses": 0,
    "sellingGeneralAndAdministrativeExpenses": 1207800000,
    "otherExpenses": 93200000,
    "operatingExpenses": 1296400000,
    "costAndExpenses": 5919600000,
    "interestIncome": 0,
    "interestExpense": 71400000,
    "depreciationAndAmortization": 88600000,
    "ebitda": 308400000,
    "ebitdaratio": 0.0502329218,
    "operatingIncome": 219800000,
    "operatingIncomeRatio": 0.0358015441,
    "totalOtherIncomeExpensesNet": -69700000,
    "incomeBeforeTax": 150100000,
    "incomeBeforeTaxRatio": 0.0244486432,
    "incomeTaxExpense": 57800000,
    "netIncome": 87100000,
    "netIncomeRatio": 0.0141870541,
    "eps": 0.085,
    "epsdiluted": 0.085,
    "weightedAverageShsOut": 1024705882,
    "weightedAverageShsOutDil": 1024705882,
    "link": "https://www.sec.gov/Archives/edgar/data/56873/000005687397000011/0000056873-97-000011-index.html",
    "finalLink": "https://www.sec.gov/Archives/edgar/data/56873/"
  },
  {
    "date": "1996-12-28",
    "symbol": "KR",
    "reportedCurrency": "USD",
    "cik": "0000056873",
    "fillingDate": "1997-03-19",
    "acceptedDate": "1997-03-19 00:00:00",
    "calendarYear": "1996",
    "period": "Q4",
    "revenue": 6199100000,
    "costOfRevenue": 4676500000,
    "grossProfit": 1522600000,
    "grossProfitRatio": 0.2456162991,
    "researchAndDevelopmentExpenses": 0,
    "generalAndAdministrativeExpenses": 1158000000,
    "sellingAndMarketingExpenses": 59100000,
    "sellingGeneralAndAdministrativeExpenses": 1168400000,
    "otherExpenses": 93200000,
    "operatingExpenses": 1257800000,
    "costAndExpenses": 5934300000,
    "interestIncome": 0,
    "interestExpense": 71400000,
    "depreciationAndAmortization": 89400000,
    "ebitda": 354200000,
    "ebitdaratio": 0.0571373264,
    "operatingIncome": 264800000,
    "operatingIncomeRatio": 0.0427158781,
    "totalOtherIncomeExpensesNet": -66900000,
    "incomeBeforeTax": 197900000,
    "incomeBeforeTaxRatio": 0.031923989,
    "incomeTaxExpense": 72400000,
    "netIncome": 125400000,
    "netIncomeRatio": 0.0202287429,
    "eps": 0.11,
    "epsdiluted": 0.1,
    "weightedAverageShsOut": 1000952381,
    "weightedAverageShsOutDil": 1051000000,
    "link": "https://www.sec.gov/Archives/edgar/data/56873/000095013197001919/0000950131-97-001919-index.html",
    "finalLink": "https://www.sec.gov/Archives/edgar/data/56873/"
  },
  {
    "date": "1996-10-05",
    "symbol": "KR",
    "reportedCurrency": "USD",
    "cik": "0000056873",
    "fillingDate": "1996-11-12",
    "acceptedDate": "1996-11-12 00:00:00",
    "calendarYear": "1996",
    "period": "Q3",
    "revenue": 7343100000,
    "costOfRevenue": 5578300000,
    "grossProfit": 1764800000,
    "grossProfitRatio": 0.2403344636,
    "researchAndDevelopmentExpenses": 0,
    "generalAndAdministrativeExpenses": 1148000000,
    "sellingAndMarketingExpenses": 59800000,
    "sellingGeneralAndAdministrativeExpenses": 1450400000,
    "otherExpenses": 88600000,
    "operatingExpenses": 1555300000,
    "costAndExpenses": 7133600000,
    "interestIncome": 0,
    "interestExpense": 74900000,
    "depreciationAndAmortization": 104900000,
    "ebitda": 314400000,
    "ebitdaratio": 0.0428157045,
    "operatingIncome": 209500000,
    "operatingIncomeRatio": 0.0285301848,
    "totalOtherIncomeExpensesNet": -91900000,
    "incomeBeforeTax": 117600000,
    "incomeBeforeTaxRatio": 0.0160150345,
    "incomeTaxExpense": 45300000,
    "netIncome": 71400000,
    "netIncomeRatio": 0.0097234138,
    "eps": 0.07,
    "epsdiluted": 0.065,
    "weightedAverageShsOut": 1020000000,
    "weightedAverageShsOutDil": 1098461538,
    "link": "https://www.sec.gov/Archives/edgar/data/56873/000005687396000021/0000056873-96-000021-index.html",
    "finalLink": "https://www.sec.gov/Archives/edgar/data/56873/"
  },
  {
    "date": "1996-03-23",
    "symbol": "KR",
    "reportedCurrency": "USD",
    "cik": "0000056873",
    "fillingDate": "1996-05-06",
    "acceptedDate": "1996-05-06 00:00:00",
    "calendarYear": "1996",
    "period": "Q1",
    "revenue": 5784300000,
    "costOfRevenue": 4364500000,
    "grossProfit": 1419800000,
    "grossProfitRatio": 0.2454575316,
    "researchAndDevelopmentExpenses": 0,
    "generalAndAdministrativeExpenses": 0,
    "sellingAndMarketingExpenses": 0,
    "sellingGeneralAndAdministrativeExpenses": 1145600000,
    "otherExpenses": 83400000,
    "operatingExpenses": 1224700000,
    "costAndExpenses": 5589200000,
    "interestIncome": 0,
    "interestExpense": 71300000,
    "depreciationAndAmortization": 79100000,
    "ebitda": 274200000,
    "ebitdaratio": 0.0474041803,
    "operatingIncome": 195100000,
    "operatingIncomeRatio": 0.0337292326,
    "totalOtherIncomeExpensesNet": -70800000,
    "incomeBeforeTax": 124300000,
    "incomeBeforeTaxRatio": 0.0214892035,
    "incomeTaxExpense": 47800000,
    "netIncome": 75400000,
    "netIncomeRatio": 0.0130352852,
    "eps": 0.085,
    "epsdiluted": 0.08,
    "weightedAverageShsOut": 887058824,
    "weightedAverageShsOutDil": 942500000,
    "link": "https://www.sec.gov/Archives/edgar/data/56873/000005687396000008/0000056873-96-000008-index.html",
    "finalLink": "https://www.sec.gov/Archives/edgar/data/56873/"
  },
  {
    "date": "1995-12-30",
    "symbol": "KR",
    "reportedCurrency": "USD",
    "cik": "0000056873",
    "fillingDate": "1996-03-22",
    "acceptedDate": "1996-03-22 00:00:00",
    "calendarYear": "1995",
    "period": "Q4",
    "revenue": 5860700000,
    "costOfRevenue": 4413400000,
    "grossProfit": 1447300000,
    "grossProfitRatio": 0.246950023,
    "researchAndDevelopmentExpenses": 0,
    "generalAndAdministrativeExpenses": 1154000000,
    "sellingAndMarketingExpenses": -200000,
    "sellingGeneralAndAdministrativeExpenses": 1130400000,
    "otherExpenses": 83400000,
    "operatingExpenses": 1213400000,
    "costAndExpenses": 5626800000,
    "interestIncome": 0,
    "interestExpense": 71300000,
    "depreciationAndAmortization": 83000000,
    "ebitda": 316900000,
    "ebitdaratio": 0.0540720392,
    "operatingIncome": 233900000,
    "operatingIncomeRatio": 0.0399099084,
    "totalOtherIncomeExpensesNet": -69100000,
    "incomeBeforeTax": 164800000,
    "incomeBeforeTaxRatio": 0.0281195079,
    "incomeTaxExpense": 55500000,
    "netIncome": 105500000,
    "netIncomeRatio": 0.0180012626,
    "eps": 0.075,
    "epsdiluted": 0.07,
    "weightedAverageShsOut": 1034666667,
    "weightedAverageShsOutDil": 1108571429,
    "link": "https://www.sec.gov/Archives/edgar/data/56873/000095013196001197/0000950131-96-001197-index.html",
    "finalLink": "https://www.sec.gov/Archives/edgar/data/56873/"
  },
  {
    "date": "1995-10-07",
    "symbol": "KR",
    "reportedCurrency": "USD",
    "cik": "0000056873",
    "fillingDate": "1995-11-01",
    "acceptedDate": "1995-11-01 00:00:00",
    "calendarYear": "1995",
    "period": "Q3",
    "revenue": 6959200000,
    "costOfRevenue": 5280900000,
    "grossProfit": 1678300000,
    "grossProfitRatio": 0.2411627773,
    "researchAndDevelopmentExpenses": 0,
    "generalAndAdministrativeExpenses": 1390000000,
    "sellingAndMarketingExpenses": 300000,
    "sellingGeneralAndAdministrativeExpenses": 1390300000,
    "otherExpenses": 92500000,
    "operatingExpenses": 1482800000,
    "costAndExpenses": 6763700000,
    "interestIncome": 0,
    "interestExpense": 95000000,
    "depreciationAndAmortization": 92500000,
    "ebitda": 288000000,
    "ebitdaratio": 0.0413840671,
    "operatingIncome": 195500000,
    "operatingIncomeRatio": 0.0280923095,
    "totalOtherIncomeExpensesNet": -93500000,
    "incomeBeforeTax": 102000000,
    "incomeBeforeTaxRatio": 0.0146568571,
    "incomeTaxExpense": 39300000,
    "netIncome": 61200000,
    "netIncomeRatio": 0.0087941143,
    "eps": 0.06,
    "epsdiluted": 0.06,
    "weightedAverageShsOut": 1020000000,
    "weightedAverageShsOutDil": 1020000000,
    "link": "https://www.sec.gov/Archives/edgar/data/56873/000005687395000032/0000056873-95-000032-index.html",
    "finalLink": "https://www.sec.gov/Archives/edgar/data/56873/"
  },
  {
    "date": "1995-06-17",
    "symbol": "KR",
    "reportedCurrency": "USD",
    "cik": "0000056873",
    "fillingDate": "1995-07-25",
    "acceptedDate": "1995-07-25 00:00:00",
    "calendarYear": "1995",
    "period": "Q2",
    "revenue": 5652900000,
    "costOfRevenue": 4264400000,
    "grossProfit": 1388500000,
    "grossProfitRatio": 0.2456261388,
    "researchAndDevelopmentExpenses": 0,
    "generalAndAdministrativeExpenses": 0,
    "sellingAndMarketingExpenses": 0,
    "sellingGeneralAndAdministrativeExpenses": 1100000000,
    "otherExpenses": 0,
    "operatingExpenses": 1176800000,
    "costAndExpenses": 5441200000,
    "interestIncome": 0,
    "interestExpense": 0,
    "depreciationAndAmortization": 76800000,
    "ebitda": 288500000,
    "ebitdaratio": 0.0510357516,
    "operatingIncome": 211700000,
    "operatingIncomeRatio": 0.0374498045,
    "totalOtherIncomeExpensesNet": -74600000,
    "incomeBeforeTax": 137100000,
    "incomeBeforeTaxRatio": 0.0242530383,
    "incomeTaxExpense": 54600000,
    "netIncome": 77000000,
    "netIncomeRatio": 0.0136213271,
    "eps": 0.08,
    "epsdiluted": 0.08,
    "weightedAverageShsOut": 962500000,
    "weightedAverageShsOutDil": 962500000,
    "link": "https://www.sec.gov/Archives/edgar/data/56873/000005687395000024/0000056873-95-000024-index.html",
    "finalLink": "https://www.sec.gov/Archives/edgar/data/56873/"
  },
  {
    "date": "1995-03-25",
    "symbol": "KR",
    "reportedCurrency": "USD",
    "cik": "0000056873",
    "fillingDate": "1995-05-08",
    "acceptedDate": "1995-05-08 00:00:00",
    "calendarYear": "1995",
    "period": "Q1",
    "revenue": 5465000000,
    "costOfRevenue": 4126100000,
    "grossProfit": 1338900000,
    "grossProfitRatio": 0.2449954254,
    "researchAndDevelopmentExpenses": 0,
    "generalAndAdministrativeExpenses": 0,
    "sellingAndMarketingExpenses": 0,
    "sellingGeneralAndAdministrativeExpenses": 1085600000,
    "otherExpenses": 76800000,
    "operatingExpenses": 1157800000,
    "costAndExpenses": 5283900000,
    "interestIncome": 0,
    "interestExpense": 80100000,
    "depreciationAndAmortization": 72200000,
    "ebitda": 253300000,
    "ebitdaratio": 0.0463494968,
    "operatingIncome": 181100000,
    "operatingIncomeRatio": 0.0331381519,
    "totalOtherIncomeExpensesNet": -75400000,
    "incomeBeforeTax": 105700000,
    "incomeBeforeTaxRatio": 0.0193412626,
    "incomeTaxExpense": 41200000,
    "netIncome": 59200000,
    "netIncomeRatio": 0.0108325709,
    "eps": 0.06,
    "epsdiluted": 0.06,
    "weightedAverageShsOut": 986666667,
    "weightedAverageShsOutDil": 986666667,
    "link": "https://www.sec.gov/Archives/edgar/data/56873/000005687395000021/0000056873-95-000021-index.html",
    "finalLink": "https://www.sec.gov/Archives/edgar/data/56873/"
  },
  {
    "date": "1994-12-31",
    "symbol": "KR",
    "reportedCurrency": "USD",
    "cik": "0000056873",
    "fillingDate": "1995-03-30",
    "acceptedDate": "1995-03-30 00:00:00",
    "calendarYear": "1994",
    "period": "Q4",
    "revenue": 5585800000,
    "costOfRevenue": 4202500000,
    "grossProfit": 1383300000,
    "grossProfitRatio": 0.2476458162,
    "researchAndDevelopmentExpenses": 0,
    "generalAndAdministrativeExpenses": 1100000000,
    "sellingAndMarketingExpenses": -20000000,
    "sellingGeneralAndAdministrativeExpenses": 1080000000,
    "otherExpenses": 76800000,
    "operatingExpenses": 1163800000,
    "costAndExpenses": 5366300000,
    "interestIncome": 0,
    "interestExpense": 80100000,
    "depreciationAndAmortization": 83800000,
    "ebitda": 303300000,
    "ebitdaratio": 0.0542983995,
    "operatingIncome": 219500000,
    "operatingIncomeRatio": 0.0392960722,
    "totalOtherIncomeExpensesNet": -75800000,
    "incomeBeforeTax": 143700000,
    "incomeBeforeTaxRatio": 0.0257259479,
    "incomeTaxExpense": 51700000,
    "netIncome": 91500000,
    "netIncomeRatio": 0.0163808228,
    "eps": 0.0857,
    "epsdiluted": 0.0857,
    "weightedAverageShsOut": 962500000,
    "weightedAverageShsOutDil": 962500000,
    "link": "https://www.sec.gov/Archives/edgar/data/56873/000005687395000014/0000056873-95-000014-index.html",
    "finalLink": "https://www.sec.gov/Archives/edgar/data/56873/"
  }
]