[
  {
    "date": "2025-06-29",
    "symbol": "KVUE",
    "reportedCurrency": "USD",
    "cik": "0001944048",
    "fillingDate": "2025-08-07",
    "acceptedDate": "2025-08-07 16:05:41",
    "calendarYear": "2025",
    "period": "Q2",
    "revenue": 3839000000,
    "costOfRevenue": 1578000000,
    "grossProfit": 2261000000,
    "grossProfitRatio": 0.5889554572,
    "researchAndDevelopmentExpenses": 0,
    "generalAndAdministrativeExpenses": 0,
    "sellingAndMarketingExpenses": 0,
    "sellingGeneralAndAdministrativeExpenses": 1504000000,
    "otherExpenses": 65000000,
    "operatingExpenses": 1569000000,
    "costAndExpenses": 3147000000,
    "interestIncome": 13000000,
    "interestExpense": 107000000,
    "depreciationAndAmortization": 142000000,
    "ebitda": 837000000,
    "ebitdaratio": 0.2180255275,
    "operatingIncome": 692000000,
    "operatingIncomeRatio": 0.1802552748,
    "totalOtherIncomeExpensesNet": -104000000,
    "incomeBeforeTax": 588000000,
    "incomeBeforeTaxRatio": 0.1531648867,
    "incomeTaxExpense": 168000000,
    "netIncome": 420000000,
    "netIncomeRatio": 0.1094034905,
    "eps": 0.22,
    "epsdiluted": 0.22,
    "weightedAverageShsOut": 1917000000,
    "weightedAverageShsOutDil": 1927000000,
    "link": "https://www.sec.gov/Archives/edgar/data/1944048/000194404825000177/0001944048-25-000177-index.htm",
    "finalLink": "https://www.sec.gov/Archives/edgar/data/1944048/000194404825000177/kvue-20250629.htm"
  },
  {
    "date": "2025-03-30",
    "symbol": "KVUE",
    "reportedCurrency": "USD",
    "cik": "0001944048",
    "fillingDate": "2025-05-08",
    "acceptedDate": "2025-05-08 16:04:23",
    "calendarYear": "2025",
    "period": "Q1",
    "revenue": 3741000000,
    "costOfRevenue": 1573000000,
    "grossProfit": 2168000000,
    "grossProfitRatio": 0.5795241914,
    "researchAndDevelopmentExpenses": 0,
    "generalAndAdministrativeExpenses": 0,
    "sellingAndMarketingExpenses": 0,
    "sellingGeneralAndAdministrativeExpenses": 1537000000,
    "otherExpenses": 73000000,
    "operatingExpenses": 1610000000,
    "costAndExpenses": 3183000000,
    "interestIncome": 13000000,
    "interestExpense": 107000000,
    "depreciationAndAmortization": 136000000,
    "ebitda": 701000000,
    "ebitdaratio": 0.1873830527,
    "operatingIncome": 558000000,
    "operatingIncomeRatio": 0.1491579791,
    "totalOtherIncomeExpensesNet": -100000000,
    "incomeBeforeTax": 458000000,
    "incomeBeforeTaxRatio": 0.1224271585,
    "incomeTaxExpense": 136000000,
    "netIncome": 322000000,
    "netIncomeRatio": 0.0860732424,
    "eps": 0.17,
    "epsdiluted": 0.17,
    "weightedAverageShsOut": 1914000000,
    "weightedAverageShsOutDil": 1925000000,
    "link": "https://www.sec.gov/Archives/edgar/data/1944048/000194404825000129/0001944048-25-000129-index.htm",
    "finalLink": "https://www.sec.gov/Archives/edgar/data/1944048/000194404825000129/kvue-20250330.htm"
  },
  {
    "date": "2024-12-29",
    "symbol": "KVUE",
    "reportedCurrency": "USD",
    "cik": "0001944048",
    "fillingDate": "2025-02-24",
    "acceptedDate": "2025-02-24 16:06:09",
    "calendarYear": "2024",
    "period": "Q4",
    "revenue": 3662000000,
    "costOfRevenue": 1592000000,
    "grossProfit": 2070000000,
    "grossProfitRatio": 0.5652648826,
    "researchAndDevelopmentExpenses": 0,
    "generalAndAdministrativeExpenses": 0,
    "sellingAndMarketingExpenses": 0,
    "sellingGeneralAndAdministrativeExpenses": 1525000000,
    "otherExpenses": 62000000,
    "operatingExpenses": 1587000000,
    "costAndExpenses": 3179000000,
    "interestIncome": 0,
    "interestExpense": 148000000,
    "depreciationAndAmortization": 150000000,
    "ebitda": 644000000,
    "ebitdaratio": 0.1758601857,
    "operatingIncome": 483000000,
    "operatingIncomeRatio": 0.1318951393,
    "totalOtherIncomeExpensesNet": -137000000,
    "incomeBeforeTax": 346000000,
    "incomeBeforeTaxRatio": 0.0944838886,
    "incomeTaxExpense": 53000000,
    "netIncome": 293000000,
    "netIncomeRatio": 0.080010923,
    "eps": 0.15,
    "epsdiluted": 0.15,
    "weightedAverageShsOut": 1916000000,
    "weightedAverageShsOutDil": 1929000000,
    "link": "https://www.sec.gov/Archives/edgar/data/1944048/000194404825000033/0001944048-25-000033-index.htm",
    "finalLink": "https://www.sec.gov/Archives/edgar/data/1944048/000194404825000033/kvue-20241229.htm"
  },
  {
    "date": "2024-09-29",
    "symbol": "KVUE",
    "reportedCurrency": "USD",
    "cik": "0001944048",
    "fillingDate": "2024-11-07",
    "acceptedDate": "2024-11-07 16:02:11",
    "calendarYear": "2024",
    "period": "Q3",
    "revenue": 3899000000,
    "costOfRevenue": 1617000000,
    "grossProfit": 2282000000,
    "grossProfitRatio": 0.5852782765,
    "researchAndDevelopmentExpenses": 0,
    "generalAndAdministrativeExpenses": 0,
    "sellingAndMarketingExpenses": 0,
    "sellingGeneralAndAdministrativeExpenses": 1590000000,
    "otherExpenses": 38000000,
    "operatingExpenses": 1628000000,
    "costAndExpenses": 3245000000,
    "interestIncome": 0,
    "interestExpense": 96000000,
    "depreciationAndAmortization": 182000000,
    "ebitda": 855000000,
    "ebitdaratio": 0.2192869967,
    "operatingIncome": 654000000,
    "operatingIncomeRatio": 0.1677353167,
    "totalOtherIncomeExpensesNet": -77000000,
    "incomeBeforeTax": 577000000,
    "incomeBeforeTaxRatio": 0.1479866632,
    "incomeTaxExpense": 194000000,
    "netIncome": 383000000,
    "netIncomeRatio": 0.0982303155,
    "eps": 0.2,
    "epsdiluted": 0.2,
    "weightedAverageShsOut": 1915000000,
    "weightedAverageShsOutDil": 1924000000,
    "link": "https://www.sec.gov/Archives/edgar/data/1944048/000194404824000152/0001944048-24-000152-index.htm",
    "finalLink": "https://www.sec.gov/Archives/edgar/data/1944048/000194404824000152/kvue-20240929.htm"
  },
  {
    "date": "2024-06-30",
    "symbol": "KVUE",
    "reportedCurrency": "USD",
    "cik": "0001944048",
    "fillingDate": "2024-08-06",
    "acceptedDate": "2024-08-06 16:20:12",
    "calendarYear": "2024",
    "period": "Q2",
    "revenue": 4000000000,
    "costOfRevenue": 1635000000,
    "grossProfit": 2365000000,
    "grossProfitRatio": 0.59125,
    "researchAndDevelopmentExpenses": 0,
    "generalAndAdministrativeExpenses": 0,
    "sellingAndMarketingExpenses": 0,
    "sellingGeneralAndAdministrativeExpenses": 1641000000,
    "otherExpenses": 570000000,
    "operatingExpenses": 2211000000,
    "costAndExpenses": 3846000000,
    "interestIncome": 14000000,
    "interestExpense": 106000000,
    "depreciationAndAmortization": 141000000,
    "ebitda": 312000000,
    "ebitdaratio": 0.078,
    "operatingIncome": 154000000,
    "operatingIncomeRatio": 0.0385,
    "totalOtherIncomeExpensesNet": -89000000,
    "incomeBeforeTax": 65000000,
    "incomeBeforeTaxRatio": 0.01625,
    "incomeTaxExpense": 7000000,
    "netIncome": 58000000,
    "netIncomeRatio": 0.0145,
    "eps": 0.0303,
    "epsdiluted": 0.0302,
    "weightedAverageShsOut": 1915000000,
    "weightedAverageShsOutDil": 1920000000,
    "link": "https://www.sec.gov/Archives/edgar/data/1944048/000194404824000139/0001944048-24-000139-index.htm",
    "finalLink": "https://www.sec.gov/Archives/edgar/data/1944048/000194404824000139/kvue-20240630.htm"
  },
  {
    "date": "2024-03-31",
    "symbol": "KVUE",
    "reportedCurrency": "USD",
    "cik": "0001944048",
    "fillingDate": "2024-05-09",
    "acceptedDate": "2024-05-09 16:02:50",
    "calendarYear": "2024",
    "period": "Q1",
    "revenue": 3894000000,
    "costOfRevenue": 1652000000,
    "grossProfit": 2242000000,
    "grossProfitRatio": 0.5757575758,
    "researchAndDevelopmentExpenses": 0,
    "generalAndAdministrativeExpenses": 0,
    "sellingAndMarketingExpenses": 0,
    "sellingGeneralAndAdministrativeExpenses": 1573000000,
    "otherExpenses": 119000000,
    "operatingExpenses": 1692000000,
    "costAndExpenses": 3344000000,
    "interestIncome": 14000000,
    "interestExpense": 109000000,
    "depreciationAndAmortization": 149000000,
    "ebitda": 685000000,
    "ebitdaratio": 0.175911659,
    "operatingIncome": 550000000,
    "operatingIncomeRatio": 0.1412429379,
    "totalOtherIncomeExpensesNet": -123000000,
    "incomeBeforeTax": 427000000,
    "incomeBeforeTaxRatio": 0.1096558808,
    "incomeTaxExpense": 131000000,
    "netIncome": 296000000,
    "netIncomeRatio": 0.0760143811,
    "eps": 0.15,
    "epsdiluted": 0.15,
    "weightedAverageShsOut": 1915000000,
    "weightedAverageShsOutDil": 1920000000,
    "link": "https://www.sec.gov/Archives/edgar/data/1944048/000194404824000100/0001944048-24-000100-index.htm",
    "finalLink": "https://www.sec.gov/Archives/edgar/data/1944048/000194404824000100/kvue-20240331.htm"
  },
  {
    "date": "2023-12-31",
    "symbol": "KVUE",
    "reportedCurrency": "USD",
    "cik": "0001944048",
    "fillingDate": "2024-03-01",
    "acceptedDate": "2024-03-01 21:03:19",
    "calendarYear": "2023",
    "period": "Q4",
    "revenue": 3666000000,
    "costOfRevenue": 1623000000,
    "grossProfit": 2043000000,
    "grossProfitRatio": 0.5572831424,
    "researchAndDevelopmentExpenses": 0,
    "generalAndAdministrativeExpenses": 0,
    "sellingAndMarketingExpenses": 0,
    "sellingGeneralAndAdministrativeExpenses": 1586000000,
    "otherExpenses": -3000000,
    "operatingExpenses": 1583000000,
    "costAndExpenses": 3206000000,
    "interestIncome": 0,
    "interestExpense": 204000000,
    "depreciationAndAmortization": 174000000,
    "ebitda": 735000000,
    "ebitdaratio": 0.2004909984,
    "operatingIncome": 460000000,
    "operatingIncomeRatio": 0.1254773595,
    "totalOtherIncomeExpensesNet": -103000000,
    "incomeBeforeTax": 357000000,
    "incomeBeforeTaxRatio": 0.0973813421,
    "incomeTaxExpense": 30000000,
    "netIncome": 327000000,
    "netIncomeRatio": 0.089198036,
    "eps": 0.17,
    "epsdiluted": 0.17,
    "weightedAverageShsOut": 1915057047,
    "weightedAverageShsOutDil": 1915057047,
    "link": "https://www.sec.gov/Archives/edgar/data/1944048/000194404824000057/0001944048-24-000057-index.htm",
    "finalLink": "https://www.sec.gov/Archives/edgar/data/1944048/000194404824000057/kvue-20231231.htm"
  },
  {
    "date": "2023-10-01",
    "symbol": "KVUE",
    "reportedCurrency": "USD",
    "cik": "0001944048",
    "fillingDate": "2023-11-03",
    "acceptedDate": "2023-11-03 20:36:40",
    "calendarYear": "2023",
    "period": "Q3",
    "revenue": 3915000000,
    "costOfRevenue": 1665000000,
    "grossProfit": 2250000000,
    "grossProfitRatio": 0.5747126437,
    "researchAndDevelopmentExpenses": 0,
    "generalAndAdministrativeExpenses": 0,
    "sellingAndMarketingExpenses": 0,
    "sellingGeneralAndAdministrativeExpenses": 1531000000,
    "otherExpenses": 9000000,
    "operatingExpenses": 1540000000,
    "costAndExpenses": 3205000000,
    "interestIncome": 0,
    "interestExpense": 100000000,
    "depreciationAndAmortization": 153000000,
    "ebitda": 838000000,
    "ebitdaratio": 0.2140485313,
    "operatingIncome": 710000000,
    "operatingIncomeRatio": 0.1813537676,
    "totalOtherIncomeExpensesNet": -125000000,
    "incomeBeforeTax": 585000000,
    "incomeBeforeTaxRatio": 0.1494252874,
    "incomeTaxExpense": 147000000,
    "netIncome": 438000000,
    "netIncomeRatio": 0.1118773946,
    "eps": 0.23,
    "epsdiluted": 0.23,
    "weightedAverageShsOut": 1914909765,
    "weightedAverageShsOutDil": 1914909765,
    "link": "https://www.sec.gov/Archives/edgar/data/1944048/000194404823000102/0001944048-23-000102-index.htm",
    "finalLink": "https://www.sec.gov/Archives/edgar/data/1944048/000194404823000102/kvue-20231001.htm"
  },
  {
    "date": "2023-06-30",
    "symbol": "KVUE",
    "reportedCurrency": "USD",
    "cik": "0001944048",
    "fillingDate": "2023-06-30",
    "acceptedDate": "2023-06-30 00:00:00",
    "calendarYear": "2023",
    "period": "Q2",
    "revenue": 4011000000,
    "costOfRevenue": 1786000000,
    "grossProfit": 2225000000,
    "grossProfitRatio": 0.5547245076,
    "researchAndDevelopmentExpenses": 0,
    "generalAndAdministrativeExpenses": 0,
    "sellingAndMarketingExpenses": 0,
    "sellingGeneralAndAdministrativeExpenses": 1522000000,
    "otherExpenses": 1000000,
    "operatingExpenses": 1523000000,
    "costAndExpenses": 3309000000,
    "interestIncome": 0,
    "interestExpense": 53000000,
    "depreciationAndAmortization": 148000000,
    "ebitda": 840000000,
    "ebitdaratio": 0.2094240838,
    "operatingIncome": 702000000,
    "operatingIncomeRatio": 0.1750186986,
    "totalOtherIncomeExpensesNet": -63000000,
    "incomeBeforeTax": 639000000,
    "incomeBeforeTaxRatio": 0.1593118923,
    "incomeTaxExpense": 209000000,
    "netIncome": 430000000,
    "netIncomeRatio": 0.1072051857,
    "eps": 0.22,
    "epsdiluted": 0.22,
    "weightedAverageShsOut": 1914894444,
    "weightedAverageShsOutDil": 1914894444,
    "link": "https://www.sec.gov/Archives/edgar/data/1944048/000194404823000020/0001944048-23-000020-index.html",
    "finalLink": null
  },
  {
    "date": "2023-04-02",
    "symbol": "KVUE",
    "reportedCurrency": "USD",
    "cik": "0001944048",
    "fillingDate": "2023-04-02",
    "acceptedDate": "2023-04-02 00:00:00",
    "calendarYear": "2023",
    "period": "Q1",
    "revenue": 3852000000,
    "costOfRevenue": 1727000000,
    "grossProfit": 2125000000,
    "grossProfitRatio": 0.5516614746,
    "researchAndDevelopmentExpenses": 0,
    "generalAndAdministrativeExpenses": 0,
    "sellingAndMarketingExpenses": 0,
    "sellingGeneralAndAdministrativeExpenses": 1502000000,
    "otherExpenses": -17000000,
    "operatingExpenses": 1485000000,
    "costAndExpenses": 3212000000,
    "interestIncome": 0,
    "interestExpense": 1000000,
    "depreciationAndAmortization": 152000000,
    "ebitda": 762000000,
    "ebitdaratio": 0.1978193146,
    "operatingIncome": 640000000,
    "operatingIncomeRatio": 0.1661474559,
    "totalOtherIncomeExpensesNet": -31000000,
    "incomeBeforeTax": 609000000,
    "incomeBeforeTaxRatio": 0.1580996885,
    "incomeTaxExpense": 140000000,
    "netIncome": 469000000,
    "netIncomeRatio": 0.1217549325,
    "eps": 0.27,
    "epsdiluted": 0.27,
    "weightedAverageShsOut": 1716000000,
    "weightedAverageShsOutDil": 1716000000,
    "link": "https://www.sec.gov/Archives/edgar/data/1944048/000194404823000013/0001944048-23-000013-index.html",
    "finalLink": null
  },
  {
    "date": "2023-01-01",
    "symbol": "KVUE",
    "reportedCurrency": "USD",
    "cik": "0001944048",
    "fillingDate": "2023-01-01",
    "acceptedDate": "2023-01-01 00:00:00",
    "calendarYear": "2022",
    "period": "Q4",
    "revenue": 3764000000,
    "costOfRevenue": 1704995000,
    "grossProfit": 2059005000,
    "grossProfitRatio": 0.5470257705,
    "researchAndDevelopmentExpenses": 103000000,
    "generalAndAdministrativeExpenses": 0,
    "sellingAndMarketingExpenses": 0,
    "sellingGeneralAndAdministrativeExpenses": 1322000000,
    "otherExpenses": 0,
    "operatingExpenses": 1425000000,
    "costAndExpenses": 3129995000,
    "interestIncome": 0,
    "interestExpense": 0,
    "depreciationAndAmortization": 166000000,
    "ebitda": 678000000,
    "ebitdaratio": 0.1801275239,
    "operatingIncome": 634005000,
    "operatingIncomeRatio": 0.1684391605,
    "totalOtherIncomeExpensesNet": -122005000,
    "incomeBeforeTax": 512000000,
    "incomeBeforeTaxRatio": 0.1360255048,
    "incomeTaxExpense": 151000000,
    "netIncome": 361000000,
    "netIncomeRatio": 0.0959086079,
    "eps": 0,
    "epsdiluted": 0,
    "weightedAverageShsOut": 1716640000,
    "weightedAverageShsOutDil": 1716640000,
    "link": null,
    "finalLink": null
  },
  {
    "date": "2022-10-02",
    "symbol": "KVUE",
    "reportedCurrency": "USD",
    "cik": "0001944048",
    "fillingDate": "2022-10-02",
    "acceptedDate": "2022-10-01 20:00:00",
    "calendarYear": "2022",
    "period": "Q3",
    "revenue": 3782000000,
    "costOfRevenue": 1664000000,
    "grossProfit": 2125000000,
    "grossProfitRatio": 0.5618720254,
    "researchAndDevelopmentExpenses": 90000000,
    "generalAndAdministrativeExpenses": 0,
    "sellingAndMarketingExpenses": 0,
    "sellingGeneralAndAdministrativeExpenses": 1205000000,
    "otherExpenses": 0,
    "operatingExpenses": 1295000000,
    "costAndExpenses": 2959002000,
    "interestIncome": 0,
    "interestExpense": 0,
    "depreciationAndAmortization": 152000000,
    "ebitda": 890000000,
    "ebitdaratio": 0.2353252247,
    "operatingIncome": 822998000,
    "operatingIncomeRatio": 0.2176092015,
    "totalOtherIncomeExpensesNet": -84998000,
    "incomeBeforeTax": 738000000,
    "incomeBeforeTaxRatio": 0.1951348493,
    "incomeTaxExpense": 152000000,
    "netIncome": 586000000,
    "netIncomeRatio": 0.1549444738,
    "eps": 0.34,
    "epsdiluted": 0.34,
    "weightedAverageShsOut": 1716000000,
    "weightedAverageShsOutDil": 1716000000,
    "link": null,
    "finalLink": null
  },
  {
    "date": "2022-06-30",
    "symbol": "KVUE",
    "reportedCurrency": "USD",
    "cik": "0001944048",
    "fillingDate": "2022-07-03",
    "acceptedDate": "2022-07-02 20:00:00",
    "calendarYear": "2022",
    "period": "Q2",
    "revenue": 3796000000,
    "costOfRevenue": 1649000000,
    "grossProfit": 2147000000,
    "grossProfitRatio": 0.5655953635,
    "researchAndDevelopmentExpenses": 94000000,
    "generalAndAdministrativeExpenses": 0,
    "sellingAndMarketingExpenses": 0,
    "sellingGeneralAndAdministrativeExpenses": 1208000000,
    "otherExpenses": 0,
    "operatingExpenses": 1302000000,
    "costAndExpenses": 2951000000,
    "interestIncome": 0,
    "interestExpense": 0,
    "depreciationAndAmortization": 161000000,
    "ebitda": 936000000,
    "ebitdaratio": 0.2465753425,
    "operatingIncome": 845000000,
    "operatingIncomeRatio": 0.2226027397,
    "totalOtherIncomeExpensesNet": -70000000,
    "incomeBeforeTax": 775000000,
    "incomeBeforeTaxRatio": 0.2041622761,
    "incomeTaxExpense": 171000000,
    "netIncome": 604000000,
    "netIncomeRatio": 0.1591148577,
    "eps": 0.32,
    "epsdiluted": 0.32,
    "weightedAverageShsOut": 1914894444,
    "weightedAverageShsOutDil": 1914894444,
    "link": null,
    "finalLink": null
  },
  {
    "date": "2022-03-31",
    "symbol": "KVUE",
    "reportedCurrency": "USD",
    "cik": "0001944048",
    "fillingDate": "2022-04-03",
    "acceptedDate": "2022-04-02 20:00:00",
    "calendarYear": "2022",
    "period": "Q1",
    "revenue": 3590000000,
    "costOfRevenue": 1634000000,
    "grossProfit": 1956000000,
    "grossProfitRatio": 0.5448467967,
    "researchAndDevelopmentExpenses": 0,
    "generalAndAdministrativeExpenses": 0,
    "sellingAndMarketingExpenses": 0,
    "sellingGeneralAndAdministrativeExpenses": 1350000000,
    "otherExpenses": -5000000,
    "operatingExpenses": 1345000000,
    "costAndExpenses": 2979000000,
    "interestIncome": 0,
    "interestExpense": 0,
    "depreciationAndAmortization": 165000000,
    "ebitda": 778000000,
    "ebitdaratio": 0.2167130919,
    "operatingIncome": 611000000,
    "operatingIncomeRatio": 0.1701949861,
    "totalOtherIncomeExpensesNet": 1000000,
    "incomeBeforeTax": 612000000,
    "incomeBeforeTaxRatio": 0.1704735376,
    "incomeTaxExpense": 84000000,
    "netIncome": 528000000,
    "netIncomeRatio": 0.1470752089,
    "eps": 0.28,
    "epsdiluted": 0.28,
    "weightedAverageShsOut": 1888972560,
    "weightedAverageShsOutDil": 1888972560,
    "link": null,
    "finalLink": null
  },
  {
    "date": "2021-12-31",
    "symbol": "KVUE",
    "reportedCurrency": "USD",
    "cik": "0001944048",
    "fillingDate": "2021-12-31",
    "acceptedDate": "2021-12-31 00:00:00",
    "calendarYear": "2021",
    "period": "Q4",
    "revenue": 3733000000,
    "costOfRevenue": 1750000000,
    "grossProfit": 1983000000,
    "grossProfitRatio": 0.5312081436,
    "researchAndDevelopmentExpenses": 0,
    "generalAndAdministrativeExpenses": 0,
    "sellingAndMarketingExpenses": 0,
    "sellingGeneralAndAdministrativeExpenses": 1488000000,
    "otherExpenses": -11000000,
    "operatingExpenses": 1477000000,
    "costAndExpenses": 3227000000,
    "interestIncome": 0,
    "interestExpense": 0,
    "depreciationAndAmortization": 182000000,
    "ebitda": 693000000,
    "ebitdaratio": 0.1856415751,
    "operatingIncome": 506000000,
    "operatingIncomeRatio": 0.1355478168,
    "totalOtherIncomeExpensesNet": 11000000,
    "incomeBeforeTax": 517000000,
    "incomeBeforeTaxRatio": 0.1384945084,
    "incomeTaxExpense": 106000000,
    "netIncome": 411000000,
    "netIncomeRatio": 0.110099116,
    "eps": 0.22,
    "epsdiluted": 0.22,
    "weightedAverageShsOut": 1888972560,
    "weightedAverageShsOutDil": 1888972560,
    "link": null,
    "finalLink": null
  }
]