[
  {
    "date": "2025-06-30",
    "symbol": "L",
    "reportedCurrency": "USD",
    "cik": "0000060086",
    "fillingDate": "2025-08-04",
    "acceptedDate": "2025-08-04 10:03:50",
    "calendarYear": "2025",
    "period": "Q2",
    "revenue": 4555000000,
    "costOfRevenue": 0,
    "grossProfit": 4555000000,
    "grossProfitRatio": 1,
    "researchAndDevelopmentExpenses": 0,
    "generalAndAdministrativeExpenses": 0,
    "sellingAndMarketingExpenses": 0,
    "sellingGeneralAndAdministrativeExpenses": 0,
    "otherExpenses": 989000000,
    "operatingExpenses": 989000000,
    "costAndExpenses": 3927000000,
    "interestIncome": 0,
    "interestExpense": 107000000,
    "depreciationAndAmortization": 0,
    "ebitda": 628000000,
    "ebitdaratio": 0.137870472,
    "operatingIncome": 628000000,
    "operatingIncomeRatio": 0.137870472,
    "totalOtherIncomeExpensesNet": -89000000,
    "incomeBeforeTax": 539000000,
    "incomeBeforeTaxRatio": 0.1183315038,
    "incomeTaxExpense": 123000000,
    "netIncome": 391000000,
    "netIncomeRatio": 0.0858397366,
    "eps": 1.87,
    "epsdiluted": 1.87,
    "weightedAverageShsOut": 209240000,
    "weightedAverageShsOutDil": 209360000,
    "link": "https://www.sec.gov/Archives/edgar/data/60086/000006008625000166/0000060086-25-000166-index.htm",
    "finalLink": "https://www.sec.gov/Archives/edgar/data/60086/000006008625000166/l-20250630.htm"
  },
  {
    "date": "2025-03-31",
    "symbol": "L",
    "reportedCurrency": "USD",
    "cik": "0000060086",
    "fillingDate": "2025-05-05",
    "acceptedDate": "2025-05-05 09:39:48",
    "calendarYear": "2025",
    "period": "Q1",
    "revenue": 4494000000,
    "costOfRevenue": 0,
    "grossProfit": 4494000000,
    "grossProfitRatio": 1,
    "researchAndDevelopmentExpenses": 0,
    "generalAndAdministrativeExpenses": 0,
    "sellingAndMarketingExpenses": 0,
    "sellingGeneralAndAdministrativeExpenses": 0,
    "otherExpenses": 991000000,
    "operatingExpenses": 991000000,
    "costAndExpenses": 3874000000,
    "interestIncome": 0,
    "interestExpense": 105000000,
    "depreciationAndAmortization": 0,
    "ebitda": 514000000,
    "ebitdaratio": 0.1143747219,
    "operatingIncome": 619000000,
    "operatingIncomeRatio": 0.1377392078,
    "totalOtherIncomeExpensesNet": -105000000,
    "incomeBeforeTax": 514000000,
    "incomeBeforeTaxRatio": 0.1143747219,
    "incomeTaxExpense": 122000000,
    "netIncome": 370000000,
    "netIncomeRatio": 0.0823319982,
    "eps": 1.74,
    "epsdiluted": 1.74,
    "weightedAverageShsOut": 212644000,
    "weightedAverageShsOutDil": 212644000,
    "link": "https://www.sec.gov/Archives/edgar/data/60086/000006008625000091/0000060086-25-000091-index.htm",
    "finalLink": "https://www.sec.gov/Archives/edgar/data/60086/000006008625000091/l-20250331.htm"
  },
  {
    "date": "2024-12-31",
    "symbol": "L",
    "reportedCurrency": "USD",
    "cik": "0000060086",
    "fillingDate": "2025-02-11",
    "acceptedDate": "2025-02-11 12:05:33",
    "calendarYear": "2024",
    "period": "Q4",
    "revenue": 4546000000,
    "costOfRevenue": 0,
    "grossProfit": 4546000000,
    "grossProfitRatio": 1,
    "researchAndDevelopmentExpenses": 0,
    "generalAndAdministrativeExpenses": 0,
    "sellingAndMarketingExpenses": 0,
    "sellingGeneralAndAdministrativeExpenses": 930000000,
    "otherExpenses": 860000000,
    "operatingExpenses": 1790000000,
    "costAndExpenses": 4282000000,
    "interestIncome": 0,
    "interestExpense": 110000000,
    "depreciationAndAmortization": 0,
    "ebitda": 284000000,
    "ebitdaratio": 0.0624725033,
    "operatingIncome": -1973000000,
    "operatingIncomeRatio": -0.434007919,
    "totalOtherIncomeExpensesNet": 0,
    "incomeBeforeTax": 188000000,
    "incomeBeforeTaxRatio": 0.0413550374,
    "incomeTaxExpense": -1000000,
    "netIncome": 187000000,
    "netIncomeRatio": 0.0411350638,
    "eps": 0.86,
    "epsdiluted": 0.86,
    "weightedAverageShsOut": 217830000,
    "weightedAverageShsOutDil": 217830000,
    "link": "https://www.sec.gov/Archives/edgar/data/60086/000006008625000036/0000060086-25-000036-index.htm",
    "finalLink": "https://www.sec.gov/Archives/edgar/data/60086/000006008625000036/l-20241231.htm"
  },
  {
    "date": "2024-09-30",
    "symbol": "L",
    "reportedCurrency": "USD",
    "cik": "0000060086",
    "fillingDate": "2024-11-04",
    "acceptedDate": "2024-11-04 09:56:40",
    "calendarYear": "2024",
    "period": "Q3",
    "revenue": 4399000000,
    "costOfRevenue": 2476000000,
    "grossProfit": 1923000000,
    "grossProfitRatio": 0.4371448056,
    "researchAndDevelopmentExpenses": 0,
    "generalAndAdministrativeExpenses": 0,
    "sellingAndMarketingExpenses": 0,
    "sellingGeneralAndAdministrativeExpenses": 0,
    "otherExpenses": 1373000000,
    "operatingExpenses": 1373000000,
    "costAndExpenses": 3849000000,
    "interestIncome": 0,
    "interestExpense": 114000000,
    "depreciationAndAmortization": 0,
    "ebitda": 550000000,
    "ebitdaratio": 0.1250284155,
    "operatingIncome": 550000000,
    "operatingIncomeRatio": 0.1250284155,
    "totalOtherIncomeExpensesNet": 0,
    "incomeBeforeTax": 550000000,
    "incomeBeforeTaxRatio": 0.1250284155,
    "incomeTaxExpense": 125000000,
    "netIncome": 401000000,
    "netIncomeRatio": 0.0911570812,
    "eps": 1.83,
    "epsdiluted": 1.82,
    "weightedAverageShsOut": 219670000,
    "weightedAverageShsOutDil": 219940000,
    "link": "https://www.sec.gov/Archives/edgar/data/60086/000006008624000196/0000060086-24-000196-index.htm",
    "finalLink": "https://www.sec.gov/Archives/edgar/data/60086/000006008624000196/l-20240930.htm"
  },
  {
    "date": "2024-06-30",
    "symbol": "L",
    "reportedCurrency": "USD",
    "cik": "0000060086",
    "fillingDate": "2024-07-29",
    "acceptedDate": "2024-07-29 07:49:55",
    "calendarYear": "2024",
    "period": "Q2",
    "revenue": 4193000000,
    "costOfRevenue": 2317000000,
    "grossProfit": 1876000000,
    "grossProfitRatio": 0.4474123539,
    "researchAndDevelopmentExpenses": 0,
    "generalAndAdministrativeExpenses": 0,
    "sellingAndMarketingExpenses": 0,
    "sellingGeneralAndAdministrativeExpenses": 0,
    "otherExpenses": 1369000000,
    "operatingExpenses": 1369000000,
    "costAndExpenses": 3686000000,
    "interestIncome": 0,
    "interestExpense": 114000000,
    "depreciationAndAmortization": 0,
    "ebitda": 507000000,
    "ebitdaratio": 0.1209158121,
    "operatingIncome": 621000000,
    "operatingIncomeRatio": 0.1481039828,
    "totalOtherIncomeExpensesNet": -114000000,
    "incomeBeforeTax": 507000000,
    "incomeBeforeTaxRatio": 0.1209158121,
    "incomeTaxExpense": 112000000,
    "netIncome": 369000000,
    "netIncomeRatio": 0.0880038159,
    "eps": 1.67,
    "epsdiluted": 1.67,
    "weightedAverageShsOut": 221350000,
    "weightedAverageShsOutDil": 221600000,
    "link": "https://www.sec.gov/Archives/edgar/data/60086/000006008624000148/0000060086-24-000148-index.htm",
    "finalLink": "https://www.sec.gov/Archives/edgar/data/60086/000006008624000148/l-20240630.htm"
  },
  {
    "date": "2024-03-31",
    "symbol": "L",
    "reportedCurrency": "USD",
    "cik": "0000060086",
    "fillingDate": "2024-05-06",
    "acceptedDate": "2024-05-06 10:38:32",
    "calendarYear": "2024",
    "period": "Q1",
    "revenue": 4177000000,
    "costOfRevenue": 2251000000,
    "grossProfit": 1926000000,
    "grossProfitRatio": 0.4610964807,
    "researchAndDevelopmentExpenses": 0,
    "generalAndAdministrativeExpenses": 0,
    "sellingAndMarketingExpenses": 0,
    "sellingGeneralAndAdministrativeExpenses": 0,
    "otherExpenses": -732000000,
    "operatingExpenses": 880000000,
    "costAndExpenses": 3548000000,
    "interestIncome": 0,
    "interestExpense": 103000000,
    "depreciationAndAmortization": 0,
    "ebitda": 629000000,
    "ebitdaratio": 0.1505865454,
    "operatingIncome": 732000000,
    "operatingIncomeRatio": 0.1752453914,
    "totalOtherIncomeExpensesNet": -103000000,
    "incomeBeforeTax": 629000000,
    "incomeBeforeTaxRatio": 0.1505865454,
    "incomeTaxExpense": 144000000,
    "netIncome": 457000000,
    "netIncomeRatio": 0.1094086665,
    "eps": 2.05,
    "epsdiluted": 0.15,
    "weightedAverageShsOut": 222927000,
    "weightedAverageShsOutDil": 222927000,
    "link": "https://www.sec.gov/Archives/edgar/data/60086/000006008624000086/0000060086-24-000086-index.htm",
    "finalLink": "https://www.sec.gov/Archives/edgar/data/60086/000006008624000086/l-20240331.htm"
  },
  {
    "date": "2023-12-31",
    "symbol": "L",
    "reportedCurrency": "USD",
    "cik": "0000060086",
    "fillingDate": "2024-02-06",
    "acceptedDate": "2024-02-06 08:44:34",
    "calendarYear": "2023",
    "period": "Q4",
    "revenue": 4192000000,
    "costOfRevenue": 0,
    "grossProfit": 4192000000,
    "grossProfitRatio": 1,
    "researchAndDevelopmentExpenses": 0,
    "generalAndAdministrativeExpenses": 0,
    "sellingAndMarketingExpenses": 0,
    "sellingGeneralAndAdministrativeExpenses": 0,
    "otherExpenses": 3579000000,
    "operatingExpenses": 3579000000,
    "costAndExpenses": 3579000000,
    "interestIncome": 0,
    "interestExpense": 96000000,
    "depreciationAndAmortization": 0,
    "ebitda": 678000000,
    "ebitdaratio": 0.1617366412,
    "operatingIncome": 613000000,
    "operatingIncomeRatio": 0.146230916,
    "totalOtherIncomeExpensesNet": 0,
    "incomeBeforeTax": 613000000,
    "incomeBeforeTaxRatio": 0.146230916,
    "incomeTaxExpense": 136000000,
    "netIncome": 446000000,
    "netIncomeRatio": 0.1063931298,
    "eps": 1.99,
    "epsdiluted": 1.98,
    "weightedAverageShsOut": 224139000,
    "weightedAverageShsOutDil": 224875000,
    "link": "https://www.sec.gov/Archives/edgar/data/60086/000006008624000029/0000060086-24-000029-index.htm",
    "finalLink": "https://www.sec.gov/Archives/edgar/data/60086/000006008624000029/l-20231231.htm"
  },
  {
    "date": "2023-09-30",
    "symbol": "L",
    "reportedCurrency": "USD",
    "cik": "0000060086",
    "fillingDate": "2023-10-30",
    "acceptedDate": "2023-10-30 11:55:58",
    "calendarYear": "2023",
    "period": "Q3",
    "revenue": 3897000000,
    "costOfRevenue": 0,
    "grossProfit": 3897000000,
    "grossProfitRatio": 1,
    "researchAndDevelopmentExpenses": 0,
    "generalAndAdministrativeExpenses": 0,
    "sellingAndMarketingExpenses": 0,
    "sellingGeneralAndAdministrativeExpenses": 0,
    "otherExpenses": 3897000000,
    "operatingExpenses": 3541000000,
    "costAndExpenses": 3541000000,
    "interestIncome": 0,
    "interestExpense": 94000000,
    "depreciationAndAmortization": 0,
    "ebitda": 0,
    "ebitdaratio": 0,
    "operatingIncome": 173000000,
    "operatingIncomeRatio": 0.0443931229,
    "totalOtherIncomeExpensesNet": 183000000,
    "incomeBeforeTax": 356000000,
    "incomeBeforeTaxRatio": 0.0913523223,
    "incomeTaxExpense": 80000000,
    "netIncome": 253000000,
    "netIncomeRatio": 0.0649217347,
    "eps": 1.12,
    "epsdiluted": 1.12,
    "weightedAverageShsOut": 225640000,
    "weightedAverageShsOutDil": 225990000,
    "link": "https://www.sec.gov/Archives/edgar/data/60086/000006008623000177/0000060086-23-000177-index.htm",
    "finalLink": "https://www.sec.gov/Archives/edgar/data/60086/000006008623000177/l-20230930.htm"
  },
  {
    "date": "2023-06-30",
    "symbol": "L",
    "reportedCurrency": "USD",
    "cik": "0000060086",
    "fillingDate": "2023-07-31",
    "acceptedDate": "2023-07-31 10:42:50",
    "calendarYear": "2023",
    "period": "Q2",
    "revenue": 3833000000,
    "costOfRevenue": 0,
    "grossProfit": 3833000000,
    "grossProfitRatio": 1,
    "researchAndDevelopmentExpenses": 0,
    "generalAndAdministrativeExpenses": 0,
    "sellingAndMarketingExpenses": 0,
    "sellingGeneralAndAdministrativeExpenses": 0,
    "otherExpenses": 3833000000,
    "operatingExpenses": 3325000000,
    "costAndExpenses": 3325000000,
    "interestIncome": 0,
    "interestExpense": 91000000,
    "depreciationAndAmortization": 0,
    "ebitda": 0,
    "ebitdaratio": 0,
    "operatingIncome": 514000000,
    "operatingIncomeRatio": 0.1340986173,
    "totalOtherIncomeExpensesNet": -6000000,
    "incomeBeforeTax": 508000000,
    "incomeBeforeTaxRatio": 0.1325332638,
    "incomeTaxExpense": 120000000,
    "netIncome": 360000000,
    "netIncomeRatio": 0.0939212105,
    "eps": 1.58,
    "epsdiluted": 1.58,
    "weightedAverageShsOut": 227690000,
    "weightedAverageShsOutDil": 227970000,
    "link": "https://www.sec.gov/Archives/edgar/data/60086/000006008623000134/0000060086-23-000134-index.htm",
    "finalLink": "https://www.sec.gov/Archives/edgar/data/60086/000006008623000134/l-20230630.htm"
  },
  {
    "date": "2023-03-31",
    "symbol": "L",
    "reportedCurrency": "USD",
    "cik": "0000060086",
    "fillingDate": "2023-05-01",
    "acceptedDate": "2023-05-01 10:14:51",
    "calendarYear": "2023",
    "period": "Q1",
    "revenue": 3756000000,
    "costOfRevenue": 0,
    "grossProfit": 3756000000,
    "grossProfitRatio": 1,
    "researchAndDevelopmentExpenses": 0,
    "generalAndAdministrativeExpenses": 0,
    "sellingAndMarketingExpenses": 0,
    "sellingGeneralAndAdministrativeExpenses": 0,
    "otherExpenses": 3756000000,
    "operatingExpenses": 3756000000,
    "costAndExpenses": 3756000000,
    "interestIncome": 0,
    "interestExpense": 95000000,
    "depreciationAndAmortization": 0,
    "ebitda": 0,
    "ebitdaratio": 0,
    "operatingIncome": 0,
    "operatingIncomeRatio": 0,
    "totalOtherIncomeExpensesNet": 519000000,
    "incomeBeforeTax": 519000000,
    "incomeBeforeTaxRatio": 0.1381789137,
    "incomeTaxExpense": 115000000,
    "netIncome": 375000000,
    "netIncomeRatio": 0.0998402556,
    "eps": 1.61,
    "epsdiluted": 1.61,
    "weightedAverageShsOut": 233300000,
    "weightedAverageShsOutDil": 233620000,
    "link": "https://www.sec.gov/Archives/edgar/data/60086/000006008623000087/0000060086-23-000087-index.htm",
    "finalLink": "https://www.sec.gov/Archives/edgar/data/60086/000006008623000087/l-20230331.htm"
  },
  {
    "date": "2022-12-31",
    "symbol": "L",
    "reportedCurrency": "USD",
    "cik": "0000060086",
    "fillingDate": "2023-02-07",
    "acceptedDate": "2023-02-07 16:51:34",
    "calendarYear": "2022",
    "period": "Q4",
    "revenue": 3793000000,
    "costOfRevenue": 0,
    "grossProfit": 3793000000,
    "grossProfitRatio": 1,
    "researchAndDevelopmentExpenses": 0,
    "generalAndAdministrativeExpenses": 0,
    "sellingAndMarketingExpenses": 0,
    "sellingGeneralAndAdministrativeExpenses": 886000000,
    "otherExpenses": 0,
    "operatingExpenses": 3318000000,
    "costAndExpenses": 3318000000,
    "interestIncome": 0,
    "interestExpense": 94000000,
    "depreciationAndAmortization": -556000000,
    "ebitda": 323000000,
    "ebitdaratio": 0.0851568679,
    "operatingIncome": 452000000,
    "operatingIncomeRatio": 0.1191668864,
    "totalOtherIncomeExpensesNet": 24000000,
    "incomeBeforeTax": 476000000,
    "incomeBeforeTaxRatio": 0.1254943317,
    "incomeTaxExpense": 88000000,
    "netIncome": 364000000,
    "netIncomeRatio": 0.0959662536,
    "eps": 1.53,
    "epsdiluted": 1.52,
    "weightedAverageShsOut": 238080000,
    "weightedAverageShsOutDil": 238080000,
    "link": "https://www.sec.gov/Archives/edgar/data/60086/000006008623000025/0000060086-23-000025-index.htm",
    "finalLink": "https://www.sec.gov/Archives/edgar/data/60086/000006008623000025/l-20221231.htm"
  },
  {
    "date": "2022-09-30",
    "symbol": "L",
    "reportedCurrency": "USD",
    "cik": "0000060086",
    "fillingDate": "2022-10-31",
    "acceptedDate": "2022-10-31 11:06:32",
    "calendarYear": "2022",
    "period": "Q3",
    "revenue": 3461000000,
    "costOfRevenue": 0,
    "grossProfit": 3493000000,
    "grossProfitRatio": 1.0092458827,
    "researchAndDevelopmentExpenses": 0,
    "generalAndAdministrativeExpenses": 0,
    "sellingAndMarketingExpenses": 0,
    "sellingGeneralAndAdministrativeExpenses": 0,
    "otherExpenses": 3493000000,
    "operatingExpenses": 3493000000,
    "costAndExpenses": 3493000000,
    "interestIncome": 0,
    "interestExpense": 92000000,
    "depreciationAndAmortization": 0,
    "ebitda": 0,
    "ebitdaratio": 0,
    "operatingIncome": 282000000,
    "operatingIncomeRatio": 0.0814793412,
    "totalOtherIncomeExpensesNet": -92000000,
    "incomeBeforeTax": 190000000,
    "incomeBeforeTaxRatio": 0.0548974285,
    "incomeTaxExpense": 2000000,
    "netIncome": -22000000,
    "netIncomeRatio": -0.0063565444,
    "eps": 0.54,
    "epsdiluted": 0.54,
    "weightedAverageShsOut": 240370000,
    "weightedAverageShsOutDil": 240760000,
    "link": "https://www.sec.gov/Archives/edgar/data/60086/000006008622000109/0000060086-22-000109-index.htm",
    "finalLink": "https://www.sec.gov/Archives/edgar/data/60086/000006008622000109/l-20220930.htm"
  },
  {
    "date": "2022-06-30",
    "symbol": "L",
    "reportedCurrency": "USD",
    "cik": "0000060086",
    "fillingDate": "2022-08-01",
    "acceptedDate": "2022-08-01 10:47:53",
    "calendarYear": "2022",
    "period": "Q2",
    "revenue": 3388000000,
    "costOfRevenue": 0,
    "grossProfit": 3381000000,
    "grossProfitRatio": 0.9979338843,
    "researchAndDevelopmentExpenses": 0,
    "generalAndAdministrativeExpenses": 0,
    "sellingAndMarketingExpenses": 0,
    "sellingGeneralAndAdministrativeExpenses": 0,
    "otherExpenses": 3381000000,
    "operatingExpenses": 3146000000,
    "costAndExpenses": 3146000000,
    "interestIncome": 0,
    "interestExpense": 96000000,
    "depreciationAndAmortization": 0,
    "ebitda": 0,
    "ebitdaratio": 0,
    "operatingIncome": 235000000,
    "operatingIncomeRatio": 0.0693624557,
    "totalOtherIncomeExpensesNet": 0,
    "incomeBeforeTax": 235000000,
    "incomeBeforeTaxRatio": 0.0693624557,
    "incomeTaxExpense": 48000000,
    "netIncome": 180000000,
    "netIncomeRatio": 0.0531286895,
    "eps": 0.68,
    "epsdiluted": 0.68,
    "weightedAverageShsOut": 245450000,
    "weightedAverageShsOutDil": 245940000,
    "link": "https://www.sec.gov/Archives/edgar/data/60086/000006008622000075/0000060086-22-000075-index.htm",
    "finalLink": "https://www.sec.gov/Archives/edgar/data/60086/000006008622000075/l-20220630.htm"
  },
  {
    "date": "2022-03-31",
    "symbol": "L",
    "reportedCurrency": "USD",
    "cik": "0000060086",
    "fillingDate": "2022-05-02",
    "acceptedDate": "2022-05-02 10:48:37",
    "calendarYear": "2022",
    "period": "Q1",
    "revenue": 3402000000,
    "costOfRevenue": 0,
    "grossProfit": 3402000000,
    "grossProfitRatio": 1,
    "researchAndDevelopmentExpenses": 0,
    "generalAndAdministrativeExpenses": 0,
    "sellingAndMarketingExpenses": 0,
    "sellingGeneralAndAdministrativeExpenses": 0,
    "otherExpenses": 3382000000,
    "operatingExpenses": 3382000000,
    "costAndExpenses": 3382000000,
    "interestIncome": 0,
    "interestExpense": 96000000,
    "depreciationAndAmortization": -510000000,
    "ebitda": 25000000,
    "ebitdaratio": 0.0073486185,
    "operatingIncome": 558000000,
    "operatingIncomeRatio": 0.164021164,
    "totalOtherIncomeExpensesNet": -119000000,
    "incomeBeforeTax": 439000000,
    "incomeBeforeTaxRatio": 0.1290417402,
    "incomeTaxExpense": 87000000,
    "netIncome": 322000000,
    "netIncomeRatio": 0.0946502058,
    "eps": 1.3,
    "epsdiluted": 1.29,
    "weightedAverageShsOut": 247970000,
    "weightedAverageShsOutDil": 248480000,
    "link": "https://www.sec.gov/Archives/edgar/data/60086/000006008622000022/0000060086-22-000022-index.htm",
    "finalLink": "https://www.sec.gov/Archives/edgar/data/60086/000006008622000022/l-20220331.htm"
  },
  {
    "date": "2021-12-31",
    "symbol": "L",
    "reportedCurrency": "USD",
    "cik": "0000060086",
    "fillingDate": "2022-02-08",
    "acceptedDate": "2022-02-08 15:23:37",
    "calendarYear": "2021",
    "period": "Q4",
    "revenue": 3571000000,
    "costOfRevenue": 0,
    "grossProfit": 3571000000,
    "grossProfitRatio": 1,
    "researchAndDevelopmentExpenses": 0,
    "generalAndAdministrativeExpenses": 0,
    "sellingAndMarketingExpenses": 0,
    "sellingGeneralAndAdministrativeExpenses": 3571000000,
    "otherExpenses": 0,
    "operatingExpenses": 3112000000,
    "costAndExpenses": 3112000000,
    "interestIncome": 0,
    "interestExpense": 100000000,
    "depreciationAndAmortization": -533000000,
    "ebitda": 26000000,
    "ebitdaratio": 0.0072808737,
    "operatingIncome": 2912000000,
    "operatingIncomeRatio": 0.8154578549,
    "totalOtherIncomeExpensesNet": -2453000000,
    "incomeBeforeTax": 459000000,
    "incomeBeforeTaxRatio": 0.1285354243,
    "incomeTaxExpense": 88000000,
    "netIncome": 343000000,
    "netIncomeRatio": 0.0960515262,
    "eps": 1.37,
    "epsdiluted": 1.37,
    "weightedAverageShsOut": 252520000,
    "weightedAverageShsOutDil": 252520000,
    "link": "https://www.sec.gov/Archives/edgar/data/60086/000006008622000007/0000060086-22-000007-index.htm",
    "finalLink": "https://www.sec.gov/Archives/edgar/data/60086/000006008622000007/l-20211231.htm"
  },
  {
    "date": "2021-09-30",
    "symbol": "L",
    "reportedCurrency": "USD",
    "cik": "0000060086",
    "fillingDate": "2021-11-01",
    "acceptedDate": "2021-11-01 07:00:50",
    "calendarYear": "2021",
    "period": "Q3",
    "revenue": 3282000000,
    "costOfRevenue": 0,
    "grossProfit": 3282000000,
    "grossProfitRatio": 1,
    "researchAndDevelopmentExpenses": 0,
    "generalAndAdministrativeExpenses": 0,
    "sellingAndMarketingExpenses": 0,
    "sellingGeneralAndAdministrativeExpenses": 0,
    "otherExpenses": 3282000000,
    "operatingExpenses": 3282000000,
    "costAndExpenses": 2978000000,
    "interestIncome": 0,
    "interestExpense": 99000000,
    "depreciationAndAmortization": 0,
    "ebitda": 0,
    "ebitdaratio": 0,
    "operatingIncome": 403000000,
    "operatingIncomeRatio": 0.1227909811,
    "totalOtherIncomeExpensesNet": -99000000,
    "incomeBeforeTax": 304000000,
    "incomeBeforeTaxRatio": 0.0926264473,
    "incomeTaxExpense": 58000000,
    "netIncome": 220000000,
    "netIncomeRatio": 0.0670322974,
    "eps": 0.86,
    "epsdiluted": 0.85,
    "weightedAverageShsOut": 256760000,
    "weightedAverageShsOutDil": 257300000,
    "link": "https://www.sec.gov/Archives/edgar/data/60086/000114036121036074/0001140361-21-036074-index.htm",
    "finalLink": "https://www.sec.gov/Archives/edgar/data/60086/000114036121036074/brhc10030262_10q.htm"
  },
  {
    "date": "2021-06-30",
    "symbol": "L",
    "reportedCurrency": "USD",
    "cik": "0000060086",
    "fillingDate": "2021-08-02",
    "acceptedDate": "2021-08-02 11:54:35",
    "calendarYear": "2021",
    "period": "Q2",
    "revenue": 3299000000,
    "costOfRevenue": 0,
    "grossProfit": 3299000000,
    "grossProfitRatio": 1,
    "researchAndDevelopmentExpenses": 0,
    "generalAndAdministrativeExpenses": 0,
    "sellingAndMarketingExpenses": 0,
    "sellingGeneralAndAdministrativeExpenses": 0,
    "otherExpenses": 3299000000,
    "operatingExpenses": 3299000000,
    "costAndExpenses": 3299000000,
    "interestIncome": 0,
    "interestExpense": 100000000,
    "depreciationAndAmortization": 0,
    "ebitda": 0,
    "ebitdaratio": 0,
    "operatingIncome": 1127000000,
    "operatingIncomeRatio": 0.3416186723,
    "totalOtherIncomeExpensesNet": -115000000,
    "incomeBeforeTax": 1012000000,
    "incomeBeforeTaxRatio": 0.3067596241,
    "incomeTaxExpense": 219000000,
    "netIncome": 754000000,
    "netIncomeRatio": 0.2285541073,
    "eps": 2.87,
    "epsdiluted": 2.86,
    "weightedAverageShsOut": 262760000,
    "weightedAverageShsOutDil": 263340000,
    "link": "https://www.sec.gov/Archives/edgar/data/60086/000114036121026371/0001140361-21-026371-index.htm",
    "finalLink": "https://www.sec.gov/Archives/edgar/data/60086/000114036121026371/brhc10027453_10q.htm"
  },
  {
    "date": "2021-03-31",
    "symbol": "L",
    "reportedCurrency": "USD",
    "cik": "0000060086",
    "fillingDate": "2021-05-07",
    "acceptedDate": "2021-05-07 11:30:13",
    "calendarYear": "2021",
    "period": "Q1",
    "revenue": 3575000000,
    "costOfRevenue": 0,
    "grossProfit": 3575000000,
    "grossProfitRatio": 1,
    "researchAndDevelopmentExpenses": 0,
    "generalAndAdministrativeExpenses": 0,
    "sellingAndMarketingExpenses": 0,
    "sellingGeneralAndAdministrativeExpenses": 3575000000,
    "otherExpenses": 0,
    "operatingExpenses": 3168000000,
    "costAndExpenses": 3168000000,
    "interestIncome": 0,
    "interestExpense": 125000000,
    "depreciationAndAmortization": -532000000,
    "ebitda": 0,
    "ebitdaratio": 0,
    "operatingIncome": 2708000000,
    "operatingIncomeRatio": 0.7574825175,
    "totalOtherIncomeExpensesNet": -2301000000,
    "incomeBeforeTax": 407000000,
    "incomeBeforeTaxRatio": 0.1138461538,
    "incomeTaxExpense": 114000000,
    "netIncome": 261000000,
    "netIncomeRatio": 0.073006993,
    "eps": 0.98,
    "epsdiluted": 0.97,
    "weightedAverageShsOut": 267390000,
    "weightedAverageShsOutDil": 267760000,
    "link": "https://www.sec.gov/Archives/edgar/data/60086/000114036121016374/0001140361-21-016374-index.htm",
    "finalLink": "https://www.sec.gov/Archives/edgar/data/60086/000114036121016374/brhc10024208_10q.htm"
  },
  {
    "date": "2020-12-31",
    "symbol": "L",
    "reportedCurrency": "USD",
    "cik": "0000060086",
    "fillingDate": "2021-02-09",
    "acceptedDate": "2021-02-09 15:58:18",
    "calendarYear": "2020",
    "period": "Q4",
    "revenue": 3608000000,
    "costOfRevenue": 0,
    "grossProfit": 3608000000,
    "grossProfitRatio": 1,
    "researchAndDevelopmentExpenses": 0,
    "generalAndAdministrativeExpenses": 0,
    "sellingAndMarketingExpenses": 0,
    "sellingGeneralAndAdministrativeExpenses": 3608000000,
    "otherExpenses": 0,
    "operatingExpenses": 3060000000,
    "costAndExpenses": 3060000000,
    "interestIncome": 0,
    "interestExpense": 111000000,
    "depreciationAndAmortization": -625000000,
    "ebitda": 34000000,
    "ebitdaratio": 0.0094235033,
    "operatingIncome": 2776000000,
    "operatingIncomeRatio": 0.7694013304,
    "totalOtherIncomeExpensesNet": -2228000000,
    "incomeBeforeTax": 548000000,
    "incomeBeforeTaxRatio": 0.1518847007,
    "incomeTaxExpense": 111000000,
    "netIncome": 397000000,
    "netIncomeRatio": 0.1100332594,
    "eps": 1.38,
    "epsdiluted": 1.38,
    "weightedAverageShsOut": 273390000,
    "weightedAverageShsOutDil": 273390000,
    "link": "https://www.sec.gov/Archives/edgar/data/60086/000114036121003906/0001140361-21-003906-index.htm",
    "finalLink": "https://www.sec.gov/Archives/edgar/data/60086/000114036121003906/brhc10019732_10k.htm"
  },
  {
    "date": "2020-09-30",
    "symbol": "L",
    "reportedCurrency": "USD",
    "cik": "0000060086",
    "fillingDate": "2020-11-02",
    "acceptedDate": "2020-11-02 12:10:16",
    "calendarYear": "2020",
    "period": "Q3",
    "revenue": 3394000000,
    "costOfRevenue": 0,
    "grossProfit": 3394000000,
    "grossProfitRatio": 1,
    "researchAndDevelopmentExpenses": 0,
    "generalAndAdministrativeExpenses": 0,
    "sellingAndMarketingExpenses": 0,
    "sellingGeneralAndAdministrativeExpenses": 0,
    "otherExpenses": 3211000000,
    "operatingExpenses": 3211000000,
    "costAndExpenses": 866000000,
    "interestIncome": 0,
    "interestExpense": 137000000,
    "depreciationAndAmortization": 0,
    "ebitda": 0,
    "ebitdaratio": 0,
    "operatingIncome": 320000000,
    "operatingIncomeRatio": 0.0942840306,
    "totalOtherIncomeExpensesNet": -137000000,
    "incomeBeforeTax": 183000000,
    "incomeBeforeTaxRatio": 0.05391868,
    "incomeTaxExpense": 21000000,
    "netIncome": 139000000,
    "netIncomeRatio": 0.0409546258,
    "eps": 0.5,
    "epsdiluted": 0.5,
    "weightedAverageShsOut": 279400000,
    "weightedAverageShsOutDil": 279490000,
    "link": "https://www.sec.gov/Archives/edgar/data/60086/000114036120024292/0001140361-20-024292-index.htm",
    "finalLink": "https://www.sec.gov/Archives/edgar/data/60086/000114036120024292/brhc10014003_10q.htm"
  },
  {
    "date": "2020-06-30",
    "symbol": "L",
    "reportedCurrency": "USD",
    "cik": "0000060086",
    "fillingDate": "2020-08-03",
    "acceptedDate": "2020-08-03 11:15:37",
    "calendarYear": "2020",
    "period": "Q2",
    "revenue": 3464000000,
    "costOfRevenue": 0,
    "grossProfit": 3464000000,
    "grossProfitRatio": 1,
    "researchAndDevelopmentExpenses": 0,
    "generalAndAdministrativeExpenses": 0,
    "sellingAndMarketingExpenses": 0,
    "sellingGeneralAndAdministrativeExpenses": 0,
    "otherExpenses": 4538000000,
    "operatingExpenses": 972000000,
    "costAndExpenses": 972000000,
    "interestIncome": 0,
    "interestExpense": 123000000,
    "depreciationAndAmortization": 0,
    "ebitda": 0,
    "ebitdaratio": 0,
    "operatingIncome": -2289000000,
    "operatingIncomeRatio": -0.6607967667,
    "totalOtherIncomeExpensesNet": 1215000000,
    "incomeBeforeTax": -1074000000,
    "incomeBeforeTaxRatio": -0.3100461894,
    "incomeTaxExpense": -228000000,
    "netIncome": -835000000,
    "netIncomeRatio": -0.2410508083,
    "eps": -2.97,
    "epsdiluted": -2.97,
    "weightedAverageShsOut": 281480000,
    "weightedAverageShsOutDil": 281480000,
    "link": "https://www.sec.gov/Archives/edgar/data/60086/000114036120017258/0001140361-20-017258-index.htm",
    "finalLink": "https://www.sec.gov/Archives/edgar/data/60086/000114036120017258/brhc10014003_10q.htm"
  },
  {
    "date": "2020-03-31",
    "symbol": "L",
    "reportedCurrency": "USD",
    "cik": "0000060086",
    "fillingDate": "2020-05-04",
    "acceptedDate": "2020-05-04 14:44:21",
    "calendarYear": "2020",
    "period": "Q1",
    "revenue": 3201000000,
    "costOfRevenue": 0,
    "grossProfit": 3201000000,
    "grossProfitRatio": 1,
    "researchAndDevelopmentExpenses": 0,
    "generalAndAdministrativeExpenses": 0,
    "sellingAndMarketingExpenses": 0,
    "sellingGeneralAndAdministrativeExpenses": 1252000000,
    "otherExpenses": 1847000000,
    "operatingExpenses": 3099000000,
    "costAndExpenses": 3099000000,
    "interestIncome": 0,
    "interestExpense": 144000000,
    "depreciationAndAmortization": 0,
    "ebitda": -977000000,
    "ebitdaratio": -0.3052171197,
    "operatingIncome": -2824000000,
    "operatingIncomeRatio": -0.8822243049,
    "totalOtherIncomeExpensesNet": 1703000000,
    "incomeBeforeTax": -1121000000,
    "incomeBeforeTaxRatio": -0.3502030615,
    "incomeTaxExpense": -77000000,
    "netIncome": -632000000,
    "netIncomeRatio": -0.1974383005,
    "eps": -2.2,
    "epsdiluted": -2.2,
    "weightedAverageShsOut": 287040000,
    "weightedAverageShsOutDil": 287040000,
    "link": "https://www.sec.gov/Archives/edgar/data/60086/000114036120010602/0001140361-20-010602-index.htm",
    "finalLink": "https://www.sec.gov/Archives/edgar/data/60086/000114036120010602/brhc10011267_10q.htm"
  },
  {
    "date": "2019-12-31",
    "symbol": "L",
    "reportedCurrency": "USD",
    "cik": "0000060086",
    "fillingDate": "2020-02-12",
    "acceptedDate": "2020-02-11 18:44:28",
    "calendarYear": "2019",
    "period": "Q4",
    "revenue": 3876000000,
    "costOfRevenue": 0,
    "grossProfit": 3876000000,
    "grossProfitRatio": 1,
    "researchAndDevelopmentExpenses": 0,
    "generalAndAdministrativeExpenses": 0,
    "sellingAndMarketingExpenses": 0,
    "sellingGeneralAndAdministrativeExpenses": 3876000000,
    "otherExpenses": 0,
    "operatingExpenses": 3600000000,
    "costAndExpenses": 3600000000,
    "interestIncome": 0,
    "interestExpense": 142000000,
    "depreciationAndAmortization": -504000000,
    "ebitda": -86000000,
    "ebitdaratio": -0.0221878225,
    "operatingIncome": 2626000000,
    "operatingIncomeRatio": 0.67750258,
    "totalOtherIncomeExpensesNet": -2350000000,
    "incomeBeforeTax": 276000000,
    "incomeBeforeTaxRatio": 0.0712074303,
    "incomeTaxExpense": 65000000,
    "netIncome": 217000000,
    "netIncomeRatio": 0.0559855521,
    "eps": 0.74,
    "epsdiluted": 0.73,
    "weightedAverageShsOut": 296210000,
    "weightedAverageShsOutDil": 296210000,
    "link": "https://www.sec.gov/Archives/edgar/data/60086/000119312520031657/0001193125-20-031657-index.htm",
    "finalLink": "https://www.sec.gov/Archives/edgar/data/60086/000119312520031657/d816698d10k.htm"
  },
  {
    "date": "2019-09-30",
    "symbol": "L",
    "reportedCurrency": "USD",
    "cik": "0000060086",
    "fillingDate": "2019-10-28",
    "acceptedDate": "2019-10-28 13:34:29",
    "calendarYear": "2019",
    "period": "Q3",
    "revenue": 3675000000,
    "costOfRevenue": 0,
    "grossProfit": 3659000000,
    "grossProfitRatio": 0.9956462585,
    "researchAndDevelopmentExpenses": 0,
    "generalAndAdministrativeExpenses": 0,
    "sellingAndMarketingExpenses": 0,
    "sellingGeneralAndAdministrativeExpenses": 0,
    "otherExpenses": 3599000000,
    "operatingExpenses": 1234000000,
    "costAndExpenses": 1234000000,
    "interestIncome": 0,
    "interestExpense": 144000000,
    "depreciationAndAmortization": 0,
    "ebitda": 0,
    "ebitdaratio": 0,
    "operatingIncome": 0,
    "operatingIncomeRatio": 0,
    "totalOtherIncomeExpensesNet": 60000000,
    "incomeBeforeTax": 60000000,
    "incomeBeforeTaxRatio": 0.0163265306,
    "incomeTaxExpense": 21000000,
    "netIncome": 72000000,
    "netIncomeRatio": 0.0195918367,
    "eps": 0.24,
    "epsdiluted": 0.24,
    "weightedAverageShsOut": 301650000,
    "weightedAverageShsOutDil": 302350000,
    "link": "https://www.sec.gov/Archives/edgar/data/60086/000119312519275925/0001193125-19-275925-index.htm",
    "finalLink": "https://www.sec.gov/Archives/edgar/data/60086/000119312519275925/d810287d10q.htm"
  },
  {
    "date": "2019-06-30",
    "symbol": "L",
    "reportedCurrency": "USD",
    "cik": "0000060086",
    "fillingDate": "2019-08-05",
    "acceptedDate": "2019-08-05 12:46:11",
    "calendarYear": "2019",
    "period": "Q2",
    "revenue": 3623000000,
    "costOfRevenue": 0,
    "grossProfit": 3623000000,
    "grossProfitRatio": 1,
    "researchAndDevelopmentExpenses": 0,
    "generalAndAdministrativeExpenses": 0,
    "sellingAndMarketingExpenses": 0,
    "sellingGeneralAndAdministrativeExpenses": 0,
    "otherExpenses": 3348000000,
    "operatingExpenses": 1223000000,
    "costAndExpenses": 1223000000,
    "interestIncome": 0,
    "interestExpense": 164000000,
    "depreciationAndAmortization": 0,
    "ebitda": 0,
    "ebitdaratio": 0,
    "operatingIncome": 439000000,
    "operatingIncomeRatio": 0.1211703009,
    "totalOtherIncomeExpensesNet": -164000000,
    "incomeBeforeTax": 275000000,
    "incomeBeforeTaxRatio": 0.075903947,
    "incomeTaxExpense": 50000000,
    "netIncome": 249000000,
    "netIncomeRatio": 0.0687275738,
    "eps": 0.82,
    "epsdiluted": 0.82,
    "weightedAverageShsOut": 303840000,
    "weightedAverageShsOutDil": 304540000,
    "link": "https://www.sec.gov/Archives/edgar/data/60086/000119312519212760/0001193125-19-212760-index.htm",
    "finalLink": "https://www.sec.gov/Archives/edgar/data/60086/000119312519212760/d769566d10q.htm"
  },
  {
    "date": "2019-03-31",
    "symbol": "L",
    "reportedCurrency": "USD",
    "cik": "0000060086",
    "fillingDate": "2019-04-29",
    "acceptedDate": "2019-04-29 12:11:20",
    "calendarYear": "2019",
    "period": "Q1",
    "revenue": 3757000000,
    "costOfRevenue": 0,
    "grossProfit": 3757000000,
    "grossProfitRatio": 1,
    "researchAndDevelopmentExpenses": 0,
    "generalAndAdministrativeExpenses": 0,
    "sellingAndMarketingExpenses": 0,
    "sellingGeneralAndAdministrativeExpenses": 0,
    "otherExpenses": 3757000000,
    "operatingExpenses": 3757000000,
    "costAndExpenses": 3249000000,
    "interestIncome": 0,
    "interestExpense": 141000000,
    "depreciationAndAmortization": -652000000,
    "ebitda": -3000000,
    "ebitdaratio": -0.0007985094,
    "operatingIncome": 2611000000,
    "operatingIncomeRatio": 0.6949693905,
    "totalOtherIncomeExpensesNet": -2103000000,
    "incomeBeforeTax": 508000000,
    "incomeBeforeTaxRatio": 0.1352142667,
    "incomeTaxExpense": 112000000,
    "netIncome": 394000000,
    "netIncomeRatio": 0.1048709076,
    "eps": 1.27,
    "epsdiluted": 1.27,
    "weightedAverageShsOut": 309830000,
    "weightedAverageShsOutDil": 310360000,
    "link": "https://www.sec.gov/Archives/edgar/data/60086/000119312519124431/0001193125-19-124431-index.htm",
    "finalLink": "https://www.sec.gov/Archives/edgar/data/60086/000119312519124431/d727136d10q.htm"
  },
  {
    "date": "2018-12-31",
    "symbol": "L",
    "reportedCurrency": "USD",
    "cik": "0000060086",
    "fillingDate": "2019-02-13",
    "acceptedDate": "2019-02-13 15:42:38",
    "calendarYear": "2018",
    "period": "Q4",
    "revenue": 3287000000,
    "costOfRevenue": 0,
    "grossProfit": 3287000000,
    "grossProfitRatio": 1,
    "researchAndDevelopmentExpenses": 0,
    "generalAndAdministrativeExpenses": 0,
    "sellingAndMarketingExpenses": 0,
    "sellingGeneralAndAdministrativeExpenses": 0,
    "otherExpenses": 3287000000,
    "operatingExpenses": 3287000000,
    "costAndExpenses": 3287000000,
    "interestIncome": 0,
    "interestExpense": 144000000,
    "depreciationAndAmortization": 115000000,
    "ebitda": 27000000,
    "ebitdaratio": 0.0082141771,
    "operatingIncome": 0,
    "operatingIncomeRatio": 0,
    "totalOtherIncomeExpensesNet": -232000000,
    "incomeBeforeTax": -232000000,
    "incomeBeforeTaxRatio": -0.070581077,
    "incomeTaxExpense": -21000000,
    "netIncome": -165000000,
    "netIncomeRatio": -0.0501977487,
    "eps": -0.53,
    "epsdiluted": -0.53,
    "weightedAverageShsOut": 313880000,
    "weightedAverageShsOutDil": 313880000,
    "link": "https://www.sec.gov/Archives/edgar/data/60086/000119312519037854/0001193125-19-037854-index.htm",
    "finalLink": "https://www.sec.gov/Archives/edgar/data/60086/000119312519037854/d685868d10k.htm"
  },
  {
    "date": "2018-09-30",
    "symbol": "L",
    "reportedCurrency": "USD",
    "cik": "0000060086",
    "fillingDate": "2018-11-05",
    "acceptedDate": "2018-11-05 12:32:24",
    "calendarYear": "2018",
    "period": "Q3",
    "revenue": 3608000000,
    "costOfRevenue": 1459000000,
    "grossProfit": 2149000000,
    "grossProfitRatio": 0.5956208426,
    "researchAndDevelopmentExpenses": 0,
    "generalAndAdministrativeExpenses": 0,
    "sellingAndMarketingExpenses": 0,
    "sellingGeneralAndAdministrativeExpenses": 0,
    "otherExpenses": 3254000000,
    "operatingExpenses": 1202000000,
    "costAndExpenses": 3254000000,
    "interestIncome": 0,
    "interestExpense": 146000000,
    "depreciationAndAmortization": 0,
    "ebitda": 0,
    "ebitdaratio": 0,
    "operatingIncome": 500000000,
    "operatingIncomeRatio": 0.1385809313,
    "totalOtherIncomeExpensesNet": -146000000,
    "incomeBeforeTax": 354000000,
    "incomeBeforeTaxRatio": 0.0981152993,
    "incomeTaxExpense": 65000000,
    "netIncome": 278000000,
    "netIncomeRatio": 0.0770509978,
    "eps": 0.88,
    "epsdiluted": 0.88,
    "weightedAverageShsOut": 315900000,
    "weightedAverageShsOutDil": 316810000,
    "link": "https://www.sec.gov/Archives/edgar/data/60086/000119312518318099/0001193125-18-318099-index.htm",
    "finalLink": "https://www.sec.gov/Archives/edgar/data/60086/000119312518318099/d635318d10q.htm"
  },
  {
    "date": "2018-06-30",
    "symbol": "L",
    "reportedCurrency": "USD",
    "cik": "0000060086",
    "fillingDate": "2018-07-30",
    "acceptedDate": "2018-07-30 11:54:24",
    "calendarYear": "2018",
    "period": "Q2",
    "revenue": 3590000000,
    "costOfRevenue": 1454000000,
    "grossProfit": 2136000000,
    "grossProfitRatio": 0.5949860724,
    "researchAndDevelopmentExpenses": 0,
    "generalAndAdministrativeExpenses": 0,
    "sellingAndMarketingExpenses": 0,
    "sellingGeneralAndAdministrativeExpenses": 0,
    "otherExpenses": 3283000000,
    "operatingExpenses": 1813000000,
    "costAndExpenses": 3283000000,
    "interestIncome": 0,
    "interestExpense": 143000000,
    "depreciationAndAmortization": 0,
    "ebitda": 0,
    "ebitdaratio": 0,
    "operatingIncome": 450000000,
    "operatingIncomeRatio": 0.1253481894,
    "totalOtherIncomeExpensesNet": -143000000,
    "incomeBeforeTax": 307000000,
    "incomeBeforeTaxRatio": 0.0855153203,
    "incomeTaxExpense": 59000000,
    "netIncome": 230000000,
    "netIncomeRatio": 0.0640668524,
    "eps": 0.72,
    "epsdiluted": 0.72,
    "weightedAverageShsOut": 318870000,
    "weightedAverageShsOutDil": 319780000,
    "link": "https://www.sec.gov/Archives/edgar/data/60086/000119312518230871/0001193125-18-230871-index.htm",
    "finalLink": "https://www.sec.gov/Archives/edgar/data/60086/000119312518230871/d508103d10q.htm"
  },
  {
    "date": "2018-03-31",
    "symbol": "L",
    "reportedCurrency": "USD",
    "cik": "0000060086",
    "fillingDate": "2018-04-30",
    "acceptedDate": "2018-04-30 11:48:10",
    "calendarYear": "2018",
    "period": "Q1",
    "revenue": 3581000000,
    "costOfRevenue": 0,
    "grossProfit": 3581000000,
    "grossProfitRatio": 1,
    "researchAndDevelopmentExpenses": 0,
    "generalAndAdministrativeExpenses": 0,
    "sellingAndMarketingExpenses": 0,
    "sellingGeneralAndAdministrativeExpenses": 0,
    "otherExpenses": 3581000000,
    "operatingExpenses": 3581000000,
    "costAndExpenses": 3176000000,
    "interestIncome": 0,
    "interestExpense": 141000000,
    "depreciationAndAmortization": -546000000,
    "ebitda": 0,
    "ebitdaratio": 0,
    "operatingIncome": 2397000000,
    "operatingIncomeRatio": 0.6693660989,
    "totalOtherIncomeExpensesNet": -1992000000,
    "incomeBeforeTax": 405000000,
    "incomeBeforeTaxRatio": 0.1130969003,
    "incomeTaxExpense": 25000000,
    "netIncome": 293000000,
    "netIncomeRatio": 0.0818207205,
    "eps": 0.89,
    "epsdiluted": 0.89,
    "weightedAverageShsOut": 327780000,
    "weightedAverageShsOutDil": 328720000,
    "link": "https://www.sec.gov/Archives/edgar/data/60086/000119312518141673/0001193125-18-141673-index.htm",
    "finalLink": "https://www.sec.gov/Archives/edgar/data/60086/000119312518141673/d564790d10q.htm"
  },
  {
    "date": "2017-12-31",
    "symbol": "L",
    "reportedCurrency": "USD",
    "cik": "0000060086",
    "fillingDate": "2018-02-15",
    "acceptedDate": "2018-02-15 10:26:25",
    "calendarYear": "2017",
    "period": "Q4",
    "revenue": 3555000000,
    "costOfRevenue": 0,
    "grossProfit": 3555000000,
    "grossProfitRatio": 1,
    "researchAndDevelopmentExpenses": 0,
    "generalAndAdministrativeExpenses": 0,
    "sellingAndMarketingExpenses": 0,
    "sellingGeneralAndAdministrativeExpenses": 0,
    "otherExpenses": 3555000000,
    "operatingExpenses": 3555000000,
    "costAndExpenses": 3094000000,
    "interestIncome": 0,
    "interestExpense": 142000000,
    "depreciationAndAmortization": -631000000,
    "ebitda": -28000000,
    "ebitdaratio": -0.0078762307,
    "operatingIncome": 2494000000,
    "operatingIncomeRatio": 0.7015471167,
    "totalOtherIncomeExpensesNet": -2033000000,
    "incomeBeforeTax": 461000000,
    "incomeBeforeTaxRatio": 0.129676512,
    "incomeTaxExpense": -70000000,
    "netIncome": 481000000,
    "netIncomeRatio": 0.135302391,
    "eps": 1.43,
    "epsdiluted": 1.43,
    "weightedAverageShsOut": 335740000,
    "weightedAverageShsOutDil": 336810000,
    "link": "https://www.sec.gov/Archives/edgar/data/60086/000119312518046681/0001193125-18-046681-index.htm",
    "finalLink": "https://www.sec.gov/Archives/edgar/data/60086/000119312518046681/d522464d10k.htm"
  },
  {
    "date": "2017-09-30",
    "symbol": "L",
    "reportedCurrency": "USD",
    "cik": "0000060086",
    "fillingDate": "2017-10-30",
    "acceptedDate": "2017-10-30 13:24:18",
    "calendarYear": "2017",
    "period": "Q3",
    "revenue": 3521000000,
    "costOfRevenue": 0,
    "grossProfit": 3521000000,
    "grossProfitRatio": 1,
    "researchAndDevelopmentExpenses": 0,
    "generalAndAdministrativeExpenses": 0,
    "sellingAndMarketingExpenses": 0,
    "sellingGeneralAndAdministrativeExpenses": 0,
    "otherExpenses": 3257000000,
    "operatingExpenses": 1245000000,
    "costAndExpenses": 1245000000,
    "interestIncome": 0,
    "interestExpense": 223000000,
    "depreciationAndAmortization": 0,
    "ebitda": 0,
    "ebitdaratio": 0,
    "operatingIncome": 487000000,
    "operatingIncomeRatio": 0.1383129793,
    "totalOtherIncomeExpensesNet": -223000000,
    "incomeBeforeTax": 264000000,
    "incomeBeforeTaxRatio": 0.0749786992,
    "incomeTaxExpense": 52000000,
    "netIncome": 157000000,
    "netIncomeRatio": 0.0445896052,
    "eps": 0.46,
    "epsdiluted": 0.46,
    "weightedAverageShsOut": 336910000,
    "weightedAverageShsOutDil": 337790000,
    "link": "https://www.sec.gov/Archives/edgar/data/60086/000119312517324574/0001193125-17-324574-index.htm",
    "finalLink": "https://www.sec.gov/Archives/edgar/data/60086/000119312517324574/d377204d10q.htm"
  },
  {
    "date": "2017-06-30",
    "symbol": "L",
    "reportedCurrency": "USD",
    "cik": "0000060086",
    "fillingDate": "2017-07-31",
    "acceptedDate": "2017-07-31 11:58:21",
    "calendarYear": "2017",
    "period": "Q2",
    "revenue": 3359000000,
    "costOfRevenue": 0,
    "grossProfit": 3359000000,
    "grossProfitRatio": 1,
    "researchAndDevelopmentExpenses": 0,
    "generalAndAdministrativeExpenses": 0,
    "sellingAndMarketingExpenses": 0,
    "sellingGeneralAndAdministrativeExpenses": 0,
    "otherExpenses": 3012000000,
    "operatingExpenses": 1209000000,
    "costAndExpenses": 1209000000,
    "interestIncome": 0,
    "interestExpense": 139000000,
    "depreciationAndAmortization": 0,
    "ebitda": 0,
    "ebitdaratio": 0,
    "operatingIncome": 605000000,
    "operatingIncomeRatio": 0.1801131289,
    "totalOtherIncomeExpensesNet": -258000000,
    "incomeBeforeTax": 347000000,
    "incomeBeforeTaxRatio": 0.1033045549,
    "incomeTaxExpense": 69000000,
    "netIncome": 231000000,
    "netIncomeRatio": 0.0687704674,
    "eps": 0.69,
    "epsdiluted": 0.69,
    "weightedAverageShsOut": 336910000,
    "weightedAverageShsOutDil": 337720000,
    "link": "https://www.sec.gov/Archives/edgar/data/60086/000119312517241871/0001193125-17-241871-index.htm",
    "finalLink": "https://www.sec.gov/Archives/edgar/data/60086/000119312517241871/d403523d10q.htm"
  },
  {
    "date": "2017-03-31",
    "symbol": "L",
    "reportedCurrency": "USD",
    "cik": "0000060086",
    "fillingDate": "2017-05-01",
    "acceptedDate": "2017-05-01 12:23:06",
    "calendarYear": "2017",
    "period": "Q1",
    "revenue": 3300000000,
    "costOfRevenue": 0,
    "grossProfit": 3300000000,
    "grossProfitRatio": 1,
    "researchAndDevelopmentExpenses": 0,
    "generalAndAdministrativeExpenses": 0,
    "sellingAndMarketingExpenses": 0,
    "sellingGeneralAndAdministrativeExpenses": 0,
    "otherExpenses": 3300000000,
    "operatingExpenses": 3300000000,
    "costAndExpenses": 2790000000,
    "interestIncome": 0,
    "interestExpense": 142000000,
    "depreciationAndAmortization": -652000000,
    "ebitda": 0,
    "ebitdaratio": 0,
    "operatingIncome": 2250000000,
    "operatingIncomeRatio": 0.6818181818,
    "totalOtherIncomeExpensesNet": -1740000000,
    "incomeBeforeTax": 510000000,
    "incomeBeforeTaxRatio": 0.1545454545,
    "incomeTaxExpense": 119000000,
    "netIncome": 295000000,
    "netIncomeRatio": 0.0893939394,
    "eps": 0.88,
    "epsdiluted": 0.87,
    "weightedAverageShsOut": 336880000,
    "weightedAverageShsOutDil": 337680000,
    "link": "https://www.sec.gov/Archives/edgar/data/60086/000119312517150948/0001193125-17-150948-index.htm",
    "finalLink": "https://www.sec.gov/Archives/edgar/data/60086/000119312517150948/d368481d10q.htm"
  },
  {
    "date": "2016-12-31",
    "symbol": "L",
    "reportedCurrency": "USD",
    "cik": "0000060086",
    "fillingDate": "2017-02-16",
    "acceptedDate": "2017-02-16 14:38:36",
    "calendarYear": "2016",
    "period": "Q4",
    "revenue": 3338000000,
    "costOfRevenue": 0,
    "grossProfit": 3338000000,
    "grossProfitRatio": 1,
    "researchAndDevelopmentExpenses": 0,
    "generalAndAdministrativeExpenses": 0,
    "sellingAndMarketingExpenses": 0,
    "sellingGeneralAndAdministrativeExpenses": 0,
    "otherExpenses": 3338000000,
    "operatingExpenses": 2877000000,
    "costAndExpenses": 2877000000,
    "interestIncome": 0,
    "interestExpense": 133000000,
    "depreciationAndAmortization": -553000000,
    "ebitda": 41000000,
    "ebitdaratio": 0.0122828041,
    "operatingIncome": 3338000000,
    "operatingIncomeRatio": 1,
    "totalOtherIncomeExpensesNet": -2877000000,
    "incomeBeforeTax": 461000000,
    "incomeBeforeTaxRatio": 0.1381066507,
    "incomeTaxExpense": 49000000,
    "netIncome": 290000000,
    "netIncomeRatio": 0.0868783703,
    "eps": 0.85,
    "epsdiluted": 0.85,
    "weightedAverageShsOut": 336621000,
    "weightedAverageShsOutDil": 337410000,
    "link": "https://www.sec.gov/Archives/edgar/data/60086/000119312517046521/0001193125-17-046521-index.htm",
    "finalLink": "https://www.sec.gov/Archives/edgar/data/60086/000119312517046521/d284597d10k.htm"
  },
  {
    "date": "2016-09-30",
    "symbol": "L",
    "reportedCurrency": "USD",
    "cik": "0000060086",
    "fillingDate": "2016-10-31",
    "acceptedDate": "2016-10-31 14:01:29",
    "calendarYear": "2016",
    "period": "Q3",
    "revenue": 3287000000,
    "costOfRevenue": 898000000,
    "grossProfit": 2389000000,
    "grossProfitRatio": 0.7268025555,
    "researchAndDevelopmentExpenses": 0,
    "generalAndAdministrativeExpenses": 0,
    "sellingAndMarketingExpenses": 0,
    "sellingGeneralAndAdministrativeExpenses": 0,
    "otherExpenses": 0,
    "operatingExpenses": 0,
    "costAndExpenses": 2297000000,
    "interestIncome": 0,
    "interestExpense": 130000000,
    "depreciationAndAmortization": 0,
    "ebitda": 0,
    "ebitdaratio": 0,
    "operatingIncome": 686000000,
    "operatingIncomeRatio": 0.2087009431,
    "totalOtherIncomeExpensesNet": -130000000,
    "incomeBeforeTax": 556000000,
    "incomeBeforeTaxRatio": 0.1691512017,
    "incomeTaxExpense": 163000000,
    "netIncome": 327000000,
    "netIncomeRatio": 0.0994828111,
    "eps": 0.97,
    "epsdiluted": 0.97,
    "weightedAverageShsOut": 337180000,
    "weightedAverageShsOutDil": 337620000,
    "link": "https://www.sec.gov/Archives/edgar/data/60086/000119312516753167/0001193125-16-753167-index.htm",
    "finalLink": "https://www.sec.gov/Archives/edgar/data/60086/000119312516753167/d278126d10q.htm"
  },
  {
    "date": "2016-06-30",
    "symbol": "L",
    "reportedCurrency": "USD",
    "cik": "0000060086",
    "fillingDate": "2016-08-01",
    "acceptedDate": "2016-08-01 11:09:26",
    "calendarYear": "2016",
    "period": "Q2",
    "revenue": 3307000000,
    "costOfRevenue": 0,
    "grossProfit": 3307000000,
    "grossProfitRatio": 1,
    "researchAndDevelopmentExpenses": 0,
    "generalAndAdministrativeExpenses": 0,
    "sellingAndMarketingExpenses": 0,
    "sellingGeneralAndAdministrativeExpenses": 0,
    "otherExpenses": 0,
    "operatingExpenses": 0,
    "costAndExpenses": 3307000000,
    "interestIncome": 0,
    "interestExpense": 130000000,
    "depreciationAndAmortization": 0,
    "ebitda": 0,
    "ebitdaratio": 0,
    "operatingIncome": 0,
    "operatingIncomeRatio": 0,
    "totalOtherIncomeExpensesNet": -276000000,
    "incomeBeforeTax": -276000000,
    "incomeBeforeTaxRatio": -0.0834593287,
    "incomeTaxExpense": 12000000,
    "netIncome": -65000000,
    "netIncomeRatio": -0.0196552767,
    "eps": -0.19,
    "epsdiluted": -0.19,
    "weightedAverageShsOut": 338720000,
    "weightedAverageShsOutDil": 338720000,
    "link": "https://www.sec.gov/Archives/edgar/data/60086/000119312516666012/0001193125-16-666012-index.htm",
    "finalLink": "https://www.sec.gov/Archives/edgar/data/60086/000119312516666012/d143020d10q.htm"
  },
  {
    "date": "2016-03-31",
    "symbol": "L",
    "reportedCurrency": "USD",
    "cik": "0000060086",
    "fillingDate": "2016-05-03",
    "acceptedDate": "2016-05-03 14:07:52",
    "calendarYear": "2016",
    "period": "Q1",
    "revenue": 3173000000,
    "costOfRevenue": 0,
    "grossProfit": 3173000000,
    "grossProfitRatio": 1,
    "researchAndDevelopmentExpenses": 0,
    "generalAndAdministrativeExpenses": 0,
    "sellingAndMarketingExpenses": 0,
    "sellingGeneralAndAdministrativeExpenses": 0,
    "otherExpenses": 0,
    "operatingExpenses": 0,
    "costAndExpenses": 2978000000,
    "interestIncome": 0,
    "interestExpense": 143000000,
    "depreciationAndAmortization": 0,
    "ebitda": 0,
    "ebitdaratio": 0,
    "operatingIncome": 3173000000,
    "operatingIncomeRatio": 1,
    "totalOtherIncomeExpensesNet": -2978000000,
    "incomeBeforeTax": 195000000,
    "incomeBeforeTaxRatio": 0.0614560353,
    "incomeTaxExpense": -4000000,
    "netIncome": 102000000,
    "netIncomeRatio": 0.0321462338,
    "eps": 0.3,
    "epsdiluted": 0.3,
    "weightedAverageShsOut": 339100000,
    "weightedAverageShsOutDil": 339250000,
    "link": "https://www.sec.gov/Archives/edgar/data/60086/000119312516574559/0001193125-16-574559-index.htm",
    "finalLink": "https://www.sec.gov/Archives/edgar/data/60086/000119312516574559/d155914d10q.htm"
  },
  {
    "date": "2015-12-31",
    "symbol": "L",
    "reportedCurrency": "USD",
    "cik": "0000060086",
    "fillingDate": "2016-02-19",
    "acceptedDate": "2016-02-19 17:12:22",
    "calendarYear": "2015",
    "period": "Q4",
    "revenue": 3333000000,
    "costOfRevenue": 0,
    "grossProfit": 3333000000,
    "grossProfitRatio": 1,
    "researchAndDevelopmentExpenses": 0,
    "generalAndAdministrativeExpenses": 0,
    "sellingAndMarketingExpenses": 0,
    "sellingGeneralAndAdministrativeExpenses": 0,
    "otherExpenses": 3333000000,
    "operatingExpenses": 3333000000,
    "costAndExpenses": 3333000000,
    "interestIncome": 0,
    "interestExpense": 127000000,
    "depreciationAndAmortization": -100000000,
    "ebitda": -477000000,
    "ebitdaratio": -0.1431143114,
    "operatingIncome": 0,
    "operatingIncomeRatio": 0,
    "totalOtherIncomeExpensesNet": -504000000,
    "incomeBeforeTax": -504000000,
    "incomeBeforeTaxRatio": -0.1512151215,
    "incomeTaxExpense": -213000000,
    "netIncome": -201000000,
    "netIncomeRatio": -0.0603060306,
    "eps": -0.59,
    "epsdiluted": -0.58,
    "weightedAverageShsOut": 339898000,
    "weightedAverageShsOutDil": 346690000,
    "link": "https://www.sec.gov/Archives/edgar/data/60086/000119312516470141/0001193125-16-470141-index.htm",
    "finalLink": "https://www.sec.gov/Archives/edgar/data/60086/000119312516470141/d90277d10k.htm"
  },
  {
    "date": "2015-09-30",
    "symbol": "L",
    "reportedCurrency": "USD",
    "cik": "0000060086",
    "fillingDate": "2015-11-03",
    "acceptedDate": "2015-11-03 11:56:37",
    "calendarYear": "2015",
    "period": "Q3",
    "revenue": 3169000000,
    "costOfRevenue": 0,
    "grossProfit": 3169000000,
    "grossProfitRatio": 1,
    "researchAndDevelopmentExpenses": 0,
    "generalAndAdministrativeExpenses": 0,
    "sellingAndMarketingExpenses": 0,
    "sellingGeneralAndAdministrativeExpenses": 0,
    "otherExpenses": 2821000000,
    "operatingExpenses": 2821000000,
    "costAndExpenses": 2821000000,
    "interestIncome": 0,
    "interestExpense": 128000000,
    "depreciationAndAmortization": -194000000,
    "ebitda": 282000000,
    "ebitdaratio": 0.0889870622,
    "operatingIncome": 282000000,
    "operatingIncomeRatio": 0.0889870622,
    "totalOtherIncomeExpensesNet": 66000000,
    "incomeBeforeTax": 348000000,
    "incomeBeforeTaxRatio": 0.1098138214,
    "incomeTaxExpense": 66000000,
    "netIncome": 182000000,
    "netIncomeRatio": 0.0574313664,
    "eps": 0.51,
    "epsdiluted": 0.5,
    "weightedAverageShsOut": 356892000,
    "weightedAverageShsOutDil": 361100000,
    "link": "https://www.sec.gov/Archives/edgar/data/60086/000119312515363726/0001193125-15-363726-index.htm",
    "finalLink": "https://www.sec.gov/Archives/edgar/data/60086/000119312515363726/d12968d10q.htm"
  },
  {
    "date": "2015-06-30",
    "symbol": "L",
    "reportedCurrency": "USD",
    "cik": "0000060086",
    "fillingDate": "2015-08-04",
    "acceptedDate": "2015-08-04 13:33:33",
    "calendarYear": "2015",
    "period": "Q2",
    "revenue": 3435000000,
    "costOfRevenue": 879000000,
    "grossProfit": 2556000000,
    "grossProfitRatio": 0.7441048035,
    "researchAndDevelopmentExpenses": 0,
    "generalAndAdministrativeExpenses": 0,
    "sellingAndMarketingExpenses": 0,
    "sellingGeneralAndAdministrativeExpenses": 0,
    "otherExpenses": 3140000000,
    "operatingExpenses": 2309000000,
    "costAndExpenses": 3140000000,
    "interestIncome": 0,
    "interestExpense": 134000000,
    "depreciationAndAmortization": -182000000,
    "ebitda": 247000000,
    "ebitdaratio": 0.0719068413,
    "operatingIncome": 247000000,
    "operatingIncomeRatio": 0.0719068413,
    "totalOtherIncomeExpensesNet": 48000000,
    "incomeBeforeTax": 295000000,
    "incomeBeforeTaxRatio": 0.0858806405,
    "incomeTaxExpense": 48000000,
    "netIncome": 170000000,
    "netIncomeRatio": 0.0494905386,
    "eps": 0.46,
    "epsdiluted": 0.46,
    "weightedAverageShsOut": 369610000,
    "weightedAverageShsOutDil": 369970000,
    "link": "https://www.sec.gov/Archives/edgar/data/60086/000119312515276224/0001193125-15-276224-index.htm",
    "finalLink": "https://www.sec.gov/Archives/edgar/data/60086/000119312515276224/d81456d10q.htm"
  },
  {
    "date": "2015-03-31",
    "symbol": "L",
    "reportedCurrency": "USD",
    "cik": "0000060086",
    "fillingDate": "2015-05-05",
    "acceptedDate": "2015-05-05 17:01:09",
    "calendarYear": "2015",
    "period": "Q1",
    "revenue": 3478000000,
    "costOfRevenue": 0,
    "grossProfit": 3478000000,
    "grossProfitRatio": 1,
    "researchAndDevelopmentExpenses": 0,
    "generalAndAdministrativeExpenses": 0,
    "sellingAndMarketingExpenses": 0,
    "sellingGeneralAndAdministrativeExpenses": 0,
    "otherExpenses": 3373000000,
    "operatingExpenses": 3373000000,
    "costAndExpenses": 3373000000,
    "interestIncome": 0,
    "interestExpense": 131000000,
    "depreciationAndAmortization": -595000000,
    "ebitda": -359000000,
    "ebitdaratio": -0.1032202415,
    "operatingIncome": 0,
    "operatingIncomeRatio": 0,
    "totalOtherIncomeExpensesNet": 105000000,
    "incomeBeforeTax": 105000000,
    "incomeBeforeTaxRatio": 0.0301897642,
    "incomeTaxExpense": 56000000,
    "netIncome": 109000000,
    "netIncomeRatio": 0.0313398505,
    "eps": 0.29,
    "epsdiluted": 0.29,
    "weightedAverageShsOut": 373190000,
    "weightedAverageShsOutDil": 373190000,
    "link": "https://www.sec.gov/Archives/edgar/data/60086/000119312515172312/0001193125-15-172312-index.htm",
    "finalLink": "https://www.sec.gov/Archives/edgar/data/60086/000119312515172312/d901832d10q.htm"
  },
  {
    "date": "2014-12-31",
    "symbol": "L",
    "reportedCurrency": "USD",
    "cik": "0000060086",
    "fillingDate": "2015-02-24",
    "acceptedDate": "2015-02-23 21:36:03",
    "calendarYear": "2014",
    "period": "Q4",
    "revenue": 3521000000,
    "costOfRevenue": 0,
    "grossProfit": 3521000000,
    "grossProfitRatio": 1,
    "researchAndDevelopmentExpenses": 0,
    "generalAndAdministrativeExpenses": 0,
    "sellingAndMarketingExpenses": 0,
    "sellingGeneralAndAdministrativeExpenses": 0,
    "otherExpenses": 3521000000,
    "operatingExpenses": 3110000000,
    "costAndExpenses": 3110000000,
    "interestIncome": 0,
    "interestExpense": 129000000,
    "depreciationAndAmortization": -687000000,
    "ebitda": -147000000,
    "ebitdaratio": -0.041749503,
    "operatingIncome": 3512000000,
    "operatingIncomeRatio": 0.997443908,
    "totalOtherIncomeExpensesNet": -3101000000,
    "incomeBeforeTax": 411000000,
    "incomeBeforeTaxRatio": 0.1167282022,
    "incomeTaxExpense": 110000000,
    "netIncome": 208000000,
    "netIncomeRatio": 0.0590741267,
    "eps": 0.56,
    "epsdiluted": 0.55,
    "weightedAverageShsOut": 374090000,
    "weightedAverageShsOutDil": 374710000,
    "link": "https://www.sec.gov/Archives/edgar/data/60086/000119312515058679/0001193125-15-058679-index.htm",
    "finalLink": "https://www.sec.gov/Archives/edgar/data/60086/000119312515058679/d841155d10k.htm"
  },
  {
    "date": "2014-09-30",
    "symbol": "L",
    "reportedCurrency": "USD",
    "cik": "0000060086",
    "fillingDate": "2014-11-04",
    "acceptedDate": "2014-11-04 13:54:16",
    "calendarYear": "2014",
    "period": "Q3",
    "revenue": 3523000000,
    "costOfRevenue": 0,
    "grossProfit": 3523000000,
    "grossProfitRatio": 1,
    "researchAndDevelopmentExpenses": 0,
    "generalAndAdministrativeExpenses": 0,
    "sellingAndMarketingExpenses": 0,
    "sellingGeneralAndAdministrativeExpenses": 0,
    "otherExpenses": 3184000000,
    "operatingExpenses": 3184000000,
    "costAndExpenses": 3184000000,
    "interestIncome": 0,
    "interestExpense": 121000000,
    "depreciationAndAmortization": -220000000,
    "ebitda": 240000000,
    "ebitdaratio": 0.0681237582,
    "operatingIncome": 240000000,
    "operatingIncomeRatio": 0.0681237582,
    "totalOtherIncomeExpensesNet": 99000000,
    "incomeBeforeTax": 339000000,
    "incomeBeforeTaxRatio": 0.0962248084,
    "incomeTaxExpense": 99000000,
    "netIncome": 208000000,
    "netIncomeRatio": 0.0590405904,
    "eps": 0.55,
    "epsdiluted": 0.55,
    "weightedAverageShsOut": 377922000,
    "weightedAverageShsOutDil": 381190000,
    "link": "https://www.sec.gov/Archives/edgar/data/60086/000119312514395873/0001193125-14-395873-index.htm",
    "finalLink": "https://www.sec.gov/Archives/edgar/data/60086/000119312514395873/d797086d10q.htm"
  },
  {
    "date": "2014-06-30",
    "symbol": "L",
    "reportedCurrency": "USD",
    "cik": "0000060086",
    "fillingDate": "2014-08-04",
    "acceptedDate": "2014-08-04 17:21:42",
    "calendarYear": "2014",
    "period": "Q2",
    "revenue": 3593000000,
    "costOfRevenue": 0,
    "grossProfit": 3593000000,
    "grossProfitRatio": 1,
    "researchAndDevelopmentExpenses": 0,
    "generalAndAdministrativeExpenses": 0,
    "sellingAndMarketingExpenses": 0,
    "sellingGeneralAndAdministrativeExpenses": 0,
    "otherExpenses": 0,
    "operatingExpenses": 3047000000,
    "costAndExpenses": 3047000000,
    "interestIncome": 0,
    "interestExpense": 126000000,
    "depreciationAndAmortization": -271000000,
    "ebitda": 401000000,
    "ebitdaratio": 0.1116059004,
    "operatingIncome": 401000000,
    "operatingIncomeRatio": 0.1116059004,
    "totalOtherIncomeExpensesNet": 145000000,
    "incomeBeforeTax": 546000000,
    "incomeBeforeTaxRatio": 0.1519621486,
    "incomeTaxExpense": 145000000,
    "netIncome": 116000000,
    "netIncomeRatio": 0.0322849986,
    "eps": 0.3,
    "epsdiluted": 0.3,
    "weightedAverageShsOut": 385720000,
    "weightedAverageShsOutDil": 386370000,
    "link": "https://www.sec.gov/Archives/edgar/data/60086/000119312514293769/0001193125-14-293769-index.htm",
    "finalLink": "https://www.sec.gov/Archives/edgar/data/60086/000119312514293769/d752702d10q.htm"
  },
  {
    "date": "2014-03-31",
    "symbol": "L",
    "reportedCurrency": "USD",
    "cik": "0000060086",
    "fillingDate": "2014-04-29",
    "acceptedDate": "2014-04-29 15:29:04",
    "calendarYear": "2014",
    "period": "Q1",
    "revenue": 3688000000,
    "costOfRevenue": 0,
    "grossProfit": 3688000000,
    "grossProfitRatio": 1,
    "researchAndDevelopmentExpenses": 0,
    "generalAndAdministrativeExpenses": 0,
    "sellingAndMarketingExpenses": 0,
    "sellingGeneralAndAdministrativeExpenses": 0,
    "otherExpenses": 3688000000,
    "operatingExpenses": 3174000000,
    "costAndExpenses": 3174000000,
    "interestIncome": 0,
    "interestExpense": 122000000,
    "depreciationAndAmortization": -730000000,
    "ebitda": -94000000,
    "ebitdaratio": -0.0254880694,
    "operatingIncome": 3688000000,
    "operatingIncomeRatio": 1,
    "totalOtherIncomeExpensesNet": -3174000000,
    "incomeBeforeTax": 514000000,
    "incomeBeforeTaxRatio": 0.1393709328,
    "incomeTaxExpense": 103000000,
    "netIncome": 59000000,
    "netIncomeRatio": 0.0159978308,
    "eps": 0.15,
    "epsdiluted": 0.15,
    "weightedAverageShsOut": 387340000,
    "weightedAverageShsOutDil": 388070000,
    "link": "https://www.sec.gov/Archives/edgar/data/60086/000119312514166907/0001193125-14-166907-index.htm",
    "finalLink": "https://www.sec.gov/Archives/edgar/data/60086/000119312514166907/d701136d10q.htm"
  },
  {
    "date": "2013-12-31",
    "symbol": "L",
    "reportedCurrency": "USD",
    "cik": "0000060086",
    "fillingDate": "2014-02-24",
    "acceptedDate": "2014-02-24 15:59:00",
    "calendarYear": "2013",
    "period": "Q4",
    "revenue": 3890000000,
    "costOfRevenue": 0,
    "grossProfit": 3890000000,
    "grossProfitRatio": 1,
    "researchAndDevelopmentExpenses": 0,
    "generalAndAdministrativeExpenses": 0,
    "sellingAndMarketingExpenses": 0,
    "sellingGeneralAndAdministrativeExpenses": 0,
    "otherExpenses": 3890000000,
    "operatingExpenses": 3890000000,
    "costAndExpenses": 3890000000,
    "interestIncome": 0,
    "interestExpense": 113000000,
    "depreciationAndAmortization": 0,
    "ebitda": 0,
    "ebitdaratio": 0,
    "operatingIncome": 0,
    "operatingIncomeRatio": 0,
    "totalOtherIncomeExpensesNet": -184000000,
    "incomeBeforeTax": -184000000,
    "incomeBeforeTaxRatio": -0.0473007712,
    "incomeTaxExpense": -59000000,
    "netIncome": -198000000,
    "netIncomeRatio": -0.0508997429,
    "eps": -0.64,
    "epsdiluted": -0.51,
    "weightedAverageShsOut": 310379000,
    "weightedAverageShsOutDil": 387190000,
    "link": "https://www.sec.gov/Archives/edgar/data/60086/000119312514064964/0001193125-14-064964-index.htm",
    "finalLink": "https://www.sec.gov/Archives/edgar/data/60086/000119312514064964/d620046d10k.htm"
  },
  {
    "date": "2013-09-30",
    "symbol": "L",
    "reportedCurrency": "USD",
    "cik": "0000060086",
    "fillingDate": "2013-10-29",
    "acceptedDate": "2013-10-29 16:06:24",
    "calendarYear": "2013",
    "period": "Q3",
    "revenue": 3597000000,
    "costOfRevenue": 900000000,
    "grossProfit": 2697000000,
    "grossProfitRatio": 0.7497914929,
    "researchAndDevelopmentExpenses": 0,
    "generalAndAdministrativeExpenses": 0,
    "sellingAndMarketingExpenses": 0,
    "sellingGeneralAndAdministrativeExpenses": 0,
    "otherExpenses": 0,
    "operatingExpenses": 0,
    "costAndExpenses": 4497000000,
    "interestIncome": 0,
    "interestExpense": 105000000,
    "depreciationAndAmortization": 0,
    "ebitda": 0,
    "ebitdaratio": 0,
    "operatingIncome": 3597000000,
    "operatingIncomeRatio": 1,
    "totalOtherIncomeExpensesNet": -3021000000,
    "incomeBeforeTax": 576000000,
    "incomeBeforeTaxRatio": 0.1601334445,
    "incomeTaxExpense": 155000000,
    "netIncome": 282000000,
    "netIncomeRatio": 0.0783986656,
    "eps": 0.73,
    "epsdiluted": 0.73,
    "weightedAverageShsOut": 387260000,
    "weightedAverageShsOutDil": 388140000,
    "link": "https://www.sec.gov/Archives/edgar/data/60086/000119312513415920/0001193125-13-415920-index.htm",
    "finalLink": "https://www.sec.gov/Archives/edgar/data/60086/000119312513415920/d595780d10q.htm"
  },
  {
    "date": "2013-06-30",
    "symbol": "L",
    "reportedCurrency": "USD",
    "cik": "0000060086",
    "fillingDate": "2013-07-30",
    "acceptedDate": "2013-07-30 16:18:04",
    "calendarYear": "2013",
    "period": "Q2",
    "revenue": 3616000000,
    "costOfRevenue": 0,
    "grossProfit": 3616000000,
    "grossProfitRatio": 1,
    "researchAndDevelopmentExpenses": 0,
    "generalAndAdministrativeExpenses": 0,
    "sellingAndMarketingExpenses": 0,
    "sellingGeneralAndAdministrativeExpenses": 0,
    "otherExpenses": 3050000000,
    "operatingExpenses": 2942000000,
    "costAndExpenses": 2942000000,
    "interestIncome": 0,
    "interestExpense": 108000000,
    "depreciationAndAmortization": -674000000,
    "ebitda": 0,
    "ebitdaratio": 0,
    "operatingIncome": 674000000,
    "operatingIncomeRatio": 0.1863938053,
    "totalOtherIncomeExpensesNet": -108000000,
    "incomeBeforeTax": 566000000,
    "incomeBeforeTaxRatio": 0.1565265487,
    "incomeTaxExpense": 163000000,
    "netIncome": 269000000,
    "netIncomeRatio": 0.0743915929,
    "eps": 0.69,
    "epsdiluted": 0.69,
    "weightedAverageShsOut": 388790000,
    "weightedAverageShsOutDil": 389620000,
    "link": "https://www.sec.gov/Archives/edgar/data/60086/000119312513310220/0001193125-13-310220-index.htm",
    "finalLink": "https://www.sec.gov/Archives/edgar/data/60086/000119312513310220/d556269d10q.htm"
  },
  {
    "date": "2013-03-31",
    "symbol": "L",
    "reportedCurrency": "USD",
    "cik": "0000060086",
    "fillingDate": "2013-04-30",
    "acceptedDate": "2013-04-30 10:48:58",
    "calendarYear": "2013",
    "period": "Q1",
    "revenue": 3686000000,
    "costOfRevenue": 0,
    "grossProfit": 3686000000,
    "grossProfitRatio": 1,
    "researchAndDevelopmentExpenses": 0,
    "generalAndAdministrativeExpenses": 0,
    "sellingAndMarketingExpenses": 0,
    "sellingGeneralAndAdministrativeExpenses": 0,
    "otherExpenses": 3686000000,
    "operatingExpenses": 3686000000,
    "costAndExpenses": 3686000000,
    "interestIncome": 0,
    "interestExpense": 108000000,
    "depreciationAndAmortization": -740000000,
    "ebitda": -134000000,
    "ebitdaratio": -0.036353771,
    "operatingIncome": 0,
    "operatingIncomeRatio": 0,
    "totalOtherIncomeExpensesNet": 498000000,
    "incomeBeforeTax": 498000000,
    "incomeBeforeTaxRatio": 0.1351058058,
    "incomeTaxExpense": 114000000,
    "netIncome": 242000000,
    "netIncomeRatio": 0.0656538253,
    "eps": 0.62,
    "epsdiluted": 0.62,
    "weightedAverageShsOut": 389898000,
    "weightedAverageShsOutDil": 392140000,
    "link": "https://www.sec.gov/Archives/edgar/data/60086/000119312513185167/0001193125-13-185167-index.htm",
    "finalLink": "https://www.sec.gov/Archives/edgar/data/60086/000119312513185167/d515033d10q.htm"
  },
  {
    "date": "2012-12-31",
    "symbol": "L",
    "reportedCurrency": "USD",
    "cik": "0000060086",
    "fillingDate": "2013-02-22",
    "acceptedDate": "2013-02-22 10:00:53",
    "calendarYear": "2012",
    "period": "Q4",
    "revenue": 3705000000,
    "costOfRevenue": 0,
    "grossProfit": 3705000000,
    "grossProfitRatio": 1,
    "researchAndDevelopmentExpenses": 0,
    "generalAndAdministrativeExpenses": 0,
    "sellingAndMarketingExpenses": 0,
    "sellingGeneralAndAdministrativeExpenses": 0,
    "otherExpenses": 3705000000,
    "operatingExpenses": 3705000000,
    "costAndExpenses": 3670000000,
    "interestIncome": 0,
    "interestExpense": 109000000,
    "depreciationAndAmortization": -221000000,
    "ebitda": -77000000,
    "ebitdaratio": -0.020782726,
    "operatingIncome": 221000000,
    "operatingIncomeRatio": 0.0596491228,
    "totalOtherIncomeExpensesNet": -186000000,
    "incomeBeforeTax": 35000000,
    "incomeBeforeTaxRatio": 0.0094466937,
    "incomeTaxExpense": -48000000,
    "netIncome": -32000000,
    "netIncomeRatio": -0.0086369771,
    "eps": -0.0836,
    "epsdiluted": -0.0815,
    "weightedAverageShsOut": 382894000,
    "weightedAverageShsOutDil": 392850000,
    "link": "https://www.sec.gov/Archives/edgar/data/60086/000119312513070611/0001193125-13-070611-index.htm",
    "finalLink": "https://www.sec.gov/Archives/edgar/data/60086/000119312513070611/d464015d10k.htm"
  },
  {
    "date": "2012-09-30",
    "symbol": "L",
    "reportedCurrency": "USD",
    "cik": "0000060086",
    "fillingDate": "2012-10-30",
    "acceptedDate": "2012-10-30 13:38:55",
    "calendarYear": "2012",
    "period": "Q3",
    "revenue": 3715000000,
    "costOfRevenue": 0,
    "grossProfit": 3715000000,
    "grossProfitRatio": 1,
    "researchAndDevelopmentExpenses": 0,
    "generalAndAdministrativeExpenses": 0,
    "sellingAndMarketingExpenses": 358000000,
    "sellingGeneralAndAdministrativeExpenses": 0,
    "otherExpenses": 2948000000,
    "operatingExpenses": 3306000000,
    "costAndExpenses": 3306000000,
    "interestIncome": 0,
    "interestExpense": 109000000,
    "depreciationAndAmortization": -773000000,
    "ebitda": -255000000,
    "ebitdaratio": -0.068640646,
    "operatingIncome": 0,
    "operatingIncomeRatio": 0,
    "totalOtherIncomeExpensesNet": 409000000,
    "incomeBeforeTax": 409000000,
    "incomeBeforeTaxRatio": 0.1100942127,
    "incomeTaxExpense": 99000000,
    "netIncome": 177000000,
    "netIncomeRatio": 0.0476446837,
    "eps": 0.45,
    "epsdiluted": 0.45,
    "weightedAverageShsOut": 394480000,
    "weightedAverageShsOutDil": 395290000,
    "link": "https://www.sec.gov/Archives/edgar/data/60086/000119312512441141/0001193125-12-441141-index.htm",
    "finalLink": "https://www.sec.gov/Archives/edgar/data/60086/000119312512441141/d414140d10q.htm"
  },
  {
    "date": "2012-06-30",
    "symbol": "L",
    "reportedCurrency": "USD",
    "cik": "0000060086",
    "fillingDate": "2012-07-31",
    "acceptedDate": "2012-07-31 16:21:54",
    "calendarYear": "2012",
    "period": "Q2",
    "revenue": 3388000000,
    "costOfRevenue": 1001000000,
    "grossProfit": 2387000000,
    "grossProfitRatio": 0.7045454545,
    "researchAndDevelopmentExpenses": 0,
    "generalAndAdministrativeExpenses": 0,
    "sellingAndMarketingExpenses": 405000000,
    "sellingGeneralAndAdministrativeExpenses": 405000000,
    "otherExpenses": 2769000000,
    "operatingExpenses": 3174000000,
    "costAndExpenses": 3388000000,
    "interestIncome": 0,
    "interestExpense": 111000000,
    "depreciationAndAmortization": 0,
    "ebitda": 0,
    "ebitdaratio": 0,
    "operatingIncome": 0,
    "operatingIncomeRatio": 0,
    "totalOtherIncomeExpensesNet": 214000000,
    "incomeBeforeTax": 214000000,
    "incomeBeforeTaxRatio": 0.0631641086,
    "incomeTaxExpense": 16000000,
    "netIncome": 56000000,
    "netIncomeRatio": 0.0165289256,
    "eps": 0.14,
    "epsdiluted": 0.14,
    "weightedAverageShsOut": 396400000,
    "weightedAverageShsOutDil": 397130000,
    "link": "https://www.sec.gov/Archives/edgar/data/60086/000119312512325910/0001193125-12-325910-index.htm",
    "finalLink": "https://www.sec.gov/Archives/edgar/data/60086/000119312512325910/d371485d10q.htm"
  },
  {
    "date": "2012-03-31",
    "symbol": "L",
    "reportedCurrency": "USD",
    "cik": "0000060086",
    "fillingDate": "2012-05-01",
    "acceptedDate": "2012-05-01 16:26:44",
    "calendarYear": "2012",
    "period": "Q1",
    "revenue": 3744000000,
    "costOfRevenue": 0,
    "grossProfit": 3744000000,
    "grossProfitRatio": 1,
    "researchAndDevelopmentExpenses": 0,
    "generalAndAdministrativeExpenses": 0,
    "sellingAndMarketingExpenses": 397000000,
    "sellingGeneralAndAdministrativeExpenses": 397000000,
    "otherExpenses": 3347000000,
    "operatingExpenses": 3744000000,
    "costAndExpenses": 3744000000,
    "interestIncome": 0,
    "interestExpense": 111000000,
    "depreciationAndAmortization": -845000000,
    "ebitda": 7000000,
    "ebitdaratio": 0.0018696581,
    "operatingIncome": 7000000,
    "operatingIncomeRatio": 0.0018696581,
    "totalOtherIncomeExpensesNet": 734000000,
    "incomeBeforeTax": 741000000,
    "incomeBeforeTaxRatio": 0.1979166667,
    "incomeTaxExpense": 222000000,
    "netIncome": 367000000,
    "netIncomeRatio": 0.0980235043,
    "eps": 0.92,
    "epsdiluted": 0.92,
    "weightedAverageShsOut": 396835000,
    "weightedAverageShsOutDil": 397440000,
    "link": "https://www.sec.gov/Archives/edgar/data/60086/000119312512200892/0001193125-12-200892-index.htm",
    "finalLink": "https://www.sec.gov/Archives/edgar/data/60086/000119312512200892/d311542d10q.htm"
  },
  {
    "date": "2011-12-31",
    "symbol": "L",
    "reportedCurrency": "USD",
    "cik": "0000060086",
    "fillingDate": "2012-02-22",
    "acceptedDate": "2012-02-22 16:47:11",
    "calendarYear": "2011",
    "period": "Q4",
    "revenue": 3479000000,
    "costOfRevenue": 0,
    "grossProfit": 3479000000,
    "grossProfitRatio": 1,
    "researchAndDevelopmentExpenses": 0,
    "generalAndAdministrativeExpenses": 0,
    "sellingAndMarketingExpenses": 407000000,
    "sellingGeneralAndAdministrativeExpenses": 407000000,
    "otherExpenses": 3072000000,
    "operatingExpenses": 3479000000,
    "costAndExpenses": 3479000000,
    "interestIncome": 0,
    "interestExpense": 116000000,
    "depreciationAndAmortization": -858000000,
    "ebitda": -261000000,
    "ebitdaratio": -0.0750215579,
    "operatingIncome": 0,
    "operatingIncomeRatio": 0,
    "totalOtherIncomeExpensesNet": 481000000,
    "incomeBeforeTax": 481000000,
    "incomeBeforeTaxRatio": 0.1382581201,
    "incomeTaxExpense": 72000000,
    "netIncome": 268000000,
    "netIncomeRatio": 0.0770336304,
    "eps": 0.68,
    "epsdiluted": 0.68,
    "weightedAverageShsOut": 396520000,
    "weightedAverageShsOutDil": 397130000,
    "link": "https://www.sec.gov/Archives/edgar/data/60086/000119312512072891/0001193125-12-072891-index.htm",
    "finalLink": "https://www.sec.gov/Archives/edgar/data/60086/000119312512072891/d257213d10k.htm"
  },
  {
    "date": "2011-09-30",
    "symbol": "L",
    "reportedCurrency": "USD",
    "cik": "0000060086",
    "fillingDate": "2011-11-01",
    "acceptedDate": "2011-11-01 16:00:14",
    "calendarYear": "2011",
    "period": "Q3",
    "revenue": 3438000000,
    "costOfRevenue": 725000000,
    "grossProfit": 2713000000,
    "grossProfitRatio": 0.7891215823,
    "researchAndDevelopmentExpenses": 0,
    "generalAndAdministrativeExpenses": 0,
    "sellingAndMarketingExpenses": 392000000,
    "sellingGeneralAndAdministrativeExpenses": 392000000,
    "otherExpenses": 3046000000,
    "operatingExpenses": 3438000000,
    "costAndExpenses": 2999000000,
    "interestIncome": 0,
    "interestExpense": 126000000,
    "depreciationAndAmortization": -250000000,
    "ebitda": 315000000,
    "ebitdaratio": 0.0916230366,
    "operatingIncome": 315000000,
    "operatingIncomeRatio": 0.0916230366,
    "totalOtherIncomeExpensesNet": 124000000,
    "incomeBeforeTax": 439000000,
    "incomeBeforeTaxRatio": 0.1276905177,
    "incomeTaxExpense": 123000000,
    "netIncome": 162000000,
    "netIncomeRatio": 0.0471204188,
    "eps": 0.41,
    "epsdiluted": 0.4,
    "weightedAverageShsOut": 397402000,
    "weightedAverageShsOutDil": 401730000,
    "link": "https://www.sec.gov/Archives/edgar/data/60086/000119312511290652/0001193125-11-290652-index.htm",
    "finalLink": "https://www.sec.gov/Archives/edgar/data/60086/000119312511290652/d234262d10q.htm"
  },
  {
    "date": "2011-06-30",
    "symbol": "L",
    "reportedCurrency": "USD",
    "cik": "0000060086",
    "fillingDate": "2011-08-03",
    "acceptedDate": "2011-08-03 10:13:36",
    "calendarYear": "2011",
    "period": "Q2",
    "revenue": 3542000000,
    "costOfRevenue": 757000000,
    "grossProfit": 2785000000,
    "grossProfitRatio": 0.7862789385,
    "researchAndDevelopmentExpenses": 0,
    "generalAndAdministrativeExpenses": 0,
    "sellingAndMarketingExpenses": 388000000,
    "sellingGeneralAndAdministrativeExpenses": 388000000,
    "otherExpenses": 2606000000,
    "operatingExpenses": 2994000000,
    "costAndExpenses": 3542000000,
    "interestIncome": 0,
    "interestExpense": 129000000,
    "depreciationAndAmortization": -820000000,
    "ebitda": -143000000,
    "ebitdaratio": -0.0403726708,
    "operatingIncome": -143000000,
    "operatingIncomeRatio": -0.0403726708,
    "totalOtherIncomeExpensesNet": 691000000,
    "incomeBeforeTax": 548000000,
    "incomeBeforeTaxRatio": 0.1547148504,
    "incomeTaxExpense": 144000000,
    "netIncome": 250000000,
    "netIncomeRatio": 0.0705815923,
    "eps": 0.62,
    "epsdiluted": 0.62,
    "weightedAverageShsOut": 404886000,
    "weightedAverageShsOutDil": 408740000,
    "link": "https://www.sec.gov/Archives/edgar/data/60086/000119312511207508/0001193125-11-207508-index.htm",
    "finalLink": "https://www.sec.gov/Archives/edgar/data/60086/000119312511207508/d10q.htm"
  },
  {
    "date": "2011-03-31",
    "symbol": "L",
    "reportedCurrency": "USD",
    "cik": "0000060086",
    "fillingDate": "2011-05-03",
    "acceptedDate": "2011-05-03 16:34:41",
    "calendarYear": "2011",
    "period": "Q1",
    "revenue": 3668000000,
    "costOfRevenue": 0,
    "grossProfit": 3668000000,
    "grossProfitRatio": 1,
    "researchAndDevelopmentExpenses": 0,
    "generalAndAdministrativeExpenses": 0,
    "sellingAndMarketingExpenses": 362000000,
    "sellingGeneralAndAdministrativeExpenses": 362000000,
    "otherExpenses": 3306000000,
    "operatingExpenses": 3668000000,
    "costAndExpenses": 3668000000,
    "interestIncome": 0,
    "interestExpense": 151000000,
    "depreciationAndAmortization": 0,
    "ebitda": 0,
    "ebitdaratio": 0,
    "operatingIncome": 0,
    "operatingIncomeRatio": 0,
    "totalOtherIncomeExpensesNet": 757000000,
    "incomeBeforeTax": 757000000,
    "incomeBeforeTaxRatio": 0.2063794984,
    "incomeTaxExpense": 195000000,
    "netIncome": 379000000,
    "netIncomeRatio": 0.1033260632,
    "eps": 0.92,
    "epsdiluted": 0.89,
    "weightedAverageShsOut": 410319000,
    "weightedAverageShsOutDil": 423640000,
    "link": "https://www.sec.gov/Archives/edgar/data/60086/000119312511124028/0001193125-11-124028-index.htm",
    "finalLink": "https://www.sec.gov/Archives/edgar/data/60086/000119312511124028/d10q.htm"
  },
  {
    "date": "2010-12-31",
    "symbol": "L",
    "reportedCurrency": "USD",
    "cik": "0000060086",
    "fillingDate": "2011-02-23",
    "acceptedDate": "2011-02-23 13:45:57",
    "calendarYear": "2010",
    "period": "Q4",
    "revenue": 3715000000,
    "costOfRevenue": 0,
    "grossProfit": 3715000000,
    "grossProfitRatio": 1,
    "researchAndDevelopmentExpenses": 0,
    "generalAndAdministrativeExpenses": 0,
    "sellingAndMarketingExpenses": 382000000,
    "sellingGeneralAndAdministrativeExpenses": 382000000,
    "otherExpenses": 3333000000,
    "operatingExpenses": 3715000000,
    "costAndExpenses": 3715000000,
    "interestIncome": 0,
    "interestExpense": 133000000,
    "depreciationAndAmortization": -906000000,
    "ebitda": 172000000,
    "ebitdaratio": 0.0462987887,
    "operatingIncome": 172000000,
    "operatingIncomeRatio": 0.0462987887,
    "totalOtherIncomeExpensesNet": 773000000,
    "incomeBeforeTax": 945000000,
    "incomeBeforeTaxRatio": 0.2543741588,
    "incomeTaxExpense": 276000000,
    "netIncome": 466000000,
    "netIncomeRatio": 0.1254374159,
    "eps": 1.12,
    "epsdiluted": 1.11,
    "weightedAverageShsOut": 415870000,
    "weightedAverageShsOutDil": 416670000,
    "link": "https://www.sec.gov/Archives/edgar/data/60086/000119312511043352/0001193125-11-043352-index.htm",
    "finalLink": "https://www.sec.gov/Archives/edgar/data/60086/000119312511043352/d10k.htm"
  },
  {
    "date": "2010-09-30",
    "symbol": "L",
    "reportedCurrency": "USD",
    "cik": "0000060086",
    "fillingDate": "2010-11-03",
    "acceptedDate": "2010-11-03 09:36:42",
    "calendarYear": "2010",
    "period": "Q3",
    "revenue": 3701000000,
    "costOfRevenue": 1267000000,
    "grossProfit": 2434000000,
    "grossProfitRatio": 0.6576600919,
    "researchAndDevelopmentExpenses": 0,
    "generalAndAdministrativeExpenses": 0,
    "sellingAndMarketingExpenses": 351000000,
    "sellingGeneralAndAdministrativeExpenses": 351000000,
    "otherExpenses": 3350000000,
    "operatingExpenses": 3701000000,
    "costAndExpenses": 3443000000,
    "interestIncome": 0,
    "interestExpense": 127000000,
    "depreciationAndAmortization": -211000000,
    "ebitda": 174000000,
    "ebitdaratio": 0.0470143205,
    "operatingIncome": 174000000,
    "operatingIncomeRatio": 0.0470143205,
    "totalOtherIncomeExpensesNet": 84000000,
    "incomeBeforeTax": 258000000,
    "incomeBeforeTaxRatio": 0.0697108889,
    "incomeTaxExpense": 84000000,
    "netIncome": 36000000,
    "netIncomeRatio": 0.0097271008,
    "eps": 0.09,
    "epsdiluted": 0.09,
    "weightedAverageShsOut": 417670000,
    "weightedAverageShsOutDil": 418470000,
    "link": "https://www.sec.gov/Archives/edgar/data/60086/000119312510245478/0001193125-10-245478-index.htm",
    "finalLink": "https://www.sec.gov/Archives/edgar/data/60086/000119312510245478/d10q.htm"
  },
  {
    "date": "2010-06-30",
    "symbol": "L",
    "reportedCurrency": "USD",
    "cik": "0000060086",
    "fillingDate": "2010-08-04",
    "acceptedDate": "2010-08-04 11:03:39",
    "calendarYear": "2010",
    "period": "Q2",
    "revenue": -58000000,
    "costOfRevenue": 715000000,
    "grossProfit": -773000000,
    "grossProfitRatio": 13.3275862069,
    "researchAndDevelopmentExpenses": 0,
    "generalAndAdministrativeExpenses": 0,
    "sellingAndMarketingExpenses": 352000000,
    "sellingGeneralAndAdministrativeExpenses": 352000000,
    "otherExpenses": 2331000000,
    "operatingExpenses": 2683000000,
    "costAndExpenses": 3486000000,
    "interestIncome": 0,
    "interestExpense": 127000000,
    "depreciationAndAmortization": -1643000000,
    "ebitda": -713000000,
    "ebitdaratio": 12.2931034483,
    "operatingIncome": 0,
    "operatingIncomeRatio": 0,
    "totalOtherIncomeExpensesNet": 803000000,
    "incomeBeforeTax": 803000000,
    "incomeBeforeTaxRatio": -13.8448275862,
    "incomeTaxExpense": 262000000,
    "netIncome": 366000000,
    "netIncomeRatio": -6.3103448276,
    "eps": 0.88,
    "epsdiluted": 0.87,
    "weightedAverageShsOut": 418640000,
    "weightedAverageShsOutDil": 419380000,
    "link": "https://www.sec.gov/Archives/edgar/data/60086/000119312510176538/0001193125-10-176538-index.htm",
    "finalLink": "https://www.sec.gov/Archives/edgar/data/60086/000119312510176538/d10q.htm"
  },
  {
    "date": "2010-03-31",
    "symbol": "L",
    "reportedCurrency": "USD",
    "cik": "0000060086",
    "fillingDate": "2010-05-04",
    "acceptedDate": "2010-05-04 10:17:06",
    "calendarYear": "2010",
    "period": "Q1",
    "revenue": 3713000000,
    "costOfRevenue": 0,
    "grossProfit": 3713000000,
    "grossProfitRatio": 1,
    "researchAndDevelopmentExpenses": 0,
    "generalAndAdministrativeExpenses": 0,
    "sellingAndMarketingExpenses": 305000000,
    "sellingGeneralAndAdministrativeExpenses": 305000000,
    "otherExpenses": 3408000000,
    "operatingExpenses": 3713000000,
    "costAndExpenses": 3713000000,
    "interestIncome": 0,
    "interestExpense": 130000000,
    "depreciationAndAmortization": 0,
    "ebitda": 0,
    "ebitdaratio": 0,
    "operatingIncome": 0,
    "operatingIncomeRatio": 0,
    "totalOtherIncomeExpensesNet": 896000000,
    "incomeBeforeTax": 896000000,
    "incomeBeforeTaxRatio": 0.2413143011,
    "incomeTaxExpense": 273000000,
    "netIncome": 420000000,
    "netIncomeRatio": 0.1131160786,
    "eps": 0.99,
    "epsdiluted": 0.99,
    "weightedAverageShsOut": 422770000,
    "weightedAverageShsOutDil": 423640000,
    "link": "https://www.sec.gov/Archives/edgar/data/60086/000119312510105707/0001193125-10-105707-index.htm",
    "finalLink": "https://www.sec.gov/Archives/edgar/data/60086/000119312510105707/d10q.htm"
  },
  {
    "date": "2009-12-31",
    "symbol": "L",
    "reportedCurrency": "USD",
    "cik": "0000060086",
    "fillingDate": "2010-02-24",
    "acceptedDate": "2010-02-24 14:21:07",
    "calendarYear": "2009",
    "period": "Q4",
    "revenue": 3822000000,
    "costOfRevenue": 0,
    "grossProfit": 3822000000,
    "grossProfitRatio": 1,
    "researchAndDevelopmentExpenses": 0,
    "generalAndAdministrativeExpenses": 0,
    "sellingAndMarketingExpenses": 0,
    "sellingGeneralAndAdministrativeExpenses": 0,
    "otherExpenses": 3822000000,
    "operatingExpenses": 3822000000,
    "costAndExpenses": 3822000000,
    "interestIncome": 0,
    "interestExpense": 127000000,
    "depreciationAndAmortization": 0,
    "ebitda": 0,
    "ebitdaratio": 0,
    "operatingIncome": 0,
    "operatingIncomeRatio": 0,
    "totalOtherIncomeExpensesNet": 883000000,
    "incomeBeforeTax": 883000000,
    "incomeBeforeTaxRatio": 0.2310308739,
    "incomeTaxExpense": 277000000,
    "netIncome": 403000000,
    "netIncomeRatio": 0.1054421769,
    "eps": 0.93,
    "epsdiluted": 0.93,
    "weightedAverageShsOut": 428340000,
    "weightedAverageShsOutDil": 429130000,
    "link": "https://www.sec.gov/Archives/edgar/data/60086/000119312510038679/0001193125-10-038679-index.htm",
    "finalLink": "https://www.sec.gov/Archives/edgar/data/60086/000119312510038679/d10k.htm"
  },
  {
    "date": "2009-09-30",
    "symbol": "L",
    "reportedCurrency": "USD",
    "cik": "0000060086",
    "fillingDate": "2009-11-02",
    "acceptedDate": "2009-11-02 12:32:28",
    "calendarYear": "2009",
    "period": "Q3",
    "revenue": 3738000000,
    "costOfRevenue": 0,
    "grossProfit": 3738000000,
    "grossProfitRatio": 1,
    "researchAndDevelopmentExpenses": 0,
    "generalAndAdministrativeExpenses": 0,
    "sellingAndMarketingExpenses": 307000000,
    "sellingGeneralAndAdministrativeExpenses": 307000000,
    "otherExpenses": 3431000000,
    "operatingExpenses": 3738000000,
    "costAndExpenses": 3738000000,
    "interestIncome": 0,
    "interestExpense": 117000000,
    "depreciationAndAmortization": -1746000000,
    "ebitda": -671000000,
    "ebitdaratio": -0.1795077582,
    "operatingIncome": 0,
    "operatingIncomeRatio": 0,
    "totalOtherIncomeExpensesNet": 958000000,
    "incomeBeforeTax": 958000000,
    "incomeBeforeTaxRatio": 0.2562867844,
    "incomeTaxExpense": 266000000,
    "netIncome": 468000000,
    "netIncomeRatio": 0.1252006421,
    "eps": 1.08,
    "epsdiluted": 1.08,
    "weightedAverageShsOut": 432750000,
    "weightedAverageShsOutDil": 433480000,
    "link": "https://www.sec.gov/Archives/edgar/data/60086/000119312509220059/0001193125-09-220059-index.htm",
    "finalLink": "https://www.sec.gov/Archives/edgar/data/60086/000119312509220059/d10q.htm"
  },
  {
    "date": "2009-06-30",
    "symbol": "L",
    "reportedCurrency": "USD",
    "cik": "0000060086",
    "fillingDate": "2009-08-04",
    "acceptedDate": "2009-08-04 16:21:07",
    "calendarYear": "2009",
    "period": "Q2",
    "revenue": 3534000000,
    "costOfRevenue": 0,
    "grossProfit": 3534000000,
    "grossProfitRatio": 1,
    "researchAndDevelopmentExpenses": 0,
    "generalAndAdministrativeExpenses": 0,
    "sellingAndMarketingExpenses": 0,
    "sellingGeneralAndAdministrativeExpenses": 0,
    "otherExpenses": 3534000000,
    "operatingExpenses": 3534000000,
    "costAndExpenses": 3534000000,
    "interestIncome": 0,
    "interestExpense": 110000000,
    "depreciationAndAmortization": 0,
    "ebitda": 0,
    "ebitdaratio": 0,
    "operatingIncome": 0,
    "operatingIncomeRatio": 0,
    "totalOtherIncomeExpensesNet": 756000000,
    "incomeBeforeTax": 756000000,
    "incomeBeforeTaxRatio": 0.2139219015,
    "incomeTaxExpense": 197000000,
    "netIncome": 340000000,
    "netIncomeRatio": 0.0962082626,
    "eps": 0.78,
    "epsdiluted": 0.78,
    "weightedAverageShsOut": 435070000,
    "weightedAverageShsOutDil": 435630000,
    "link": "https://www.sec.gov/Archives/edgar/data/60086/000006008609000037/0000060086-09-000037-index.htm",
    "finalLink": "https://www.sec.gov/Archives/edgar/data/60086/000006008609000037/form10q.htm"
  },
  {
    "date": "2009-03-31",
    "symbol": "L",
    "reportedCurrency": "USD",
    "cik": "0000060086",
    "fillingDate": "2009-05-04",
    "acceptedDate": "2009-05-04 15:44:25",
    "calendarYear": "2009",
    "period": "Q1",
    "revenue": 3023000000,
    "costOfRevenue": 0,
    "grossProfit": 3023000000,
    "grossProfitRatio": 1,
    "researchAndDevelopmentExpenses": 0,
    "generalAndAdministrativeExpenses": 0,
    "sellingAndMarketingExpenses": 0,
    "sellingGeneralAndAdministrativeExpenses": 0,
    "otherExpenses": 3023000000,
    "operatingExpenses": 3023000000,
    "costAndExpenses": 3023000000,
    "interestIncome": 0,
    "interestExpense": 94000000,
    "depreciationAndAmortization": 0,
    "ebitda": 0,
    "ebitdaratio": 0,
    "operatingIncome": 0,
    "operatingIncomeRatio": 0,
    "totalOtherIncomeExpensesNet": -868000000,
    "incomeBeforeTax": -868000000,
    "incomeBeforeTaxRatio": -0.2871319881,
    "incomeTaxExpense": -395000000,
    "netIncome": -647000000,
    "netIncomeRatio": -0.2140258022,
    "eps": -1.49,
    "epsdiluted": -1.49,
    "weightedAverageShsOut": 435120000,
    "weightedAverageShsOutDil": 435120000,
    "link": "https://www.sec.gov/Archives/edgar/data/60086/000006008609000020/0000060086-09-000020-index.htm",
    "finalLink": "https://www.sec.gov/Archives/edgar/data/60086/000006008609000020/form10q33109.htm"
  },
  {
    "date": "2008-12-31",
    "symbol": "L",
    "reportedCurrency": "USD",
    "cik": "0000060086",
    "fillingDate": "2009-02-25",
    "acceptedDate": "2009-02-25 13:00:30",
    "calendarYear": "2008",
    "period": "Q4",
    "revenue": 2743000000,
    "costOfRevenue": 0,
    "grossProfit": 2743000000,
    "grossProfitRatio": 1,
    "researchAndDevelopmentExpenses": 0,
    "generalAndAdministrativeExpenses": 0,
    "sellingAndMarketingExpenses": 0,
    "sellingGeneralAndAdministrativeExpenses": 0,
    "otherExpenses": 2743000000,
    "operatingExpenses": 2743000000,
    "costAndExpenses": 2743000000,
    "interestIncome": 0,
    "interestExpense": 0,
    "depreciationAndAmortization": 0,
    "ebitda": 576000000,
    "ebitdaratio": 0.2099890631,
    "operatingIncome": -1341000000,
    "operatingIncomeRatio": -0.4888807875,
    "totalOtherIncomeExpensesNet": 0,
    "incomeBeforeTax": -1341000000,
    "incomeBeforeTaxRatio": -0.4888807875,
    "incomeTaxExpense": -530000000,
    "netIncome": -958000000,
    "netIncomeRatio": -0.3492526431,
    "eps": -2.2,
    "epsdiluted": -2.2,
    "weightedAverageShsOut": 435350000,
    "weightedAverageShsOutDil": 435350000,
    "link": "https://www.sec.gov/Archives/edgar/data/60086/000006008609000008/0000060086-09-000008-index.htm",
    "finalLink": "https://www.sec.gov/Archives/edgar/data/60086/000006008609000008/form10k.htm"
  },
  {
    "date": "2008-09-30",
    "symbol": "L",
    "reportedCurrency": "USD",
    "cik": "0000060086",
    "fillingDate": "2008-10-29",
    "acceptedDate": "2008-10-29 17:15:04",
    "calendarYear": "2008",
    "period": "Q3",
    "revenue": 2970000000,
    "costOfRevenue": 0,
    "grossProfit": 2970000000,
    "grossProfitRatio": 1,
    "researchAndDevelopmentExpenses": 0,
    "generalAndAdministrativeExpenses": 0,
    "sellingAndMarketingExpenses": 0,
    "sellingGeneralAndAdministrativeExpenses": 0,
    "otherExpenses": 2970000000,
    "operatingExpenses": 2970000000,
    "costAndExpenses": 2970000000,
    "interestIncome": 0,
    "interestExpense": 82000000,
    "depreciationAndAmortization": 0,
    "ebitda": 0,
    "ebitdaratio": 0,
    "operatingIncome": 0,
    "operatingIncomeRatio": 0,
    "totalOtherIncomeExpensesNet": -41000000,
    "incomeBeforeTax": -41000000,
    "incomeBeforeTaxRatio": -0.0138047138,
    "incomeTaxExpense": -56000000,
    "netIncome": -137000000,
    "netIncomeRatio": -0.0461279461,
    "eps": -0.31,
    "epsdiluted": -0.31,
    "weightedAverageShsOut": 436320000,
    "weightedAverageShsOutDil": 436320000,
    "link": "https://www.sec.gov/Archives/edgar/data/60086/000006008608000064/0000060086-08-000064-index.htm",
    "finalLink": "https://www.sec.gov/Archives/edgar/data/60086/000006008608000064/form10q.htm"
  },
  {
    "date": "2008-06-30",
    "symbol": "L",
    "reportedCurrency": "USD",
    "cik": "0000060086",
    "fillingDate": "2008-07-30",
    "acceptedDate": "2008-07-30 11:13:38",
    "calendarYear": "2008",
    "period": "Q2",
    "revenue": 3922000000,
    "costOfRevenue": 0,
    "grossProfit": 3922000000,
    "grossProfitRatio": 1,
    "researchAndDevelopmentExpenses": 0,
    "generalAndAdministrativeExpenses": 0,
    "sellingAndMarketingExpenses": 0,
    "sellingGeneralAndAdministrativeExpenses": 0,
    "otherExpenses": 3922000000,
    "operatingExpenses": 3922000000,
    "costAndExpenses": 3922000000,
    "interestIncome": 0,
    "interestExpense": 88000000,
    "depreciationAndAmortization": 1866000000,
    "ebitda": 3061000000,
    "ebitdaratio": 0.7804691484,
    "operatingIncome": 0,
    "operatingIncomeRatio": 0,
    "totalOtherIncomeExpensesNet": 1107000000,
    "incomeBeforeTax": 1107000000,
    "incomeBeforeTaxRatio": 0.2822539521,
    "incomeTaxExpense": 340000000,
    "netIncome": 4963000000,
    "netIncomeRatio": 1.2654258032,
    "eps": 9.56,
    "epsdiluted": 9.54,
    "weightedAverageShsOut": 508160000,
    "weightedAverageShsOutDil": 509430000,
    "link": "https://www.sec.gov/Archives/edgar/data/60086/000006008608000055/0000060086-08-000055-index.htm",
    "finalLink": "https://www.sec.gov/Archives/edgar/data/60086/000006008608000055/form10q.htm"
  },
  {
    "date": "2008-03-31",
    "symbol": "L",
    "reportedCurrency": "USD",
    "cik": "0000060086",
    "fillingDate": "2008-04-30",
    "acceptedDate": "2008-04-30 11:17:33",
    "calendarYear": "2008",
    "period": "Q1",
    "revenue": 3612000000,
    "costOfRevenue": 0,
    "grossProfit": 3612000000,
    "grossProfitRatio": 1,
    "researchAndDevelopmentExpenses": 0,
    "generalAndAdministrativeExpenses": 0,
    "sellingAndMarketingExpenses": 0,
    "sellingGeneralAndAdministrativeExpenses": 0,
    "otherExpenses": 3612000000,
    "operatingExpenses": 3612000000,
    "costAndExpenses": 3612000000,
    "interestIncome": 0,
    "interestExpense": 89000000,
    "depreciationAndAmortization": 0,
    "ebitda": 0,
    "ebitdaratio": 0,
    "operatingIncome": -1984000000,
    "operatingIncomeRatio": -0.5492801772,
    "totalOtherIncomeExpensesNet": 2846000000,
    "incomeBeforeTax": 862000000,
    "incomeBeforeTaxRatio": 0.238648948,
    "incomeTaxExpense": 253000000,
    "netIncome": 662000000,
    "netIncomeRatio": 0.1832779623,
    "eps": 1.05,
    "epsdiluted": 1.05,
    "weightedAverageShsOut": 529700000,
    "weightedAverageShsOutDil": 530900000,
    "link": "https://www.sec.gov/Archives/edgar/data/60086/000006008608000042/0000060086-08-000042-index.htm",
    "finalLink": "https://www.sec.gov/Archives/edgar/data/60086/000006008608000042/form10q.htm"
  },
  {
    "date": "2007-12-31",
    "symbol": "L",
    "reportedCurrency": "USD",
    "cik": "0000060086",
    "fillingDate": "2008-02-27",
    "acceptedDate": "2008-02-27 16:35:45",
    "calendarYear": "2007",
    "period": "Q4",
    "revenue": 4429700000,
    "costOfRevenue": 0,
    "grossProfit": 4429700000,
    "grossProfitRatio": 1,
    "researchAndDevelopmentExpenses": 0,
    "generalAndAdministrativeExpenses": 0,
    "sellingAndMarketingExpenses": 0,
    "sellingGeneralAndAdministrativeExpenses": 0,
    "otherExpenses": 4429700000,
    "operatingExpenses": 4429700000,
    "costAndExpenses": 4429700000,
    "interestIncome": 0,
    "interestExpense": 84100000,
    "depreciationAndAmortization": 0,
    "ebitda": 0,
    "ebitdaratio": 0,
    "operatingIncome": -1813200000,
    "operatingIncomeRatio": -0.4093279455,
    "totalOtherIncomeExpensesNet": 2747000000,
    "incomeBeforeTax": 933800000,
    "incomeBeforeTaxRatio": 0.2108043434,
    "incomeTaxExpense": -305800000,
    "netIncome": 511600000,
    "netIncomeRatio": 0.1154931485,
    "eps": 0.73,
    "epsdiluted": 0.73,
    "weightedAverageShsOut": 529570000,
    "weightedAverageShsOutDil": 530870000,
    "link": "https://www.sec.gov/Archives/edgar/data/60086/000006008608000018/0000060086-08-000018-index.htm",
    "finalLink": "https://www.sec.gov/Archives/edgar/data/60086/000006008608000018/form10k.htm"
  },
  {
    "date": "2007-09-30",
    "symbol": "L",
    "reportedCurrency": "USD",
    "cik": "0000060086",
    "fillingDate": "2007-10-31",
    "acceptedDate": "2007-10-31 16:10:18",
    "calendarYear": "2007",
    "period": "Q3",
    "revenue": 4653300000,
    "costOfRevenue": 65800000,
    "grossProfit": 4587500000,
    "grossProfitRatio": 0.9858594976,
    "researchAndDevelopmentExpenses": 0,
    "generalAndAdministrativeExpenses": 0,
    "sellingAndMarketingExpenses": 0,
    "sellingGeneralAndAdministrativeExpenses": 0,
    "otherExpenses": 3525000000,
    "operatingExpenses": 3525000000,
    "costAndExpenses": 3525000000,
    "interestIncome": 0,
    "interestExpense": 82200000,
    "depreciationAndAmortization": 0,
    "ebitda": 0,
    "ebitdaratio": 0,
    "operatingIncome": 0,
    "operatingIncomeRatio": 0,
    "totalOtherIncomeExpensesNet": 638000000,
    "incomeBeforeTax": 638000000,
    "incomeBeforeTaxRatio": 0.1371069993,
    "incomeTaxExpense": 182000000,
    "netIncome": 555000000,
    "netIncomeRatio": 0.1192701953,
    "eps": 1.04,
    "epsdiluted": 1.04,
    "weightedAverageShsOut": 531860000,
    "weightedAverageShsOutDil": 533190000,
    "link": "https://www.sec.gov/Archives/edgar/data/60086/000006008607000042/0000060086-07-000042-index.htm",
    "finalLink": "https://www.sec.gov/Archives/edgar/data/60086/000006008607000042/form10q.htm"
  },
  {
    "date": "2007-06-30",
    "symbol": "L",
    "reportedCurrency": "USD",
    "cik": "0000060086",
    "fillingDate": "2007-08-01",
    "acceptedDate": "2007-08-01 17:27:43",
    "calendarYear": "2007",
    "period": "Q2",
    "revenue": 4637300000,
    "costOfRevenue": 46700000,
    "grossProfit": 4590600000,
    "grossProfitRatio": 0.9899294848,
    "researchAndDevelopmentExpenses": 0,
    "generalAndAdministrativeExpenses": 0,
    "sellingAndMarketingExpenses": 0,
    "sellingGeneralAndAdministrativeExpenses": 0,
    "otherExpenses": 2670000000,
    "operatingExpenses": 2670000000,
    "costAndExpenses": 2670000000,
    "interestIncome": 0,
    "interestExpense": 71000000,
    "depreciationAndAmortization": -1791600000,
    "ebitda": -873600000,
    "ebitdaratio": -0.1883854829,
    "operatingIncome": 847000000,
    "operatingIncomeRatio": 0.1826493865,
    "totalOtherIncomeExpensesNet": 0,
    "incomeBeforeTax": 108700000,
    "incomeBeforeTaxRatio": 0.023440364,
    "incomeTaxExpense": -256000000,
    "netIncome": 654000000,
    "netIncomeRatio": 0.1410303409,
    "eps": 0.95,
    "epsdiluted": 0.95,
    "weightedAverageShsOut": 536300000,
    "weightedAverageShsOutDil": 537500000,
    "link": "https://www.sec.gov/Archives/edgar/data/60086/000006008607000032/0000060086-07-000032-index.htm",
    "finalLink": "https://www.sec.gov/Archives/edgar/data/60086/000006008607000032/form10-q.htm"
  },
  {
    "date": "2007-03-31",
    "symbol": "L",
    "reportedCurrency": "USD",
    "cik": "0000060086",
    "fillingDate": "2007-05-01",
    "acceptedDate": "2007-04-30 17:38:37",
    "calendarYear": "2007",
    "period": "Q1",
    "revenue": 4613000000,
    "costOfRevenue": 0,
    "grossProfit": 4613000000,
    "grossProfitRatio": 1,
    "researchAndDevelopmentExpenses": 0,
    "generalAndAdministrativeExpenses": 0,
    "sellingAndMarketingExpenses": 0,
    "sellingGeneralAndAdministrativeExpenses": 0,
    "otherExpenses": 4613000000,
    "operatingExpenses": 4613000000,
    "costAndExpenses": 4613000000,
    "interestIncome": 0,
    "interestExpense": 78000000,
    "depreciationAndAmortization": -2289700000,
    "ebitda": -829700000,
    "ebitdaratio": -0.1798612617,
    "operatingIncome": 0,
    "operatingIncomeRatio": 0,
    "totalOtherIncomeExpensesNet": 1382000000,
    "incomeBeforeTax": 1382000000,
    "incomeBeforeTaxRatio": 0.2995881205,
    "incomeTaxExpense": 455300000,
    "netIncome": 768000000,
    "netIncomeRatio": 0.1664860178,
    "eps": 1.2,
    "epsdiluted": 1.2,
    "weightedAverageShsOut": 541520000,
    "weightedAverageShsOutDil": 542560000,
    "link": "https://www.sec.gov/Archives/edgar/data/60086/000006008607000023/0000060086-07-000023-index.htm",
    "finalLink": "https://www.sec.gov/Archives/edgar/data/60086/000006008607000023/form10-q.htm"
  },
  {
    "date": "2007-02-23",
    "symbol": "L",
    "reportedCurrency": "USD",
    "cik": "0000060086",
    "fillingDate": "2007-02-26",
    "acceptedDate": "2007-02-23 17:39:13",
    "calendarYear": "2006",
    "period": "Q4",
    "revenue": 4882000000,
    "costOfRevenue": 0,
    "grossProfit": 4882000000,
    "grossProfitRatio": 1,
    "researchAndDevelopmentExpenses": 0,
    "generalAndAdministrativeExpenses": 0,
    "sellingAndMarketingExpenses": 0,
    "sellingGeneralAndAdministrativeExpenses": 0,
    "otherExpenses": 4882000000,
    "operatingExpenses": 4882000000,
    "costAndExpenses": 4882000000,
    "interestIncome": 0,
    "interestExpense": 80100000,
    "depreciationAndAmortization": -2224200000,
    "ebitda": -794800000,
    "ebitdaratio": -0.1628021303,
    "operatingIncome": 0,
    "operatingIncomeRatio": 0,
    "totalOtherIncomeExpensesNet": 1349300000,
    "incomeBeforeTax": 1349300000,
    "incomeBeforeTaxRatio": 0.2763826301,
    "incomeTaxExpense": 415700000,
    "netIncome": 746500000,
    "netIncomeRatio": 0.152908644,
    "eps": 1.11,
    "epsdiluted": 1.11,
    "weightedAverageShsOut": 547370000,
    "weightedAverageShsOutDil": 548380000,
    "link": "https://www.sec.gov/Archives/edgar/data/60086/000006008607000015/0000060086-07-000015-index.htm",
    "finalLink": "https://www.sec.gov/Archives/edgar/data/60086/000006008607000015/form10-k.htm"
  },
  {
    "date": "2006-09-30",
    "symbol": "L",
    "reportedCurrency": "USD",
    "cik": "0000060086",
    "fillingDate": "2006-11-08",
    "acceptedDate": "2006-11-08 13:49:24",
    "calendarYear": "2006",
    "period": "Q3",
    "revenue": 4507200000,
    "costOfRevenue": 60000000,
    "grossProfit": 4447200000,
    "grossProfitRatio": 0.9866879659,
    "researchAndDevelopmentExpenses": 0,
    "generalAndAdministrativeExpenses": 0,
    "sellingAndMarketingExpenses": 0,
    "sellingGeneralAndAdministrativeExpenses": 0,
    "otherExpenses": 4507200000,
    "operatingExpenses": 4507200000,
    "costAndExpenses": 4507200000,
    "interestIncome": 0,
    "interestExpense": 78700000,
    "depreciationAndAmortization": -2036200000,
    "ebitda": -842100000,
    "ebitdaratio": -0.1868343983,
    "operatingIncome": 1115400000,
    "operatingIncomeRatio": 0.2474707135,
    "totalOtherIncomeExpensesNet": 0,
    "incomeBeforeTax": 42400000,
    "incomeBeforeTaxRatio": 0.0094071707,
    "incomeTaxExpense": -363600000,
    "netIncome": 635100000,
    "netIncomeRatio": 0.1409078807,
    "eps": 0.94,
    "epsdiluted": 0.94,
    "weightedAverageShsOut": 550590000,
    "weightedAverageShsOutDil": 551440000,
    "link": "https://www.sec.gov/Archives/edgar/data/60086/000006008606000074/0000060086-06-000074-index.htm",
    "finalLink": "https://www.sec.gov/Archives/edgar/data/60086/000006008606000074/form10-q.htm"
  },
  {
    "date": "2006-06-30",
    "symbol": "L",
    "reportedCurrency": "USD",
    "cik": "0000060086",
    "fillingDate": "2006-08-01",
    "acceptedDate": "2006-08-01 14:00:02",
    "calendarYear": "2006",
    "period": "Q2",
    "revenue": 4277300000,
    "costOfRevenue": 53100000,
    "grossProfit": 4224200000,
    "grossProfitRatio": 0.9875856264,
    "researchAndDevelopmentExpenses": 0,
    "generalAndAdministrativeExpenses": 0,
    "sellingAndMarketingExpenses": 0,
    "sellingGeneralAndAdministrativeExpenses": 0,
    "otherExpenses": 4277300000,
    "operatingExpenses": 4277300000,
    "costAndExpenses": 4277300000,
    "interestIncome": 0,
    "interestExpense": 70700000,
    "depreciationAndAmortization": -2025300000,
    "ebitda": -931800000,
    "ebitdaratio": -0.2178477077,
    "operatingIncome": 0,
    "operatingIncomeRatio": 0,
    "totalOtherIncomeExpensesNet": 1022800000,
    "incomeBeforeTax": 1022800000,
    "incomeBeforeTaxRatio": 0.2391228111,
    "incomeTaxExpense": 337200000,
    "netIncome": 568700000,
    "netIncomeRatio": 0.132957707,
    "eps": 0.86,
    "epsdiluted": 0.85,
    "weightedAverageShsOut": 555370000,
    "weightedAverageShsOutDil": 556160000,
    "link": "https://www.sec.gov/Archives/edgar/data/60086/000006008606000060/0000060086-06-000060-index.htm",
    "finalLink": "https://www.sec.gov/Archives/edgar/data/60086/000006008606000060/form10q.htm"
  },
  {
    "date": "2006-03-31",
    "symbol": "L",
    "reportedCurrency": "USD",
    "cik": "0000060086",
    "fillingDate": "2006-03-31",
    "acceptedDate": "2006-03-31 00:00:00",
    "calendarYear": "2006",
    "period": "Q1",
    "revenue": 4244500000,
    "costOfRevenue": 0,
    "grossProfit": 4244500000,
    "grossProfitRatio": 1,
    "researchAndDevelopmentExpenses": 0,
    "generalAndAdministrativeExpenses": 0,
    "sellingAndMarketingExpenses": 0,
    "sellingGeneralAndAdministrativeExpenses": 0,
    "otherExpenses": 4244500000,
    "operatingExpenses": 4244500000,
    "costAndExpenses": 4244500000,
    "interestIncome": 0,
    "interestExpense": 74600000,
    "depreciationAndAmortization": 0,
    "ebitda": 0,
    "ebitdaratio": 0,
    "operatingIncome": 0,
    "operatingIncomeRatio": 0,
    "totalOtherIncomeExpensesNet": 984600000,
    "incomeBeforeTax": 984600000,
    "incomeBeforeTaxRatio": 0.2319707857,
    "incomeTaxExpense": 334200000,
    "netIncome": 541000000,
    "netIncomeRatio": 0.1274590647,
    "eps": 0.85,
    "epsdiluted": 0.85,
    "weightedAverageShsOut": 557470000,
    "weightedAverageShsOutDil": 558240000,
    "link": null,
    "finalLink": null
  },
  {
    "date": "2005-12-31",
    "symbol": "L",
    "reportedCurrency": "USD",
    "cik": "0000060086",
    "fillingDate": "2006-03-10",
    "acceptedDate": "2006-03-09 20:29:19",
    "calendarYear": "2005",
    "period": "Q4",
    "revenue": 4108000000,
    "costOfRevenue": 0,
    "grossProfit": 4108000000,
    "grossProfitRatio": 1,
    "researchAndDevelopmentExpenses": 0,
    "generalAndAdministrativeExpenses": 0,
    "sellingAndMarketingExpenses": 0,
    "sellingGeneralAndAdministrativeExpenses": 0,
    "otherExpenses": 4108000000,
    "operatingExpenses": 4108000000,
    "costAndExpenses": 4108000000,
    "interestIncome": 0,
    "interestExpense": 74700000,
    "depreciationAndAmortization": 0,
    "ebitda": 0,
    "ebitdaratio": 0,
    "operatingIncome": 0,
    "operatingIncomeRatio": 0,
    "totalOtherIncomeExpensesNet": 204700000,
    "incomeBeforeTax": 204700000,
    "incomeBeforeTaxRatio": 0.0498296008,
    "incomeTaxExpense": 43800000,
    "netIncome": 138100000,
    "netIncomeRatio": 0.033617332,
    "eps": 0.25,
    "epsdiluted": 0.25,
    "weightedAverageShsOut": 557430000,
    "weightedAverageShsOutDil": 558510000,
    "link": "https://www.sec.gov/Archives/edgar/data/60086/000006008606000024/0000060086-06-000024-index.htm",
    "finalLink": "https://www.sec.gov/Archives/edgar/data/60086/000006008606000024/body.htm"
  },
  {
    "date": "2005-09-30",
    "symbol": "L",
    "reportedCurrency": "USD",
    "cik": "0000060086",
    "fillingDate": "2005-10-28",
    "acceptedDate": "2005-10-28 15:29:57",
    "calendarYear": "2005",
    "period": "Q3",
    "revenue": 4137900000,
    "costOfRevenue": 763300000,
    "grossProfit": 3374600000,
    "grossProfitRatio": 0.8155344498,
    "researchAndDevelopmentExpenses": 0,
    "generalAndAdministrativeExpenses": 0,
    "sellingAndMarketingExpenses": 0,
    "sellingGeneralAndAdministrativeExpenses": 0,
    "otherExpenses": 3686700000,
    "operatingExpenses": 3686700000,
    "costAndExpenses": 4137900000,
    "interestIncome": 0,
    "interestExpense": 73900000,
    "depreciationAndAmortization": 0,
    "ebitda": 0,
    "ebitdaratio": 0,
    "operatingIncome": -1191800000,
    "operatingIncomeRatio": -0.2880204935,
    "totalOtherIncomeExpensesNet": 1643000000,
    "incomeBeforeTax": 451200000,
    "incomeBeforeTaxRatio": 0.1090408178,
    "incomeTaxExpense": 104600000,
    "netIncome": 302200000,
    "netIncomeRatio": 0.0730322144,
    "eps": 0.42,
    "epsdiluted": 0.42,
    "weightedAverageShsOut": 557160000,
    "weightedAverageShsOutDil": 558100000,
    "link": "https://www.sec.gov/Archives/edgar/data/60086/000006008605000053/0000060086-05-000053-index.htm",
    "finalLink": "https://www.sec.gov/Archives/edgar/data/60086/000006008605000053/body.htm"
  },
  {
    "date": "2005-06-30",
    "symbol": "L",
    "reportedCurrency": "USD",
    "cik": "0000060086",
    "fillingDate": "2005-07-29",
    "acceptedDate": "2005-07-29 16:58:51",
    "calendarYear": "2005",
    "period": "Q2",
    "revenue": 4030700000,
    "costOfRevenue": 755800000,
    "grossProfit": 3274900000,
    "grossProfitRatio": 0.8124891458,
    "researchAndDevelopmentExpenses": 0,
    "generalAndAdministrativeExpenses": 0,
    "sellingAndMarketingExpenses": 0,
    "sellingGeneralAndAdministrativeExpenses": 0,
    "otherExpenses": 3392000000,
    "operatingExpenses": 3392000000,
    "costAndExpenses": 4030700000,
    "interestIncome": 0,
    "interestExpense": 85800000,
    "depreciationAndAmortization": 0,
    "ebitda": 0,
    "ebitdaratio": 0,
    "operatingIncome": -1081700000,
    "operatingIncomeRatio": -0.2683652964,
    "totalOtherIncomeExpensesNet": 1720400000,
    "incomeBeforeTax": 638700000,
    "incomeBeforeTaxRatio": 0.1584588285,
    "incomeTaxExpense": 164700000,
    "netIncome": 435600000,
    "netIncomeRatio": 0.1080705585,
    "eps": 0.68,
    "epsdiluted": 0.68,
    "weightedAverageShsOut": 556960000,
    "weightedAverageShsOutDil": 557700000,
    "link": "https://www.sec.gov/Archives/edgar/data/60086/000006008605000044/0000060086-05-000044-index.htm",
    "finalLink": "https://www.sec.gov/Archives/edgar/data/60086/000006008605000044/body.htm"
  },
  {
    "date": "2005-03-31",
    "symbol": "L",
    "reportedCurrency": "USD",
    "cik": "0000060086",
    "fillingDate": "2005-05-10",
    "acceptedDate": "2005-05-10 17:19:54",
    "calendarYear": "2005",
    "period": "Q1",
    "revenue": 3741200000,
    "costOfRevenue": 0,
    "grossProfit": 3741200000,
    "grossProfitRatio": 1,
    "researchAndDevelopmentExpenses": 0,
    "generalAndAdministrativeExpenses": 0,
    "sellingAndMarketingExpenses": 0,
    "sellingGeneralAndAdministrativeExpenses": 0,
    "otherExpenses": 3741200000,
    "operatingExpenses": 3741200000,
    "costAndExpenses": 3741200000,
    "interestIncome": 0,
    "interestExpense": 129800000,
    "depreciationAndAmortization": 0,
    "ebitda": 0,
    "ebitdaratio": 0,
    "operatingIncome": 0,
    "operatingIncomeRatio": 0,
    "totalOtherIncomeExpensesNet": 551900000,
    "incomeBeforeTax": 551900000,
    "incomeBeforeTaxRatio": 0.1475195125,
    "incomeTaxExpense": 212200000,
    "netIncome": 346300000,
    "netIncomeRatio": 0.0925638832,
    "eps": 0.54,
    "epsdiluted": 0.54,
    "weightedAverageShsOut": 556830000,
    "weightedAverageShsOutDil": 557520000,
    "link": "https://www.sec.gov/Archives/edgar/data/60086/000006008605000036/0000060086-05-000036-index.htm",
    "finalLink": "https://www.sec.gov/Archives/edgar/data/60086/000006008605000036/body.htm"
  },
  {
    "date": "2004-12-31",
    "symbol": "L",
    "reportedCurrency": "USD",
    "cik": "0000060086",
    "fillingDate": "2005-03-03",
    "acceptedDate": "2005-03-02 20:26:26",
    "calendarYear": "2004",
    "period": "Q4",
    "revenue": 4051200000,
    "costOfRevenue": 0,
    "grossProfit": 4051200000,
    "grossProfitRatio": 1,
    "researchAndDevelopmentExpenses": 0,
    "generalAndAdministrativeExpenses": 0,
    "sellingAndMarketingExpenses": 0,
    "sellingGeneralAndAdministrativeExpenses": 0,
    "otherExpenses": 4051200000,
    "operatingExpenses": 4051200000,
    "costAndExpenses": 4051200000,
    "interestIncome": 0,
    "interestExpense": 78200000,
    "depreciationAndAmortization": 0,
    "ebitda": 0,
    "ebitdaratio": 0,
    "operatingIncome": -627600000,
    "operatingIncomeRatio": -0.1549170616,
    "totalOtherIncomeExpensesNet": 1413000000,
    "incomeBeforeTax": 785400000,
    "incomeBeforeTaxRatio": 0.1938684834,
    "incomeTaxExpense": 244400000,
    "netIncome": 502800000,
    "netIncomeRatio": 0.1241113744,
    "eps": 0.79,
    "epsdiluted": 0.79,
    "weightedAverageShsOut": 556680000,
    "weightedAverageShsOutDil": 556680000,
    "link": "https://www.sec.gov/Archives/edgar/data/60086/000006008605000022/0000060086-05-000022-index.htm",
    "finalLink": "https://www.sec.gov/Archives/edgar/data/60086/000006008605000022/lc_bodytwo.htm"
  },
  {
    "date": "2004-09-30",
    "symbol": "L",
    "reportedCurrency": "USD",
    "cik": "0000060086",
    "fillingDate": "2004-11-01",
    "acceptedDate": "2004-11-01 16:59:18",
    "calendarYear": "2004",
    "period": "Q3",
    "revenue": 3785400000,
    "costOfRevenue": 0,
    "grossProfit": 3785400000,
    "grossProfitRatio": 1,
    "researchAndDevelopmentExpenses": 0,
    "generalAndAdministrativeExpenses": 0,
    "sellingAndMarketingExpenses": 0,
    "sellingGeneralAndAdministrativeExpenses": 0,
    "otherExpenses": 3786700000,
    "operatingExpenses": 3786700000,
    "costAndExpenses": 3786700000,
    "interestIncome": 0,
    "interestExpense": 73300000,
    "depreciationAndAmortization": 0,
    "ebitda": 0,
    "ebitdaratio": 0,
    "operatingIncome": 0,
    "operatingIncomeRatio": 0,
    "totalOtherIncomeExpensesNet": 404000000,
    "incomeBeforeTax": 404000000,
    "incomeBeforeTaxRatio": 0.1067258414,
    "incomeTaxExpense": 121400000,
    "netIncome": 278500000,
    "netIncomeRatio": 0.0735721456,
    "eps": 0.4,
    "epsdiluted": 0.4,
    "weightedAverageShsOut": 556470000,
    "weightedAverageShsOutDil": 556860000,
    "link": "https://www.sec.gov/Archives/edgar/data/60086/000006008604000034/0000060086-04-000034-index.htm",
    "finalLink": "https://www.sec.gov/Archives/edgar/data/60086/000006008604000034/qtxt.txt"
  },
  {
    "date": "2004-06-30",
    "symbol": "L",
    "reportedCurrency": "USD",
    "cik": "0000060086",
    "fillingDate": "2004-08-03",
    "acceptedDate": "2004-08-02 18:00:34",
    "calendarYear": "2004",
    "period": "Q2",
    "revenue": 3914500000,
    "costOfRevenue": 0,
    "grossProfit": 3914500000,
    "grossProfitRatio": 1,
    "researchAndDevelopmentExpenses": 0,
    "generalAndAdministrativeExpenses": 0,
    "sellingAndMarketingExpenses": 0,
    "sellingGeneralAndAdministrativeExpenses": 0,
    "otherExpenses": 3915700000,
    "operatingExpenses": 3915700000,
    "costAndExpenses": 3915700000,
    "interestIncome": 0,
    "interestExpense": 73500000,
    "depreciationAndAmortization": 0,
    "ebitda": 0,
    "ebitdaratio": 0,
    "operatingIncome": 0,
    "operatingIncomeRatio": 0,
    "totalOtherIncomeExpensesNet": 561300000,
    "incomeBeforeTax": 561300000,
    "incomeBeforeTaxRatio": 0.1433899604,
    "incomeTaxExpense": 125000000,
    "netIncome": 410500000,
    "netIncomeRatio": 0.1048665219,
    "eps": 0.66,
    "epsdiluted": 0.66,
    "weightedAverageShsOut": 556470000,
    "weightedAverageShsOutDil": 556890000,
    "link": "https://www.sec.gov/Archives/edgar/data/60086/000006008604000029/0000060086-04-000029-index.htm",
    "finalLink": "https://www.sec.gov/Archives/edgar/data/60086/000006008604000029/q.txt"
  },
  {
    "date": "2004-03-31",
    "symbol": "L",
    "reportedCurrency": "USD",
    "cik": "0000060086",
    "fillingDate": "2004-04-30",
    "acceptedDate": "2004-04-30 17:04:40",
    "calendarYear": "2004",
    "period": "Q1",
    "revenue": 3491200000,
    "costOfRevenue": 0,
    "grossProfit": 3491200000,
    "grossProfitRatio": 1,
    "researchAndDevelopmentExpenses": 0,
    "generalAndAdministrativeExpenses": 0,
    "sellingAndMarketingExpenses": 0,
    "sellingGeneralAndAdministrativeExpenses": 0,
    "otherExpenses": 3493300000,
    "operatingExpenses": 3493300000,
    "costAndExpenses": 3493300000,
    "interestIncome": 0,
    "interestExpense": 99100000,
    "depreciationAndAmortization": 0,
    "ebitda": 0,
    "ebitdaratio": 0,
    "operatingIncome": -1235200000,
    "operatingIncomeRatio": -0.3538038497,
    "totalOtherIncomeExpensesNet": 1324200000,
    "incomeBeforeTax": 89000000,
    "incomeBeforeTaxRatio": 0.0254926673,
    "incomeTaxExpense": 46200000,
    "netIncome": 44900000,
    "netIncomeRatio": 0.0128609074,
    "eps": 0.02,
    "epsdiluted": 0.02,
    "weightedAverageShsOut": 556410000,
    "weightedAverageShsOutDil": 556410000,
    "link": "https://www.sec.gov/Archives/edgar/data/60086/000006008604000023/0000060086-04-000023-index.htm",
    "finalLink": "https://www.sec.gov/Archives/edgar/data/60086/000006008604000023/qtxtmar.txt"
  },
  {
    "date": "2003-12-31",
    "symbol": "L",
    "reportedCurrency": "USD",
    "cik": "0000060086",
    "fillingDate": "2004-03-01",
    "acceptedDate": "2004-02-27 20:36:01",
    "calendarYear": "2003",
    "period": "Q4",
    "revenue": 4335700000,
    "costOfRevenue": 0,
    "grossProfit": 4335700000,
    "grossProfitRatio": 1,
    "researchAndDevelopmentExpenses": 0,
    "generalAndAdministrativeExpenses": 0,
    "sellingAndMarketingExpenses": 0,
    "sellingGeneralAndAdministrativeExpenses": 0,
    "otherExpenses": 4335700000,
    "operatingExpenses": 4335700000,
    "costAndExpenses": 4335700000,
    "interestIncome": 0,
    "interestExpense": 78100000,
    "depreciationAndAmortization": 0,
    "ebitda": 0,
    "ebitdaratio": 0,
    "operatingIncome": -722700000,
    "operatingIncomeRatio": -0.1666858869,
    "totalOtherIncomeExpensesNet": 1309900000,
    "incomeBeforeTax": 587200000,
    "incomeBeforeTaxRatio": 0.1354337247,
    "incomeTaxExpense": 201200000,
    "netIncome": 367400000,
    "netIncomeRatio": 0.0847383352,
    "eps": 0.62,
    "epsdiluted": 0.66,
    "weightedAverageShsOut": 556350000,
    "weightedAverageShsOutDil": 556350000,
    "link": "https://www.sec.gov/Archives/edgar/data/60086/000006008604000013/0000060086-04-000013-index.htm",
    "finalLink": "https://www.sec.gov/Archives/edgar/data/60086/000006008604000013/loewsk.txt"
  },
  {
    "date": "2003-09-30",
    "symbol": "L",
    "reportedCurrency": "USD",
    "cik": "0000060086",
    "fillingDate": "2003-09-30",
    "acceptedDate": "2003-09-30 00:00:00",
    "calendarYear": "2003",
    "period": "Q3",
    "revenue": 3940000000,
    "costOfRevenue": 0,
    "grossProfit": 3940000000,
    "grossProfitRatio": 1,
    "researchAndDevelopmentExpenses": 0,
    "generalAndAdministrativeExpenses": 0,
    "sellingAndMarketingExpenses": 0,
    "sellingGeneralAndAdministrativeExpenses": 0,
    "otherExpenses": 3940000000,
    "operatingExpenses": 3940000000,
    "costAndExpenses": 3940000000,
    "interestIncome": 0,
    "interestExpense": 80900000,
    "depreciationAndAmortization": -1091500000,
    "ebitda": -3561200000,
    "ebitdaratio": -0.903857868,
    "operatingIncome": 0,
    "operatingIncomeRatio": 0,
    "totalOtherIncomeExpensesNet": -2550600000,
    "incomeBeforeTax": -2550600000,
    "incomeBeforeTaxRatio": -0.6473604061,
    "incomeTaxExpense": -916400000,
    "netIncome": -1382900000,
    "netIncomeRatio": -0.3509898477,
    "eps": -2.49,
    "epsdiluted": -2.49,
    "weightedAverageShsOut": 556350000,
    "weightedAverageShsOutDil": 556350000,
    "link": null,
    "finalLink": null
  },
  {
    "date": "2003-06-30",
    "symbol": "L",
    "reportedCurrency": "USD",
    "cik": "0000060086",
    "fillingDate": "2003-08-08",
    "acceptedDate": "2003-08-08 17:01:29",
    "calendarYear": "2003",
    "period": "Q2",
    "revenue": 4250300000,
    "costOfRevenue": 0,
    "grossProfit": 4250300000,
    "grossProfitRatio": 1,
    "researchAndDevelopmentExpenses": 0,
    "generalAndAdministrativeExpenses": 0,
    "sellingAndMarketingExpenses": 0,
    "sellingGeneralAndAdministrativeExpenses": 0,
    "otherExpenses": 4239500000,
    "operatingExpenses": 4239500000,
    "costAndExpenses": 4239500000,
    "interestIncome": 0,
    "interestExpense": 75700000,
    "depreciationAndAmortization": 0,
    "ebitda": 0,
    "ebitdaratio": 0,
    "operatingIncome": 0,
    "operatingIncomeRatio": 0,
    "totalOtherIncomeExpensesNet": 302600000,
    "incomeBeforeTax": 302600000,
    "incomeBeforeTaxRatio": 0.0711949745,
    "incomeTaxExpense": 87900000,
    "netIncome": 214800000,
    "netIncomeRatio": 0.0505376091,
    "eps": 0.34,
    "epsdiluted": 0.34,
    "weightedAverageShsOut": 556350000,
    "weightedAverageShsOutDil": 556350000,
    "link": "https://www.sec.gov/Archives/edgar/data/60086/000006008603000032/0000060086-03-000032-index.htm",
    "finalLink": "https://www.sec.gov/Archives/edgar/data/60086/000006008603000032/lcq.txt"
  },
  {
    "date": "2003-03-31",
    "symbol": "L",
    "reportedCurrency": "USD",
    "cik": "0000060086",
    "fillingDate": "2003-05-09",
    "acceptedDate": "2003-05-09 17:05:06",
    "calendarYear": "2003",
    "period": "Q1",
    "revenue": 3949200000,
    "costOfRevenue": 0,
    "grossProfit": 3949200000,
    "grossProfitRatio": 1,
    "researchAndDevelopmentExpenses": 0,
    "generalAndAdministrativeExpenses": 0,
    "sellingAndMarketingExpenses": 0,
    "sellingGeneralAndAdministrativeExpenses": 0,
    "otherExpenses": 3945800000,
    "operatingExpenses": 3945800000,
    "costAndExpenses": 3945800000,
    "interestIncome": 0,
    "interestExpense": 73700000,
    "depreciationAndAmortization": 0,
    "ebitda": 0,
    "ebitdaratio": 0,
    "operatingIncome": -1286100000,
    "operatingIncomeRatio": -0.3256608933,
    "totalOtherIncomeExpensesNet": 1569000000,
    "incomeBeforeTax": 282900000,
    "incomeBeforeTaxRatio": 0.0716347615,
    "incomeTaxExpense": 92900000,
    "netIncome": 190000000,
    "netIncomeRatio": 0.0481110098,
    "eps": 0.29,
    "epsdiluted": 0.29,
    "weightedAverageShsOut": 556350000,
    "weightedAverageShsOutDil": 556350000,
    "link": "https://www.sec.gov/Archives/edgar/data/60086/000006008603000024/0000060086-03-000024-index.htm",
    "finalLink": "https://www.sec.gov/Archives/edgar/data/60086/000006008603000024/loewsq.txt"
  },
  {
    "date": "2002-12-31",
    "symbol": "L",
    "reportedCurrency": "USD",
    "cik": "0000060086",
    "fillingDate": "2003-03-27",
    "acceptedDate": "2003-03-26 21:27:27",
    "calendarYear": "2002",
    "period": "Q4",
    "revenue": 3982900000,
    "costOfRevenue": 0,
    "grossProfit": 3982900000,
    "grossProfitRatio": 1,
    "researchAndDevelopmentExpenses": 0,
    "generalAndAdministrativeExpenses": 0,
    "sellingAndMarketingExpenses": 0,
    "sellingGeneralAndAdministrativeExpenses": 0,
    "otherExpenses": 3982900000,
    "operatingExpenses": 3982900000,
    "costAndExpenses": 3982900000,
    "interestIncome": 0,
    "interestExpense": 77800000,
    "depreciationAndAmortization": -2632300000,
    "ebitda": -907400000,
    "ebitdaratio": -0.2278239474,
    "operatingIncome": -907400000,
    "operatingIncomeRatio": -0.2278239474,
    "totalOtherIncomeExpensesNet": 2554500000,
    "incomeBeforeTax": 1647100000,
    "incomeBeforeTaxRatio": 0.4135428959,
    "incomeTaxExpense": 128600000,
    "netIncome": 256400000,
    "netIncomeRatio": 0.064375204,
    "eps": 0.67,
    "epsdiluted": 0.66,
    "weightedAverageShsOut": 564930000,
    "weightedAverageShsOutDil": 564930000,
    "link": "https://www.sec.gov/Archives/edgar/data/60086/000006008603000017/0000060086-03-000017-index.htm",
    "finalLink": "https://www.sec.gov/Archives/edgar/data/60086/000006008603000017/completek.txt"
  },
  {
    "date": "2002-09-30",
    "symbol": "L",
    "reportedCurrency": "USD",
    "cik": "0000060086",
    "fillingDate": "2002-11-13",
    "acceptedDate": "2002-11-13 17:26:42",
    "calendarYear": "2002",
    "period": "Q3",
    "revenue": 4077500000,
    "costOfRevenue": 0,
    "grossProfit": 4077500000,
    "grossProfitRatio": 1,
    "researchAndDevelopmentExpenses": 0,
    "generalAndAdministrativeExpenses": 0,
    "sellingAndMarketingExpenses": 0,
    "sellingGeneralAndAdministrativeExpenses": 0,
    "otherExpenses": 4071300000,
    "operatingExpenses": 4071300000,
    "costAndExpenses": 4071300000,
    "interestIncome": 0,
    "interestExpense": 77100000,
    "depreciationAndAmortization": 0,
    "ebitda": 0,
    "ebitdaratio": 0,
    "operatingIncome": -994800000,
    "operatingIncomeRatio": -0.2439730227,
    "totalOtherIncomeExpensesNet": 1392800000,
    "incomeBeforeTax": 398000000,
    "incomeBeforeTaxRatio": 0.0976088289,
    "incomeTaxExpense": 157600000,
    "netIncome": 239100000,
    "netIncomeRatio": 0.0586388719,
    "eps": 0.35,
    "epsdiluted": 0.35,
    "weightedAverageShsOut": 557130000,
    "weightedAverageShsOutDil": 557130000,
    "link": "https://www.sec.gov/Archives/edgar/data/60086/000006008602000026/0000060086-02-000026-index.htm",
    "finalLink": "https://www.sec.gov/Archives/edgar/data/60086/000006008602000026/septq.txt"
  },
  {
    "date": "2002-06-30",
    "symbol": "L",
    "reportedCurrency": "USD",
    "cik": "0000060086",
    "fillingDate": "2002-08-13",
    "acceptedDate": "2002-08-13 17:12:11",
    "calendarYear": "2002",
    "period": "Q2",
    "revenue": 4648600000,
    "costOfRevenue": 0,
    "grossProfit": 4648600000,
    "grossProfitRatio": 1,
    "researchAndDevelopmentExpenses": 0,
    "generalAndAdministrativeExpenses": 0,
    "sellingAndMarketingExpenses": 0,
    "sellingGeneralAndAdministrativeExpenses": 0,
    "otherExpenses": 4651500000,
    "operatingExpenses": 4651500000,
    "costAndExpenses": 4651500000,
    "interestIncome": 0,
    "interestExpense": 78200000,
    "depreciationAndAmortization": 0,
    "ebitda": 0,
    "ebitdaratio": 0,
    "operatingIncome": -957000000,
    "operatingIncomeRatio": -0.2058684335,
    "totalOtherIncomeExpensesNet": 1283400000,
    "incomeBeforeTax": 326400000,
    "incomeBeforeTaxRatio": 0.0702146883,
    "incomeTaxExpense": 122600000,
    "netIncome": 198800000,
    "netIncomeRatio": 0.0427655638,
    "eps": 0.28,
    "epsdiluted": 0.28,
    "weightedAverageShsOut": 565135000,
    "weightedAverageShsOutDil": 565135000,
    "link": "https://www.sec.gov/Archives/edgar/data/60086/000006008602000019/0000060086-02-000019-index.htm",
    "finalLink": "https://www.sec.gov/Archives/edgar/data/60086/000006008602000019/jun02q.txt"
  },
  {
    "date": "2002-03-31",
    "symbol": "L",
    "reportedCurrency": "USD",
    "cik": "0000060086",
    "fillingDate": "2002-05-10",
    "acceptedDate": "2002-05-10 16:43:30",
    "calendarYear": "2002",
    "period": "Q1",
    "revenue": 4786400000,
    "costOfRevenue": 0,
    "grossProfit": 4786400000,
    "grossProfitRatio": 1,
    "researchAndDevelopmentExpenses": 0,
    "generalAndAdministrativeExpenses": 0,
    "sellingAndMarketingExpenses": 0,
    "sellingGeneralAndAdministrativeExpenses": 0,
    "otherExpenses": 4792300000,
    "operatingExpenses": 4792300000,
    "costAndExpenses": 4792300000,
    "interestIncome": 0,
    "interestExpense": 76500000,
    "depreciationAndAmortization": 0,
    "ebitda": 0,
    "ebitdaratio": 0,
    "operatingIncome": -1039300000,
    "operatingIncomeRatio": -0.2171360521,
    "totalOtherIncomeExpensesNet": 1463700000,
    "incomeBeforeTax": 424400000,
    "incomeBeforeTaxRatio": 0.0886678924,
    "incomeTaxExpense": 171200000,
    "netIncome": 212800000,
    "netIncomeRatio": 0.0444593014,
    "eps": 0.34,
    "epsdiluted": 0.34,
    "weightedAverageShsOut": 573844000,
    "weightedAverageShsOutDil": 573844000,
    "link": "https://www.sec.gov/Archives/edgar/data/60086/000006008602000013/0000060086-02-000013-index.htm",
    "finalLink": "https://www.sec.gov/Archives/edgar/data/60086/000006008602000013/marq.txt"
  },
  {
    "date": "2001-12-31",
    "symbol": "L",
    "reportedCurrency": "USD",
    "cik": "0000060086",
    "fillingDate": "2002-03-08",
    "acceptedDate": "2002-03-08 00:00:00",
    "calendarYear": "2001",
    "period": "Q4",
    "revenue": 5153800000,
    "costOfRevenue": 0,
    "grossProfit": 5153800000,
    "grossProfitRatio": 1,
    "researchAndDevelopmentExpenses": 0,
    "generalAndAdministrativeExpenses": 0,
    "sellingAndMarketingExpenses": 0,
    "sellingGeneralAndAdministrativeExpenses": 0,
    "otherExpenses": 5153800000,
    "operatingExpenses": 5153800000,
    "costAndExpenses": 5153800000,
    "interestIncome": 0,
    "interestExpense": 75900000,
    "depreciationAndAmortization": -1146200000,
    "ebitda": -1883400000,
    "ebitdaratio": -0.3654390935,
    "operatingIncome": 0,
    "operatingIncomeRatio": 0,
    "totalOtherIncomeExpensesNet": -813100000,
    "incomeBeforeTax": -813100000,
    "incomeBeforeTaxRatio": -0.1577670845,
    "incomeTaxExpense": -500400000,
    "netIncome": 188100000,
    "netIncomeRatio": 0.0364973418,
    "eps": 0.35,
    "epsdiluted": 0.35,
    "weightedAverageShsOut": 526709000,
    "weightedAverageShsOutDil": 577097000,
    "link": "https://www.sec.gov/Archives/edgar/data/60086/000006008602000008/0000060086-02-000008-index.htm",
    "finalLink": "https://www.sec.gov/Archives/edgar/data/60086/000006008602000008/lc01k.txt"
  },
  {
    "date": "2001-09-30",
    "symbol": "L",
    "reportedCurrency": "USD",
    "cik": "0000060086",
    "fillingDate": "2001-11-09",
    "acceptedDate": "2001-11-09 00:00:00",
    "calendarYear": "2001",
    "period": "Q3",
    "revenue": 4667400000,
    "costOfRevenue": 0,
    "grossProfit": 4667400000,
    "grossProfitRatio": 1,
    "researchAndDevelopmentExpenses": 0,
    "generalAndAdministrativeExpenses": 0,
    "sellingAndMarketingExpenses": 0,
    "sellingGeneralAndAdministrativeExpenses": 0,
    "otherExpenses": 4667400000,
    "operatingExpenses": 4667400000,
    "costAndExpenses": 4667400000,
    "interestIncome": 0,
    "interestExpense": 77100000,
    "depreciationAndAmortization": 0,
    "ebitda": 0,
    "ebitdaratio": 0,
    "operatingIncome": -1436100000,
    "operatingIncomeRatio": -0.3076873634,
    "totalOtherIncomeExpensesNet": 1715600000,
    "incomeBeforeTax": 279500000,
    "incomeBeforeTaxRatio": 0.0598834469,
    "incomeTaxExpense": 113700000,
    "netIncome": 165700000,
    "netIncomeRatio": 0.035501564,
    "eps": 0.28,
    "epsdiluted": 0.28,
    "weightedAverageShsOut": 586787000,
    "weightedAverageShsOutDil": 586787000,
    "link": "https://www.sec.gov/Archives/edgar/data/60086/000006008601500034/0000060086-01-500034-index.htm",
    "finalLink": "https://www.sec.gov/Archives/edgar/data/60086/000006008601500034/ltr3q01.txt"
  },
  {
    "date": "2001-06-30",
    "symbol": "L",
    "reportedCurrency": "USD",
    "cik": "0000060086",
    "fillingDate": "2001-08-14",
    "acceptedDate": "2001-08-14 00:00:00",
    "calendarYear": "2001",
    "period": "Q2",
    "revenue": 4140200000,
    "costOfRevenue": 0,
    "grossProfit": 4140200000,
    "grossProfitRatio": 1,
    "researchAndDevelopmentExpenses": 0,
    "generalAndAdministrativeExpenses": 0,
    "sellingAndMarketingExpenses": 0,
    "sellingGeneralAndAdministrativeExpenses": 0,
    "otherExpenses": 4140200000,
    "operatingExpenses": 4140200000,
    "costAndExpenses": 4140200000,
    "interestIncome": 0,
    "interestExpense": 92700000,
    "depreciationAndAmortization": 0,
    "ebitda": 0,
    "ebitdaratio": 0,
    "operatingIncome": -2304800000,
    "operatingIncomeRatio": -0.5566880827,
    "totalOtherIncomeExpensesNet": 1657000000,
    "incomeBeforeTax": -647800000,
    "incomeBeforeTaxRatio": -0.1564658712,
    "incomeTaxExpense": 767400000,
    "netIncome": -1415200000,
    "netIncomeRatio": -0.3418192358,
    "eps": -2.39,
    "epsdiluted": -2.39,
    "weightedAverageShsOut": 592312000,
    "weightedAverageShsOutDil": 592312000,
    "link": "https://www.sec.gov/Archives/edgar/data/60086/000006008601500016/0000060086-01-500016-index.htm",
    "finalLink": "https://www.sec.gov/Archives/edgar/data/60086/000006008601500016/junq.txt"
  },
  {
    "date": "2001-03-31",
    "symbol": "L",
    "reportedCurrency": "USD",
    "cik": "0000060086",
    "fillingDate": "2001-05-03",
    "acceptedDate": "2001-05-03 00:00:00",
    "calendarYear": "2001",
    "period": "Q1",
    "revenue": 4928900000,
    "costOfRevenue": 0,
    "grossProfit": 4928900000,
    "grossProfitRatio": 1,
    "researchAndDevelopmentExpenses": 0,
    "generalAndAdministrativeExpenses": 0,
    "sellingAndMarketingExpenses": 0,
    "sellingGeneralAndAdministrativeExpenses": 0,
    "otherExpenses": 4928900000,
    "operatingExpenses": 4928900000,
    "costAndExpenses": 4928900000,
    "interestIncome": 0,
    "interestExpense": 86300000,
    "depreciationAndAmortization": 0,
    "ebitda": 0,
    "ebitdaratio": 0,
    "operatingIncome": -772600000,
    "operatingIncomeRatio": -0.1567489704,
    "totalOtherIncomeExpensesNet": 1573500000,
    "incomeBeforeTax": 800900000,
    "incomeBeforeTaxRatio": 0.1624906166,
    "incomeTaxExpense": 328400000,
    "netIncome": 472300000,
    "netIncomeRatio": 0.0958225973,
    "eps": 0.8,
    "epsdiluted": 0.8,
    "weightedAverageShsOut": 592282000,
    "weightedAverageShsOutDil": 592282000,
    "link": "https://www.sec.gov/Archives/edgar/data/60086/000006008601500009/0000060086-01-500009-index.htm",
    "finalLink": "https://www.sec.gov/Archives/edgar/data/60086/000006008601500009/marq.txt"
  },
  {
    "date": "2000-12-31",
    "symbol": "L",
    "reportedCurrency": "USD",
    "cik": "0000060086",
    "fillingDate": "2001-03-16",
    "acceptedDate": "2001-03-16 00:00:00",
    "calendarYear": "2000",
    "period": "Q4",
    "revenue": 5555700000,
    "costOfRevenue": 0,
    "grossProfit": 5555700000,
    "grossProfitRatio": 1,
    "researchAndDevelopmentExpenses": 0,
    "generalAndAdministrativeExpenses": 0,
    "sellingAndMarketingExpenses": 0,
    "sellingGeneralAndAdministrativeExpenses": 0,
    "otherExpenses": 5555700000,
    "operatingExpenses": 5555700000,
    "costAndExpenses": 5555700000,
    "interestIncome": 0,
    "interestExpense": 90400000,
    "depreciationAndAmortization": 0,
    "ebitda": 0,
    "ebitdaratio": 0,
    "operatingIncome": -3000800000,
    "operatingIncomeRatio": -0.5401299566,
    "totalOtherIncomeExpensesNet": 6206700000,
    "incomeBeforeTax": 3205900000,
    "incomeBeforeTaxRatio": 0.5770469968,
    "incomeTaxExpense": -1901100000,
    "netIncome": 502900000,
    "netIncomeRatio": 0.0905196465,
    "eps": 0.8,
    "epsdiluted": 0.8,
    "weightedAverageShsOut": 572165000,
    "weightedAverageShsOutDil": 591684000,
    "link": "https://www.sec.gov/Archives/edgar/data/60086/000006008601500005/0000060086-01-500005-index.htm",
    "finalLink": "https://www.sec.gov/Archives/edgar/data/60086/000006008601500005/sigsub.txt"
  },
  {
    "date": "2000-09-30",
    "symbol": "L",
    "reportedCurrency": "USD",
    "cik": "0000060086",
    "fillingDate": "2000-11-13",
    "acceptedDate": "2000-11-13 00:00:00",
    "calendarYear": "2000",
    "period": "Q3",
    "revenue": 5776400000,
    "costOfRevenue": 0,
    "grossProfit": 5776400000,
    "grossProfitRatio": 1,
    "researchAndDevelopmentExpenses": 0,
    "generalAndAdministrativeExpenses": 0,
    "sellingAndMarketingExpenses": 0,
    "sellingGeneralAndAdministrativeExpenses": 0,
    "otherExpenses": 5757300000,
    "operatingExpenses": 5757300000,
    "costAndExpenses": 5757300000,
    "interestIncome": 0,
    "interestExpense": 92900000,
    "depreciationAndAmortization": 0,
    "ebitda": 0,
    "ebitdaratio": 0,
    "operatingIncome": -493600000,
    "operatingIncomeRatio": -0.085451146,
    "totalOtherIncomeExpensesNet": 1552300000,
    "incomeBeforeTax": 1058700000,
    "incomeBeforeTaxRatio": 0.1832802438,
    "incomeTaxExpense": 379100000,
    "netIncome": 679600000,
    "netIncomeRatio": 0.1176511322,
    "eps": 1.15,
    "epsdiluted": 1.15,
    "weightedAverageShsOut": 592192000,
    "weightedAverageShsOutDil": 592192000,
    "link": "https://www.sec.gov/Archives/edgar/data/60086/000006008600500006/0000060086-00-500006-index.htm",
    "finalLink": "https://www.sec.gov/Archives/edgar/data/60086/000006008600500006/lcsep00q.txt"
  },
  {
    "date": "2000-06-30",
    "symbol": "L",
    "reportedCurrency": "USD",
    "cik": "0000060086",
    "fillingDate": "2000-08-07",
    "acceptedDate": "2000-08-07 00:00:00",
    "calendarYear": "2000",
    "period": "Q2",
    "revenue": 5331900000,
    "costOfRevenue": 0,
    "grossProfit": 5331900000,
    "grossProfitRatio": 1,
    "researchAndDevelopmentExpenses": 0,
    "generalAndAdministrativeExpenses": 0,
    "sellingAndMarketingExpenses": 0,
    "sellingGeneralAndAdministrativeExpenses": 0,
    "otherExpenses": 5314000000,
    "operatingExpenses": 5314000000,
    "costAndExpenses": 5314000000,
    "interestIncome": 0,
    "interestExpense": 85200000,
    "depreciationAndAmortization": 0,
    "ebitda": 0,
    "ebitdaratio": 0,
    "operatingIncome": -766200000,
    "operatingIncomeRatio": -0.1437011197,
    "totalOtherIncomeExpensesNet": 1577700000,
    "incomeBeforeTax": 811500000,
    "incomeBeforeTaxRatio": 0.152197153,
    "incomeTaxExpense": 300900000,
    "netIncome": 510600000,
    "netIncomeRatio": 0.0957632364,
    "eps": 0.86,
    "epsdiluted": 0.86,
    "weightedAverageShsOut": 592793000,
    "weightedAverageShsOutDil": 592793000,
    "link": "https://www.sec.gov/Archives/edgar/data/60086/000006008600000026/0000060086-00-000026-index.htm",
    "finalLink": "https://www.sec.gov/Archives/edgar/data/60086/000006008600000026/0000060086-00-000026-0001.txt"
  },
  {
    "date": "2000-03-31",
    "symbol": "L",
    "reportedCurrency": "USD",
    "cik": "0000060086",
    "fillingDate": "2000-05-12",
    "acceptedDate": "2000-05-12 00:00:00",
    "calendarYear": "2000",
    "period": "Q1",
    "revenue": 4673800000,
    "costOfRevenue": 0,
    "grossProfit": 4673800000,
    "grossProfitRatio": 1,
    "researchAndDevelopmentExpenses": 0,
    "generalAndAdministrativeExpenses": 965100000,
    "sellingAndMarketingExpenses": 0,
    "sellingGeneralAndAdministrativeExpenses": 965100000,
    "otherExpenses": 3690600000,
    "operatingExpenses": 4655700000,
    "costAndExpenses": 4655700000,
    "interestIncome": 0,
    "interestExpense": 88400000,
    "depreciationAndAmortization": 0,
    "ebitda": 0,
    "ebitdaratio": 0,
    "operatingIncome": -1048900000,
    "operatingIncomeRatio": -0.2244212418,
    "totalOtherIncomeExpensesNet": 1346700000,
    "incomeBeforeTax": 297800000,
    "incomeBeforeTaxRatio": 0.0637168899,
    "incomeTaxExpense": 114200000,
    "netIncome": 183600000,
    "netIncomeRatio": 0.0392828106,
    "eps": 0.3,
    "epsdiluted": 0.3,
    "weightedAverageShsOut": 610210000,
    "weightedAverageShsOutDil": 610210000,
    "link": "https://www.sec.gov/Archives/edgar/data/60086/000006008600000021/0000060086-00-000021-index.html",
    "finalLink": "https://www.sec.gov/Archives/edgar/data/60086/000006008600000021/0000060086-00-000021.txt"
  },
  {
    "date": "1999-12-31",
    "symbol": "L",
    "reportedCurrency": "USD",
    "cik": "0000060086",
    "fillingDate": "2000-03-30",
    "acceptedDate": "2000-03-30 00:00:00",
    "calendarYear": "1999",
    "period": "Q4",
    "revenue": 4859200000,
    "costOfRevenue": 0,
    "grossProfit": 4859200000,
    "grossProfitRatio": 1,
    "researchAndDevelopmentExpenses": 0,
    "generalAndAdministrativeExpenses": 752500000,
    "sellingAndMarketingExpenses": 0,
    "sellingGeneralAndAdministrativeExpenses": 752500000,
    "otherExpenses": 4106700000,
    "operatingExpenses": 4859200000,
    "costAndExpenses": 4859200000,
    "interestIncome": 0,
    "interestExpense": 67600000,
    "depreciationAndAmortization": -1628700000,
    "ebitda": -616900000,
    "ebitdaratio": -0.1269550543,
    "operatingIncome": -616900000,
    "operatingIncomeRatio": -0.1269550543,
    "totalOtherIncomeExpensesNet": 1561100000,
    "incomeBeforeTax": 944200000,
    "incomeBeforeTaxRatio": 0.1943118209,
    "incomeTaxExpense": -730400000,
    "netIncome": -207800000,
    "netIncomeRatio": -0.042764241,
    "eps": -0.35,
    "epsdiluted": -0.31,
    "weightedAverageShsOut": 602030000,
    "weightedAverageShsOutDil": 666667000,
    "link": "https://www.sec.gov/Archives/edgar/data/60086/000006008600000011/0000060086-00-000011-index.htm",
    "finalLink": "https://www.sec.gov/Archives/edgar/data/60086/000006008600000011/"
  },
  {
    "date": "1999-09-30",
    "symbol": "L",
    "reportedCurrency": "USD",
    "cik": "0000060086",
    "fillingDate": "1999-11-15",
    "acceptedDate": "1999-11-15 00:00:00",
    "calendarYear": "1999",
    "period": "Q3",
    "revenue": 5513800000,
    "costOfRevenue": 0,
    "grossProfit": 5513800000,
    "grossProfitRatio": 1,
    "researchAndDevelopmentExpenses": 0,
    "generalAndAdministrativeExpenses": 1057900000,
    "sellingAndMarketingExpenses": 0,
    "sellingGeneralAndAdministrativeExpenses": 1057900000,
    "otherExpenses": 4455900000,
    "operatingExpenses": 5513800000,
    "costAndExpenses": 5513800000,
    "interestIncome": 0,
    "interestExpense": 91100000,
    "depreciationAndAmortization": 0,
    "ebitda": 0,
    "ebitdaratio": 0,
    "operatingIncome": -1666400000,
    "operatingIncomeRatio": -0.3022235119,
    "totalOtherIncomeExpensesNet": 2102900000,
    "incomeBeforeTax": 436500000,
    "incomeBeforeTaxRatio": 0.0791650042,
    "incomeTaxExpense": 165200000,
    "netIncome": 271300000,
    "netIncomeRatio": 0.0492038159,
    "eps": 0.42,
    "epsdiluted": 0.42,
    "weightedAverageShsOut": 646599000,
    "weightedAverageShsOutDil": 646599000,
    "link": "https://www.sec.gov/Archives/edgar/data/60086/000006008699000015/0000060086-99-000015-index.htm",
    "finalLink": "https://www.sec.gov/Archives/edgar/data/60086/000006008699000015/0000060086-99-000015.txt"
  },
  {
    "date": "1999-06-30",
    "symbol": "L",
    "reportedCurrency": "USD",
    "cik": "0000060086",
    "fillingDate": "1999-08-16",
    "acceptedDate": "1999-08-16 00:00:00",
    "calendarYear": "1999",
    "period": "Q2",
    "revenue": 5648600000,
    "costOfRevenue": 0,
    "grossProfit": 5648600000,
    "grossProfitRatio": 1,
    "researchAndDevelopmentExpenses": 0,
    "generalAndAdministrativeExpenses": 1017200000,
    "sellingAndMarketingExpenses": 0,
    "sellingGeneralAndAdministrativeExpenses": 1017200000,
    "otherExpenses": 4594700000,
    "operatingExpenses": 5611900000,
    "costAndExpenses": 5611900000,
    "interestIncome": 0,
    "interestExpense": 81900000,
    "depreciationAndAmortization": 0,
    "ebitda": 0,
    "ebitdaratio": 0,
    "operatingIncome": -1729200000,
    "operatingIncomeRatio": -0.3061289523,
    "totalOtherIncomeExpensesNet": 2143700000,
    "incomeBeforeTax": 414500000,
    "incomeBeforeTaxRatio": 0.0733810148,
    "incomeTaxExpense": 160200000,
    "netIncome": 254300000,
    "netIncomeRatio": 0.045020005,
    "eps": 0.39,
    "epsdiluted": 0.39,
    "weightedAverageShsOut": 652704000,
    "weightedAverageShsOutDil": 652704000,
    "link": "https://www.sec.gov/Archives/edgar/data/60086/000006008699000011/0000060086-99-000011-index.html",
    "finalLink": "https://www.sec.gov/Archives/edgar/data/60086/000006008699000011/0000060086-99-000011.txt"
  },
  {
    "date": "1999-03-31",
    "symbol": "L",
    "reportedCurrency": "USD",
    "cik": "0000060086",
    "fillingDate": "1999-05-17",
    "acceptedDate": "1999-05-17 00:00:00",
    "calendarYear": "1999",
    "period": "Q1",
    "revenue": 5480300000,
    "costOfRevenue": 0,
    "grossProfit": 5480300000,
    "grossProfitRatio": 1,
    "researchAndDevelopmentExpenses": 0,
    "generalAndAdministrativeExpenses": 1069900000,
    "sellingAndMarketingExpenses": 0,
    "sellingGeneralAndAdministrativeExpenses": 1069900000,
    "otherExpenses": 4410400000,
    "operatingExpenses": 5480300000,
    "costAndExpenses": 5480300000,
    "interestIncome": 0,
    "interestExpense": 113700000,
    "depreciationAndAmortization": 0,
    "ebitda": 0,
    "ebitdaratio": 0,
    "operatingIncome": -1976200000,
    "operatingIncomeRatio": -0.360600697,
    "totalOtherIncomeExpensesNet": 2121100000,
    "incomeBeforeTax": 144900000,
    "incomeBeforeTaxRatio": 0.0264401584,
    "incomeTaxExpense": 99500000,
    "netIncome": 45400000,
    "netIncomeRatio": 0.008284218,
    "eps": 0.0666,
    "epsdiluted": 0.0666,
    "weightedAverageShsOut": 681682000,
    "weightedAverageShsOutDil": 681682000,
    "link": "https://www.sec.gov/Archives/edgar/data/60086/000006008699000006/0000060086-99-000006-index.html",
    "finalLink": "https://www.sec.gov/Archives/edgar/data/60086/0000060086-99-000006.txt"
  },
  {
    "date": "1998-12-31",
    "symbol": "L",
    "reportedCurrency": "USD",
    "cik": "0000060086",
    "fillingDate": "1999-03-31",
    "acceptedDate": "1999-03-31 00:00:00",
    "calendarYear": "1998",
    "period": "Q4",
    "revenue": 5056500000,
    "costOfRevenue": 0,
    "grossProfit": 5056500000,
    "grossProfitRatio": 1,
    "researchAndDevelopmentExpenses": 0,
    "generalAndAdministrativeExpenses": 1076700000,
    "sellingAndMarketingExpenses": 0,
    "sellingGeneralAndAdministrativeExpenses": 1076700000,
    "otherExpenses": 3979800000,
    "operatingExpenses": 5056500000,
    "costAndExpenses": 5056500000,
    "interestIncome": 0,
    "interestExpense": 86900000,
    "depreciationAndAmortization": -1626300000,
    "ebitda": -462000000,
    "ebitdaratio": -0.0913675467,
    "operatingIncome": -462000000,
    "operatingIncomeRatio": -0.0913675467,
    "totalOtherIncomeExpensesNet": 1539400000,
    "incomeBeforeTax": 1077400000,
    "incomeBeforeTaxRatio": 0.2130722832,
    "incomeTaxExpense": -886500000,
    "netIncome": -315800000,
    "netIncomeRatio": -0.0624542668,
    "eps": -0.46,
    "epsdiluted": -0.46,
    "weightedAverageShsOut": 679224000,
    "weightedAverageShsOutDil": 689454000,
    "link": "https://www.sec.gov/Archives/edgar/data/60086/000006008699000002/0000060086-99-000002-index.html",
    "finalLink": "https://www.sec.gov/Archives/edgar/data/60086/"
  },
  {
    "date": "1998-09-30",
    "symbol": "L",
    "reportedCurrency": "USD",
    "cik": "0000060086",
    "fillingDate": "1998-11-16",
    "acceptedDate": "1998-11-16 00:00:00",
    "calendarYear": "1998",
    "period": "Q3",
    "revenue": 5951900000,
    "costOfRevenue": 0,
    "grossProfit": 5951900000,
    "grossProfitRatio": 1,
    "researchAndDevelopmentExpenses": 0,
    "generalAndAdministrativeExpenses": 1262000000,
    "sellingAndMarketingExpenses": 0,
    "sellingGeneralAndAdministrativeExpenses": 1262000000,
    "otherExpenses": 4730300000,
    "operatingExpenses": 5992300000,
    "costAndExpenses": 5992300000,
    "interestIncome": 0,
    "interestExpense": 89300000,
    "depreciationAndAmortization": 0,
    "ebitda": 0,
    "ebitdaratio": 0,
    "operatingIncome": -1652000000,
    "operatingIncomeRatio": -0.2775584267,
    "totalOtherIncomeExpensesNet": 2654000000,
    "incomeBeforeTax": 1002000000,
    "incomeBeforeTaxRatio": 0.1683496026,
    "incomeTaxExpense": 384900000,
    "netIncome": 617100000,
    "netIncomeRatio": 0.1036811774,
    "eps": 0.9,
    "epsdiluted": 0.9,
    "weightedAverageShsOut": 688905000,
    "weightedAverageShsOutDil": 688905000,
    "link": "https://www.sec.gov/Archives/edgar/data/60086/000006008698000008/0000060086-98-000008-index.html",
    "finalLink": "https://www.sec.gov/Archives/edgar/data/60086/0000060086-98-000008.txt"
  },
  {
    "date": "1998-06-30",
    "symbol": "L",
    "reportedCurrency": "USD",
    "cik": "0000060086",
    "fillingDate": "1998-08-14",
    "acceptedDate": "1998-08-14 00:00:00",
    "calendarYear": "1998",
    "period": "Q2",
    "revenue": 5404800000,
    "costOfRevenue": 0,
    "grossProfit": 5404800000,
    "grossProfitRatio": 1,
    "researchAndDevelopmentExpenses": 0,
    "generalAndAdministrativeExpenses": 917800000,
    "sellingAndMarketingExpenses": 300000,
    "sellingGeneralAndAdministrativeExpenses": 918100000,
    "otherExpenses": 4510600000,
    "operatingExpenses": 5428700000,
    "costAndExpenses": 5428700000,
    "interestIncome": 0,
    "interestExpense": 99200000,
    "depreciationAndAmortization": 0,
    "ebitda": 0,
    "ebitdaratio": 0,
    "operatingIncome": -1522800000,
    "operatingIncomeRatio": -0.281749556,
    "totalOtherIncomeExpensesNet": 1938800000,
    "incomeBeforeTax": 416000000,
    "incomeBeforeTaxRatio": 0.0769686205,
    "incomeTaxExpense": 168800000,
    "netIncome": 247200000,
    "netIncomeRatio": 0.0457371226,
    "eps": 0.36,
    "epsdiluted": 0.36,
    "weightedAverageShsOut": 687354000,
    "weightedAverageShsOutDil": 687354000,
    "link": "https://www.sec.gov/Archives/edgar/data/60086/000006008698000006/0000060086-98-000006-index.html",
    "finalLink": "https://www.sec.gov/Archives/edgar/data/60086/0000060086-98-000006.txt"
  },
  {
    "date": "1998-03-31",
    "symbol": "L",
    "reportedCurrency": "USD",
    "cik": "0000060086",
    "fillingDate": "1998-05-15",
    "acceptedDate": "1998-05-15 00:00:00",
    "calendarYear": "1998",
    "period": "Q1",
    "revenue": 4795100000,
    "costOfRevenue": 0,
    "grossProfit": 4795100000,
    "grossProfitRatio": 1,
    "researchAndDevelopmentExpenses": 0,
    "generalAndAdministrativeExpenses": 1043600000,
    "sellingAndMarketingExpenses": 0,
    "sellingGeneralAndAdministrativeExpenses": 1043600000,
    "otherExpenses": 3781600000,
    "operatingExpenses": 4825200000,
    "costAndExpenses": 4825200000,
    "interestIncome": 0,
    "interestExpense": 93800000,
    "depreciationAndAmortization": 0,
    "ebitda": 0,
    "ebitdaratio": 0,
    "operatingIncome": 3687800000,
    "operatingIncomeRatio": 0.7690767659,
    "totalOtherIncomeExpensesNet": -3687800000,
    "incomeBeforeTax": -105400000,
    "incomeBeforeTaxRatio": -0.021980772,
    "incomeTaxExpense": -21700000,
    "netIncome": -83700000,
    "netIncomeRatio": -0.017455319,
    "eps": -0.12,
    "epsdiluted": -0.12,
    "weightedAverageShsOut": 679328000,
    "weightedAverageShsOutDil": 679328000,
    "link": "https://www.sec.gov/Archives/edgar/data/60086/000006008698000005/0000060086-98-000005-index.html",
    "finalLink": "https://www.sec.gov/Archives/edgar/data/60086/"
  },
  {
    "date": "1997-12-31",
    "symbol": "L",
    "reportedCurrency": "USD",
    "cik": "0000060086",
    "fillingDate": "1998-03-31",
    "acceptedDate": "1998-03-31 00:00:00",
    "calendarYear": "1997",
    "period": "Q4",
    "revenue": 5339200000,
    "costOfRevenue": 0,
    "grossProfit": 5339200000,
    "grossProfitRatio": 1,
    "researchAndDevelopmentExpenses": 0,
    "generalAndAdministrativeExpenses": 1144600000,
    "sellingAndMarketingExpenses": 0,
    "sellingGeneralAndAdministrativeExpenses": 1144600000,
    "otherExpenses": 4194600000,
    "operatingExpenses": 5339200000,
    "costAndExpenses": 5339200000,
    "interestIncome": 0,
    "interestExpense": 84000000,
    "depreciationAndAmortization": -2015000000,
    "ebitda": -337800000,
    "ebitdaratio": -0.0632679053,
    "operatingIncome": -337800000,
    "operatingIncomeRatio": -0.0632679053,
    "totalOtherIncomeExpensesNet": 1931000000,
    "incomeBeforeTax": 1593200000,
    "incomeBeforeTaxRatio": 0.2983967636,
    "incomeTaxExpense": -825700000,
    "netIncome": 292900000,
    "netIncomeRatio": 0.0548584058,
    "eps": 0.42,
    "epsdiluted": 0.42,
    "weightedAverageShsOut": 691169000,
    "weightedAverageShsOutDil": 691169000,
    "link": "https://www.sec.gov/Archives/edgar/data/60086/000006008698000004/0000060086-98-000004-index.html",
    "finalLink": "https://www.sec.gov/Archives/edgar/data/60086/"
  },
  {
    "date": "1997-09-30",
    "symbol": "L",
    "reportedCurrency": "USD",
    "cik": "0000060086",
    "fillingDate": "1997-11-14",
    "acceptedDate": "1997-11-14 00:00:00",
    "calendarYear": "1997",
    "period": "Q3",
    "revenue": 5111400000,
    "costOfRevenue": 0,
    "grossProfit": 5111400000,
    "grossProfitRatio": 1,
    "researchAndDevelopmentExpenses": 0,
    "generalAndAdministrativeExpenses": 859300000,
    "sellingAndMarketingExpenses": 0,
    "sellingGeneralAndAdministrativeExpenses": 859300000,
    "otherExpenses": 4252100000,
    "operatingExpenses": 5111400000,
    "costAndExpenses": 5111400000,
    "interestIncome": 0,
    "interestExpense": 88300000,
    "depreciationAndAmortization": 0,
    "ebitda": 0,
    "ebitdaratio": 0,
    "operatingIncome": -1444400000,
    "operatingIncomeRatio": -0.2825840279,
    "totalOtherIncomeExpensesNet": 1776300000,
    "incomeBeforeTax": 331900000,
    "incomeBeforeTaxRatio": 0.0649332864,
    "incomeTaxExpense": 134300000,
    "netIncome": 197600000,
    "netIncomeRatio": 0.0386586845,
    "eps": 0.29,
    "epsdiluted": 0.29,
    "weightedAverageShsOut": 689992000,
    "weightedAverageShsOutDil": 689992000,
    "link": "https://www.sec.gov/Archives/edgar/data/60086/000006008697000026/0000060086-97-000026-index.html",
    "finalLink": "https://www.sec.gov/Archives/edgar/data/60086/"
  },
  {
    "date": "1997-06-30",
    "symbol": "L",
    "reportedCurrency": "USD",
    "cik": "0000060086",
    "fillingDate": "1997-08-14",
    "acceptedDate": "1997-08-14 00:00:00",
    "calendarYear": "1997",
    "period": "Q2",
    "revenue": 4749100000,
    "costOfRevenue": 0,
    "grossProfit": 4749100000,
    "grossProfitRatio": 1,
    "researchAndDevelopmentExpenses": 0,
    "generalAndAdministrativeExpenses": 750800000,
    "sellingAndMarketingExpenses": 0,
    "sellingGeneralAndAdministrativeExpenses": 750800000,
    "otherExpenses": 3998300000,
    "operatingExpenses": 4749100000,
    "costAndExpenses": 4749100000,
    "interestIncome": 0,
    "interestExpense": 76300000,
    "depreciationAndAmortization": 0,
    "ebitda": 0,
    "ebitdaratio": 0,
    "operatingIncome": -1268700000,
    "operatingIncomeRatio": -0.2671453539,
    "totalOtherIncomeExpensesNet": 1402200000,
    "incomeBeforeTax": 133500000,
    "incomeBeforeTaxRatio": 0.0281105894,
    "incomeTaxExpense": 69700000,
    "netIncome": 63800000,
    "netIncomeRatio": 0.0134341244,
    "eps": 0.0932,
    "epsdiluted": 0.0932,
    "weightedAverageShsOut": 684256000,
    "weightedAverageShsOutDil": 684256000,
    "link": "https://www.sec.gov/Archives/edgar/data/60086/000006008697000023/0000060086-97-000023-index.html",
    "finalLink": "https://www.sec.gov/Archives/edgar/data/60086/"
  },
  {
    "date": "1997-03-31",
    "symbol": "L",
    "reportedCurrency": "USD",
    "cik": "0000060086",
    "fillingDate": "1997-05-15",
    "acceptedDate": "1997-05-15 00:00:00",
    "calendarYear": "1997",
    "period": "Q1",
    "revenue": 4939100000,
    "costOfRevenue": 0,
    "grossProfit": 4939100000,
    "grossProfitRatio": 1,
    "researchAndDevelopmentExpenses": 0,
    "generalAndAdministrativeExpenses": 791300000,
    "sellingAndMarketingExpenses": 0,
    "sellingGeneralAndAdministrativeExpenses": 791300000,
    "otherExpenses": 4147800000,
    "operatingExpenses": 4939100000,
    "costAndExpenses": 4939100000,
    "interestIncome": 0,
    "interestExpense": 74800000,
    "depreciationAndAmortization": 0,
    "ebitda": 0,
    "ebitdaratio": 0,
    "operatingIncome": -1227900000,
    "operatingIncomeRatio": -0.248608046,
    "totalOtherIncomeExpensesNet": 1593600000,
    "incomeBeforeTax": 365700000,
    "incomeBeforeTaxRatio": 0.0740418295,
    "incomeTaxExpense": 126400000,
    "netIncome": 239300000,
    "netIncomeRatio": 0.0484501225,
    "eps": 0.35,
    "epsdiluted": 0.35,
    "weightedAverageShsOut": 690979000,
    "weightedAverageShsOutDil": 690979000,
    "link": "https://www.sec.gov/Archives/edgar/data/60086/000006008697000015/0000060086-97-000015-index.html",
    "finalLink": "https://www.sec.gov/Archives/edgar/data/60086/"
  },
  {
    "date": "1996-12-31",
    "symbol": "L",
    "reportedCurrency": "USD",
    "cik": "0000060086",
    "fillingDate": "1997-03-27",
    "acceptedDate": "1997-03-27 00:00:00",
    "calendarYear": "1996",
    "period": "Q4",
    "revenue": 5137000000,
    "costOfRevenue": 0,
    "grossProfit": 5137000000,
    "grossProfitRatio": 1,
    "researchAndDevelopmentExpenses": 0,
    "generalAndAdministrativeExpenses": 1604400000,
    "sellingAndMarketingExpenses": 0,
    "sellingGeneralAndAdministrativeExpenses": 1604400000,
    "otherExpenses": 3532600000,
    "operatingExpenses": 5137000000,
    "costAndExpenses": 5137000000,
    "interestIncome": 0,
    "interestExpense": 77700000,
    "depreciationAndAmortization": -2409500000,
    "ebitda": 76000000,
    "ebitdaratio": 0.0147946272,
    "operatingIncome": 76000000,
    "operatingIncomeRatio": 0.0147946272,
    "totalOtherIncomeExpensesNet": 2331800000,
    "incomeBeforeTax": 2407800000,
    "incomeBeforeTaxRatio": 0.4687171501,
    "incomeTaxExpense": -1431100000,
    "netIncome": 247800000,
    "netIncomeRatio": 0.0482382714,
    "eps": 0.36,
    "epsdiluted": 0.36,
    "weightedAverageShsOut": 691352000,
    "weightedAverageShsOutDil": 699121000,
    "link": "https://www.sec.gov/Archives/edgar/data/60086/000006008697000009/0000060086-97-000009-index.html",
    "finalLink": "https://www.sec.gov/Archives/edgar/data/60086/"
  },
  {
    "date": "1996-09-30",
    "symbol": "L",
    "reportedCurrency": "USD",
    "cik": "0000060086",
    "fillingDate": "1996-11-14",
    "acceptedDate": "1996-11-14 00:00:00",
    "calendarYear": "1996",
    "period": "Q3",
    "revenue": 5216300000,
    "costOfRevenue": 0,
    "grossProfit": 5216300000,
    "grossProfitRatio": 1,
    "researchAndDevelopmentExpenses": 0,
    "generalAndAdministrativeExpenses": 882800000,
    "sellingAndMarketingExpenses": 0,
    "sellingGeneralAndAdministrativeExpenses": 882800000,
    "otherExpenses": 4333500000,
    "operatingExpenses": 5216300000,
    "costAndExpenses": 5216300000,
    "interestIncome": 0,
    "interestExpense": 79700000,
    "depreciationAndAmortization": 0,
    "ebitda": 0,
    "ebitdaratio": 0,
    "operatingIncome": -1199000000,
    "operatingIncomeRatio": -0.2298564116,
    "totalOtherIncomeExpensesNet": 1782200000,
    "incomeBeforeTax": 583200000,
    "incomeBeforeTaxRatio": 0.1118033855,
    "incomeTaxExpense": 194600000,
    "netIncome": 388600000,
    "netIncomeRatio": 0.074497249,
    "eps": 0.56,
    "epsdiluted": 0.56,
    "weightedAverageShsOut": 690513000,
    "weightedAverageShsOutDil": 690513000,
    "link": "https://www.sec.gov/Archives/edgar/data/60086/000006008696000016/0000060086-96-000016-index.html",
    "finalLink": "https://www.sec.gov/Archives/edgar/data/60086/0000060086-96-000016.txt"
  },
  {
    "date": "1996-06-30",
    "symbol": "L",
    "reportedCurrency": "USD",
    "cik": "0000060086",
    "fillingDate": "1996-08-14",
    "acceptedDate": "1996-08-14 00:00:00",
    "calendarYear": "1996",
    "period": "Q2",
    "revenue": 5044600000,
    "costOfRevenue": 0,
    "grossProfit": 5044600000,
    "grossProfitRatio": 1,
    "researchAndDevelopmentExpenses": 0,
    "generalAndAdministrativeExpenses": 806300000,
    "sellingAndMarketingExpenses": 0,
    "sellingGeneralAndAdministrativeExpenses": 806300000,
    "otherExpenses": 4238300000,
    "operatingExpenses": 5044600000,
    "costAndExpenses": 5044600000,
    "interestIncome": 0,
    "interestExpense": 69800000,
    "depreciationAndAmortization": 0,
    "ebitda": 0,
    "ebitdaratio": 0,
    "operatingIncome": -1120100000,
    "operatingIncomeRatio": -0.2220394085,
    "totalOtherIncomeExpensesNet": 1725200000,
    "incomeBeforeTax": 605100000,
    "incomeBeforeTaxRatio": 0.1199500456,
    "incomeTaxExpense": 226400000,
    "netIncome": 378700000,
    "netIncomeRatio": 0.0750703723,
    "eps": 0.54,
    "epsdiluted": 0.54,
    "weightedAverageShsOut": 697692000,
    "weightedAverageShsOutDil": 697692000,
    "link": "https://www.sec.gov/Archives/edgar/data/60086/000006008696000012/0000060086-96-000012-index.html",
    "finalLink": "https://www.sec.gov/Archives/edgar/data/60086/0000060086-96-000012.txt"
  },
  {
    "date": "1996-03-31",
    "symbol": "L",
    "reportedCurrency": "USD",
    "cik": "0000060086",
    "fillingDate": "1996-05-14",
    "acceptedDate": "1996-05-14 00:00:00",
    "calendarYear": "1996",
    "period": "Q1",
    "revenue": 5044500000,
    "costOfRevenue": 0,
    "grossProfit": 5044500000,
    "grossProfitRatio": 1,
    "researchAndDevelopmentExpenses": 0,
    "generalAndAdministrativeExpenses": 762000000,
    "sellingAndMarketingExpenses": 0,
    "sellingGeneralAndAdministrativeExpenses": 762000000,
    "otherExpenses": 4282500000,
    "operatingExpenses": 5044500000,
    "costAndExpenses": 5044500000,
    "interestIncome": 0,
    "interestExpense": 90800000,
    "depreciationAndAmortization": 0,
    "ebitda": 0,
    "ebitdaratio": 0,
    "operatingIncome": -1165000000,
    "operatingIncomeRatio": -0.2309445931,
    "totalOtherIncomeExpensesNet": 1752500000,
    "incomeBeforeTax": 587500000,
    "incomeBeforeTaxRatio": 0.1164634751,
    "incomeTaxExpense": 218700000,
    "netIncome": 368800000,
    "netIncomeRatio": 0.073109327,
    "eps": 0.52,
    "epsdiluted": 0.52,
    "weightedAverageShsOut": 705419000,
    "weightedAverageShsOutDil": 705419000,
    "link": "https://www.sec.gov/Archives/edgar/data/60086/000006008696000008/0000060086-96-000008-index.html",
    "finalLink": "https://www.sec.gov/Archives/edgar/data/60086/"
  },
  {
    "date": "1995-12-31",
    "symbol": "L",
    "reportedCurrency": "USD",
    "cik": "0000060086",
    "fillingDate": "1996-03-28",
    "acceptedDate": "1996-03-28 00:00:00",
    "calendarYear": "1995",
    "period": "Q4",
    "revenue": 5495200000,
    "costOfRevenue": 0,
    "grossProfit": 5495200000,
    "grossProfitRatio": 1,
    "researchAndDevelopmentExpenses": 0,
    "generalAndAdministrativeExpenses": 508100000,
    "sellingAndMarketingExpenses": 0,
    "sellingGeneralAndAdministrativeExpenses": 508100000,
    "otherExpenses": 4987100000,
    "operatingExpenses": 5495200000,
    "costAndExpenses": 5495200000,
    "interestIncome": 0,
    "interestExpense": 87100000,
    "depreciationAndAmortization": -2420700000,
    "ebitda": 505700000,
    "ebitdaratio": 0.0920257679,
    "operatingIncome": 505700000,
    "operatingIncomeRatio": 0.0920257679,
    "totalOtherIncomeExpensesNet": 2333600000,
    "incomeBeforeTax": 2839300000,
    "incomeBeforeTaxRatio": 0.5166872907,
    "incomeTaxExpense": -1496900000,
    "netIncome": 745100000,
    "netIncomeRatio": 0.1355910613,
    "eps": 1.05,
    "epsdiluted": 1.05,
    "weightedAverageShsOut": 705429000,
    "weightedAverageShsOutDil": 707821000,
    "link": "https://www.sec.gov/Archives/edgar/data/60086/000006008696000006/0000060086-96-000006-index.html",
    "finalLink": "https://www.sec.gov/Archives/edgar/data/60086/"
  },
  {
    "date": "1995-09-30",
    "symbol": "L",
    "reportedCurrency": "USD",
    "cik": "0000060086",
    "fillingDate": "1995-11-14",
    "acceptedDate": "1995-11-14 00:00:00",
    "calendarYear": "1995",
    "period": "Q3",
    "revenue": 4959600000,
    "costOfRevenue": 0,
    "grossProfit": 4959600000,
    "grossProfitRatio": 1,
    "researchAndDevelopmentExpenses": 0,
    "generalAndAdministrativeExpenses": 542200000,
    "sellingAndMarketingExpenses": 0,
    "sellingGeneralAndAdministrativeExpenses": 542200000,
    "otherExpenses": 4417400000,
    "operatingExpenses": 4959600000,
    "costAndExpenses": 4959600000,
    "interestIncome": 0,
    "interestExpense": 89600000,
    "depreciationAndAmortization": 0,
    "ebitda": 0,
    "ebitdaratio": 0,
    "operatingIncome": -1155500000,
    "operatingIncomeRatio": -0.2329824986,
    "totalOtherIncomeExpensesNet": 1765000000,
    "incomeBeforeTax": 609500000,
    "incomeBeforeTaxRatio": 0.1228929752,
    "incomeTaxExpense": 223100000,
    "netIncome": 386400000,
    "netIncomeRatio": 0.0779095088,
    "eps": 0.55,
    "epsdiluted": 0.55,
    "weightedAverageShsOut": 707537000,
    "weightedAverageShsOutDil": 707537000,
    "link": "https://www.sec.gov/Archives/edgar/data/60086/000006008695000028/0000060086-95-000028-index.html",
    "finalLink": "https://www.sec.gov/Archives/edgar/data/60086/0000060086-95-000028.txt"
  }
]