[
  {
    "date": "2024-12-31",
    "symbol": "L",
    "reportedCurrency": "USD",
    "cik": "0000060086",
    "fillingDate": "2025-02-11",
    "acceptedDate": "2025-02-11 12:05:33",
    "calendarYear": "2024",
    "period": "FY",
    "revenue": 17510000000,
    "costOfRevenue": 0,
    "grossProfit": 17510000000,
    "grossProfitRatio": 1,
    "researchAndDevelopmentExpenses": 0,
    "generalAndAdministrativeExpenses": 0,
    "sellingAndMarketingExpenses": 0,
    "sellingGeneralAndAdministrativeExpenses": 0,
    "otherExpenses": 4170000000,
    "operatingExpenses": 4170000000,
    "costAndExpenses": 15253000000,
    "interestIncome": 0,
    "interestExpense": 441000000,
    "depreciationAndAmortization": 583000000,
    "ebitda": 2898000000,
    "ebitdaratio": 0.1655054255,
    "operatingIncome": 2257000000,
    "operatingIncomeRatio": 0.1288977727,
    "totalOtherIncomeExpensesNet": -383000000,
    "incomeBeforeTax": 1874000000,
    "incomeBeforeTaxRatio": 0.1070245574,
    "incomeTaxExpense": 380000000,
    "netIncome": 1414000000,
    "netIncomeRatio": 0.0807538549,
    "eps": 6.42,
    "epsdiluted": 6.41,
    "weightedAverageShsOut": 220260000,
    "weightedAverageShsOutDil": 220530000,
    "link": "https://www.sec.gov/Archives/edgar/data/60086/000006008625000036/0000060086-25-000036-index.htm",
    "finalLink": "https://www.sec.gov/Archives/edgar/data/60086/000006008625000036/l-20241231.htm"
  },
  {
    "date": "2023-12-31",
    "symbol": "L",
    "reportedCurrency": "USD",
    "cik": "0000060086",
    "fillingDate": "2024-02-06",
    "acceptedDate": "2024-02-06 08:44:34",
    "calendarYear": "2023",
    "period": "FY",
    "revenue": 15678000000,
    "costOfRevenue": 8712000000,
    "grossProfit": 6966000000,
    "grossProfitRatio": 0.4443168772,
    "researchAndDevelopmentExpenses": 0,
    "generalAndAdministrativeExpenses": 0,
    "sellingAndMarketingExpenses": 0,
    "sellingGeneralAndAdministrativeExpenses": 0,
    "otherExpenses": 13682000000,
    "operatingExpenses": 3381000000,
    "costAndExpenses": 13682000000,
    "interestIncome": 0,
    "interestExpense": 376000000,
    "depreciationAndAmortization": 538000000,
    "ebitda": 2910000000,
    "ebitdaratio": 0.1856104095,
    "operatingIncome": 2206000000,
    "operatingIncomeRatio": 0.1407067228,
    "totalOtherIncomeExpensesNet": -210000000,
    "incomeBeforeTax": 1996000000,
    "incomeBeforeTaxRatio": 0.1273121572,
    "incomeTaxExpense": 451000000,
    "netIncome": 1434000000,
    "netIncomeRatio": 0.0914657482,
    "eps": 6.3,
    "epsdiluted": 6.29,
    "weightedAverageShsOut": 227480000,
    "weightedAverageShsOutDil": 227810000,
    "link": "https://www.sec.gov/Archives/edgar/data/60086/000006008624000029/0000060086-24-000029-index.htm",
    "finalLink": "https://www.sec.gov/Archives/edgar/data/60086/000006008624000029/l-20231231.htm"
  },
  {
    "date": "2022-12-31",
    "symbol": "L",
    "reportedCurrency": "USD",
    "cik": "0000060086",
    "fillingDate": "2023-02-07",
    "acceptedDate": "2023-02-07 16:51:34",
    "calendarYear": "2022",
    "period": "FY",
    "revenue": 14044000000,
    "costOfRevenue": 8143000000,
    "grossProfit": 5907000000,
    "grossProfitRatio": 0.4206066648,
    "researchAndDevelopmentExpenses": 0,
    "generalAndAdministrativeExpenses": 0,
    "sellingAndMarketingExpenses": 0,
    "sellingGeneralAndAdministrativeExpenses": 0,
    "otherExpenses": 0,
    "operatingExpenses": 4793000000,
    "costAndExpenses": 12936000000,
    "interestIncome": 0,
    "interestExpense": 378000000,
    "depreciationAndAmortization": 509000000,
    "ebitda": 1623000000,
    "ebitdaratio": 0.115565366,
    "operatingIncome": 1492000000,
    "operatingIncomeRatio": 0.1062375392,
    "totalOtherIncomeExpensesNet": -378000000,
    "incomeBeforeTax": 1114000000,
    "incomeBeforeTaxRatio": 0.0793221304,
    "incomeTaxExpense": 223000000,
    "netIncome": 822000000,
    "netIncomeRatio": 0.0585303332,
    "eps": 3.39,
    "epsdiluted": 3.38,
    "weightedAverageShsOut": 242830000,
    "weightedAverageShsOutDil": 243280000,
    "link": "https://www.sec.gov/Archives/edgar/data/60086/000006008623000025/0000060086-23-000025-index.htm",
    "finalLink": "https://www.sec.gov/Archives/edgar/data/60086/000006008623000025/l-20221231.htm"
  },
  {
    "date": "2021-12-31",
    "symbol": "L",
    "reportedCurrency": "USD",
    "cik": "0000060086",
    "fillingDate": "2022-02-08",
    "acceptedDate": "2022-02-08 15:23:37",
    "calendarYear": "2021",
    "period": "FY",
    "revenue": 13727000000,
    "costOfRevenue": 7814000000,
    "grossProfit": 5913000000,
    "grossProfitRatio": 0.4307569025,
    "researchAndDevelopmentExpenses": 0,
    "generalAndAdministrativeExpenses": 0,
    "sellingAndMarketingExpenses": 0,
    "sellingGeneralAndAdministrativeExpenses": 0,
    "otherExpenses": 0,
    "operatingExpenses": 3753000000,
    "costAndExpenses": 11567000000,
    "interestIncome": 0,
    "interestExpense": 424000000,
    "depreciationAndAmortization": 515000000,
    "ebitda": 3099000000,
    "ebitdaratio": 0.2257594522,
    "operatingIncome": 2160000000,
    "operatingIncomeRatio": 0.1573541196,
    "totalOtherIncomeExpensesNet": 0,
    "incomeBeforeTax": 2160000000,
    "incomeBeforeTaxRatio": 0.1573541196,
    "incomeTaxExpense": 475000000,
    "netIncome": 1562000000,
    "netIncomeRatio": 0.1137903402,
    "eps": 6.02,
    "epsdiluted": 6,
    "weightedAverageShsOut": 259670000,
    "weightedAverageShsOutDil": 260200000,
    "link": "https://www.sec.gov/Archives/edgar/data/60086/000006008622000007/0000060086-22-000007-index.htm",
    "finalLink": "https://www.sec.gov/Archives/edgar/data/60086/000006008622000007/l-20211231.htm"
  },
  {
    "date": "2020-12-31",
    "symbol": "L",
    "reportedCurrency": "USD",
    "cik": "0000060086",
    "fillingDate": "2021-02-09",
    "acceptedDate": "2021-02-09 15:58:18",
    "calendarYear": "2020",
    "period": "FY",
    "revenue": 13794000000,
    "costOfRevenue": 0,
    "grossProfit": 13794000000,
    "grossProfitRatio": 1,
    "researchAndDevelopmentExpenses": 0,
    "generalAndAdministrativeExpenses": 0,
    "sellingAndMarketingExpenses": 0,
    "sellingGeneralAndAdministrativeExpenses": 0,
    "otherExpenses": 13667000000,
    "operatingExpenses": 13667000000,
    "costAndExpenses": 13667000000,
    "interestIncome": 0,
    "interestExpense": 515000000,
    "depreciationAndAmortization": 734000000,
    "ebitda": -215000000,
    "ebitdaratio": -0.0155864869,
    "operatingIncome": 0,
    "operatingIncomeRatio": 0,
    "totalOtherIncomeExpensesNet": -1464000000,
    "incomeBeforeTax": -1464000000,
    "incomeBeforeTaxRatio": -0.1061331013,
    "incomeTaxExpense": -173000000,
    "netIncome": -931000000,
    "netIncomeRatio": -0.0674931129,
    "eps": -3.32,
    "epsdiluted": -3.32,
    "weightedAverageShsOut": 280320000,
    "weightedAverageShsOutDil": 280320000,
    "link": "https://www.sec.gov/Archives/edgar/data/60086/000114036121003906/0001140361-21-003906-index.htm",
    "finalLink": "https://www.sec.gov/Archives/edgar/data/60086/000114036121003906/brhc10019732_10k.htm"
  },
  {
    "date": "2019-12-31",
    "symbol": "L",
    "reportedCurrency": "USD",
    "cik": "0000060086",
    "fillingDate": "2020-02-12",
    "acceptedDate": "2020-02-11 18:44:28",
    "calendarYear": "2019",
    "period": "FY",
    "revenue": 14727000000,
    "costOfRevenue": 0,
    "grossProfit": 14727000000,
    "grossProfitRatio": 1,
    "researchAndDevelopmentExpenses": 0,
    "generalAndAdministrativeExpenses": 0,
    "sellingAndMarketingExpenses": 0,
    "sellingGeneralAndAdministrativeExpenses": 0,
    "otherExpenses": 4851000000,
    "operatingExpenses": 4851000000,
    "costAndExpenses": 4851000000,
    "interestIncome": 0,
    "interestExpense": 591000000,
    "depreciationAndAmortization": 1687000000,
    "ebitda": 3397000000,
    "ebitdaratio": 0.2306647654,
    "operatingIncome": 10080000000,
    "operatingIncomeRatio": 0.6844571196,
    "totalOtherIncomeExpensesNet": -8961000000,
    "incomeBeforeTax": 1119000000,
    "incomeBeforeTaxRatio": 0.0759828886,
    "incomeTaxExpense": 248000000,
    "netIncome": 932000000,
    "netIncomeRatio": 0.0632851226,
    "eps": 3.08,
    "epsdiluted": 3.07,
    "weightedAverageShsOut": 302700000,
    "weightedAverageShsOutDil": 303350000,
    "link": "https://www.sec.gov/Archives/edgar/data/60086/000119312520031657/0001193125-20-031657-index.htm",
    "finalLink": "https://www.sec.gov/Archives/edgar/data/60086/000119312520031657/d816698d10k.htm"
  },
  {
    "date": "2018-12-31",
    "symbol": "L",
    "reportedCurrency": "USD",
    "cik": "0000060086",
    "fillingDate": "2019-02-13",
    "acceptedDate": "2019-02-13 15:42:38",
    "calendarYear": "2018",
    "period": "FY",
    "revenue": 14066000000,
    "costOfRevenue": 0,
    "grossProfit": 14066000000,
    "grossProfitRatio": 1,
    "researchAndDevelopmentExpenses": 0,
    "generalAndAdministrativeExpenses": 0,
    "sellingAndMarketingExpenses": 0,
    "sellingGeneralAndAdministrativeExpenses": 1386000000,
    "otherExpenses": 12658000000,
    "operatingExpenses": 14044000000,
    "costAndExpenses": 14044000000,
    "interestIncome": 0,
    "interestExpense": 574000000,
    "depreciationAndAmortization": 1656000000,
    "ebitda": 3064000000,
    "ebitdaratio": 0.2178302289,
    "operatingIncome": 1338000000,
    "operatingIncomeRatio": 0.0951229916,
    "totalOtherIncomeExpensesNet": -504000000,
    "incomeBeforeTax": 834000000,
    "incomeBeforeTaxRatio": 0.0592919096,
    "incomeTaxExpense": 128000000,
    "netIncome": 636000000,
    "netIncomeRatio": 0.0452154131,
    "eps": 1.99,
    "epsdiluted": 1.99,
    "weightedAverageShsOut": 319060000,
    "weightedAverageShsOutDil": 319930000,
    "link": "https://www.sec.gov/Archives/edgar/data/60086/000119312519037854/0001193125-19-037854-index.htm",
    "finalLink": "https://www.sec.gov/Archives/edgar/data/60086/000119312519037854/d685868d10k.htm"
  },
  {
    "date": "2017-12-31",
    "symbol": "L",
    "reportedCurrency": "USD",
    "cik": "0000060086",
    "fillingDate": "2018-02-15",
    "acceptedDate": "2018-02-15 10:26:25",
    "calendarYear": "2017",
    "period": "FY",
    "revenue": 13735000000,
    "costOfRevenue": 0,
    "grossProfit": 13735000000,
    "grossProfitRatio": 1,
    "researchAndDevelopmentExpenses": 0,
    "generalAndAdministrativeExpenses": 0,
    "sellingAndMarketingExpenses": 0,
    "sellingGeneralAndAdministrativeExpenses": 2228000000,
    "otherExpenses": 11507000000,
    "operatingExpenses": 13735000000,
    "costAndExpenses": 13735000000,
    "interestIncome": 0,
    "interestExpense": 646000000,
    "depreciationAndAmortization": 874000000,
    "ebitda": 3102000000,
    "ebitdaratio": 0.2258463779,
    "operatingIncome": 1980000000,
    "operatingIncomeRatio": 0.1441572625,
    "totalOtherIncomeExpensesNet": -398000000,
    "incomeBeforeTax": 1582000000,
    "incomeBeforeTaxRatio": 0.1151801966,
    "incomeTaxExpense": 170000000,
    "netIncome": 1164000000,
    "netIncomeRatio": 0.0847469967,
    "eps": 3.46,
    "epsdiluted": 3.45,
    "weightedAverageShsOut": 336610000,
    "weightedAverageShsOutDil": 337500000,
    "link": "https://www.sec.gov/Archives/edgar/data/60086/000119312518046681/0001193125-18-046681-index.htm",
    "finalLink": "https://www.sec.gov/Archives/edgar/data/60086/000119312518046681/d522464d10k.htm"
  },
  {
    "date": "2016-12-31",
    "symbol": "L",
    "reportedCurrency": "USD",
    "cik": "0000060086",
    "fillingDate": "2017-02-16",
    "acceptedDate": "2017-02-16 14:38:36",
    "calendarYear": "2016",
    "period": "FY",
    "revenue": 13105000000,
    "costOfRevenue": 0,
    "grossProfit": 13105000000,
    "grossProfitRatio": 1,
    "researchAndDevelopmentExpenses": 0,
    "generalAndAdministrativeExpenses": 0,
    "sellingAndMarketingExpenses": 0,
    "sellingGeneralAndAdministrativeExpenses": 1472000000,
    "otherExpenses": 11633000000,
    "operatingExpenses": 13105000000,
    "costAndExpenses": 12169000000,
    "interestIncome": 0,
    "interestExpense": 536000000,
    "depreciationAndAmortization": 841000000,
    "ebitda": 2313000000,
    "ebitdaratio": 0.17649752,
    "operatingIncome": 8941000000,
    "operatingIncomeRatio": 0.6822586799,
    "totalOtherIncomeExpensesNet": -8005000000,
    "incomeBeforeTax": 936000000,
    "incomeBeforeTaxRatio": 0.0714231209,
    "incomeTaxExpense": 220000000,
    "netIncome": 654000000,
    "netIncomeRatio": 0.0499046166,
    "eps": 1.93,
    "epsdiluted": 1.93,
    "weightedAverageShsOut": 337950000,
    "weightedAverageShsOutDil": 338310000,
    "link": "https://www.sec.gov/Archives/edgar/data/60086/000119312517046521/0001193125-17-046521-index.htm",
    "finalLink": "https://www.sec.gov/Archives/edgar/data/60086/000119312517046521/d284597d10k.htm"
  },
  {
    "date": "2015-12-31",
    "symbol": "L",
    "reportedCurrency": "USD",
    "cik": "0000060086",
    "fillingDate": "2016-02-19",
    "acceptedDate": "2016-02-19 17:12:22",
    "calendarYear": "2015",
    "period": "FY",
    "revenue": 13415000000,
    "costOfRevenue": 0,
    "grossProfit": 13415000000,
    "grossProfitRatio": 1,
    "researchAndDevelopmentExpenses": 0,
    "generalAndAdministrativeExpenses": 0,
    "sellingAndMarketingExpenses": 0,
    "sellingGeneralAndAdministrativeExpenses": 0,
    "otherExpenses": 13415000000,
    "operatingExpenses": 13415000000,
    "costAndExpenses": 13171000000,
    "interestIncome": 0,
    "interestExpense": 520000000,
    "depreciationAndAmortization": 955000000,
    "ebitda": 1719000000,
    "ebitdaratio": 0.1281401416,
    "operatingIncome": 737000000,
    "operatingIncomeRatio": 0.0549385017,
    "totalOtherIncomeExpensesNet": -493000000,
    "incomeBeforeTax": 244000000,
    "incomeBeforeTaxRatio": 0.0181885949,
    "incomeTaxExpense": -43000000,
    "netIncome": 260000000,
    "netIncomeRatio": 0.0193812896,
    "eps": 0.76,
    "epsdiluted": 0.72,
    "weightedAverageShsOut": 339898000,
    "weightedAverageShsOutDil": 362690000,
    "link": "https://www.sec.gov/Archives/edgar/data/60086/000119312516470141/0001193125-16-470141-index.htm",
    "finalLink": "https://www.sec.gov/Archives/edgar/data/60086/000119312516470141/d90277d10k.htm"
  },
  {
    "date": "2014-12-31",
    "symbol": "L",
    "reportedCurrency": "USD",
    "cik": "0000060086",
    "fillingDate": "2015-02-24",
    "acceptedDate": "2015-02-23 21:36:03",
    "calendarYear": "2014",
    "period": "FY",
    "revenue": 14325000000,
    "costOfRevenue": 0,
    "grossProfit": 14325000000,
    "grossProfitRatio": 1,
    "researchAndDevelopmentExpenses": 0,
    "generalAndAdministrativeExpenses": 0,
    "sellingAndMarketingExpenses": 0,
    "sellingGeneralAndAdministrativeExpenses": 0,
    "otherExpenses": 12515000000,
    "operatingExpenses": 12515000000,
    "costAndExpenses": 12515000000,
    "interestIncome": 0,
    "interestExpense": 498000000,
    "depreciationAndAmortization": 899000000,
    "ebitda": 3207000000,
    "ebitdaratio": 0.2238743455,
    "operatingIncome": 14325000000,
    "operatingIncomeRatio": 1,
    "totalOtherIncomeExpensesNet": -12515000000,
    "incomeBeforeTax": 1810000000,
    "incomeBeforeTaxRatio": 0.1263525305,
    "incomeTaxExpense": 457000000,
    "netIncome": 591000000,
    "netIncomeRatio": 0.0412565445,
    "eps": 1.58,
    "epsdiluted": 1.55,
    "weightedAverageShsOut": 381920000,
    "weightedAverageShsOutDil": 382550000,
    "link": "https://www.sec.gov/Archives/edgar/data/60086/000119312515058679/0001193125-15-058679-index.htm",
    "finalLink": "https://www.sec.gov/Archives/edgar/data/60086/000119312515058679/d841155d10k.htm"
  },
  {
    "date": "2013-12-31",
    "symbol": "L",
    "reportedCurrency": "USD",
    "cik": "0000060086",
    "fillingDate": "2014-02-24",
    "acceptedDate": "2014-02-24 15:59:00",
    "calendarYear": "2013",
    "period": "FY",
    "revenue": 14613000000,
    "costOfRevenue": 0,
    "grossProfit": 14613000000,
    "grossProfitRatio": 1,
    "researchAndDevelopmentExpenses": 0,
    "generalAndAdministrativeExpenses": 0,
    "sellingAndMarketingExpenses": 0,
    "sellingGeneralAndAdministrativeExpenses": 0,
    "otherExpenses": 14613000000,
    "operatingExpenses": 14613000000,
    "costAndExpenses": 14613000000,
    "interestIncome": 0,
    "interestExpense": 425000000,
    "depreciationAndAmortization": 871000000,
    "ebitda": 2646000000,
    "ebitdaratio": 0.1810716485,
    "operatingIncome": -927000000,
    "operatingIncomeRatio": -0.063436666,
    "totalOtherIncomeExpensesNet": 3204000000,
    "incomeBeforeTax": 2277000000,
    "incomeBeforeTaxRatio": 0.1558201601,
    "incomeTaxExpense": 656000000,
    "netIncome": 595000000,
    "netIncomeRatio": 0.0407171696,
    "eps": 1.53,
    "epsdiluted": 1.53,
    "weightedAverageShsOut": 388640000,
    "weightedAverageShsOutDil": 389510000,
    "link": "https://www.sec.gov/Archives/edgar/data/60086/000119312514064964/0001193125-14-064964-index.htm",
    "finalLink": "https://www.sec.gov/Archives/edgar/data/60086/000119312514064964/d620046d10k.htm"
  },
  {
    "date": "2012-12-31",
    "symbol": "L",
    "reportedCurrency": "USD",
    "cik": "0000060086",
    "fillingDate": "2013-02-22",
    "acceptedDate": "2013-02-22 10:00:53",
    "calendarYear": "2012",
    "period": "FY",
    "revenue": 14072000000,
    "costOfRevenue": 0,
    "grossProfit": 14072000000,
    "grossProfitRatio": 1,
    "researchAndDevelopmentExpenses": 0,
    "generalAndAdministrativeExpenses": 0,
    "sellingAndMarketingExpenses": 0,
    "sellingGeneralAndAdministrativeExpenses": 0,
    "otherExpenses": 12050000000,
    "operatingExpenses": 12050000000,
    "costAndExpenses": 12050000000,
    "interestIncome": 14000000,
    "interestExpense": 440000000,
    "depreciationAndAmortization": 905000000,
    "ebitda": 2744000000,
    "ebitdaratio": 0.1949971575,
    "operatingIncome": 2410000000,
    "operatingIncomeRatio": 0.1712620807,
    "totalOtherIncomeExpensesNet": -388000000,
    "incomeBeforeTax": 2022000000,
    "incomeBeforeTaxRatio": 0.1436895964,
    "incomeTaxExpense": 513000000,
    "netIncome": 568000000,
    "netIncomeRatio": 0.0403638431,
    "eps": 1.44,
    "epsdiluted": 1.43,
    "weightedAverageShsOut": 395120000,
    "weightedAverageShsOutDil": 395870000,
    "link": "https://www.sec.gov/Archives/edgar/data/60086/000119312513070611/0001193125-13-070611-index.htm",
    "finalLink": "https://www.sec.gov/Archives/edgar/data/60086/000119312513070611/d464015d10k.htm"
  },
  {
    "date": "2011-12-31",
    "symbol": "L",
    "reportedCurrency": "USD",
    "cik": "0000060086",
    "fillingDate": "2012-02-22",
    "acceptedDate": "2012-02-22 16:47:11",
    "calendarYear": "2011",
    "period": "FY",
    "revenue": 14127000000,
    "costOfRevenue": 0,
    "grossProfit": 14127000000,
    "grossProfitRatio": 1,
    "researchAndDevelopmentExpenses": 0,
    "generalAndAdministrativeExpenses": 0,
    "sellingAndMarketingExpenses": 1549000000,
    "sellingGeneralAndAdministrativeExpenses": 1549000000,
    "otherExpenses": 10354000000,
    "operatingExpenses": 11903000000,
    "costAndExpenses": 11895000000,
    "interestIncome": 0,
    "interestExpense": 522000000,
    "depreciationAndAmortization": 833000000,
    "ebitda": 3581000000,
    "ebitdaratio": 0.253486232,
    "operatingIncome": 2122000000,
    "operatingIncomeRatio": 0.15020882,
    "totalOtherIncomeExpensesNet": 104000000,
    "incomeBeforeTax": 2226000000,
    "incomeBeforeTaxRatio": 0.1575706095,
    "incomeTaxExpense": 532000000,
    "netIncome": 1062000000,
    "netIncomeRatio": 0.0751751964,
    "eps": 2.69,
    "epsdiluted": 2.63,
    "weightedAverageShsOut": 396201000,
    "weightedAverageShsOutDil": 405320000,
    "link": "https://www.sec.gov/Archives/edgar/data/60086/000119312512072891/0001193125-12-072891-index.htm",
    "finalLink": "https://www.sec.gov/Archives/edgar/data/60086/000119312512072891/d257213d10k.htm"
  },
  {
    "date": "2010-12-31",
    "symbol": "L",
    "reportedCurrency": "USD",
    "cik": "0000060086",
    "fillingDate": "2011-02-23",
    "acceptedDate": "2011-02-23 13:45:57",
    "calendarYear": "2010",
    "period": "FY",
    "revenue": 14615000000,
    "costOfRevenue": 0,
    "grossProfit": 14615000000,
    "grossProfitRatio": 1,
    "researchAndDevelopmentExpenses": 0,
    "generalAndAdministrativeExpenses": 0,
    "sellingAndMarketingExpenses": 1391000000,
    "sellingGeneralAndAdministrativeExpenses": 1391000000,
    "otherExpenses": 10322000000,
    "operatingExpenses": 11713000000,
    "costAndExpenses": 11713000000,
    "interestIncome": 0,
    "interestExpense": 517000000,
    "depreciationAndAmortization": 816000000,
    "ebitda": 4235000000,
    "ebitdaratio": 0.2897707834,
    "operatingIncome": 3419000000,
    "operatingIncomeRatio": 0.2339377352,
    "totalOtherIncomeExpensesNet": -517000000,
    "incomeBeforeTax": 2902000000,
    "incomeBeforeTaxRatio": 0.1985631201,
    "incomeTaxExpense": 894000000,
    "netIncome": 1289000000,
    "netIncomeRatio": 0.0881970578,
    "eps": 3.08,
    "epsdiluted": 3.07,
    "weightedAverageShsOut": 418720000,
    "weightedAverageShsOutDil": 419520000,
    "link": "https://www.sec.gov/Archives/edgar/data/60086/000119312511043352/0001193125-11-043352-index.htm",
    "finalLink": "https://www.sec.gov/Archives/edgar/data/60086/000119312511043352/d10k.htm"
  },
  {
    "date": "2009-12-31",
    "symbol": "L",
    "reportedCurrency": "USD",
    "cik": "0000060086",
    "fillingDate": "2010-02-24",
    "acceptedDate": "2010-02-24 14:21:07",
    "calendarYear": "2009",
    "period": "FY",
    "revenue": 15145000000,
    "costOfRevenue": 1028000000,
    "grossProfit": 14117000000,
    "grossProfitRatio": 0.9321228128,
    "researchAndDevelopmentExpenses": 0,
    "generalAndAdministrativeExpenses": 0,
    "sellingAndMarketingExpenses": 1224000000,
    "sellingGeneralAndAdministrativeExpenses": 1224000000,
    "otherExpenses": 11163000000,
    "operatingExpenses": 12387000000,
    "costAndExpenses": 14117000000,
    "interestIncome": 0,
    "interestExpense": 448000000,
    "depreciationAndAmortization": 784000000,
    "ebitda": 2962000000,
    "ebitdaratio": 0.1955760977,
    "operatingIncome": 1357000000,
    "operatingIncomeRatio": 0.0896005282,
    "totalOtherIncomeExpensesNet": 373000000,
    "incomeBeforeTax": 1730000000,
    "incomeBeforeTaxRatio": 0.1142291185,
    "incomeTaxExpense": 345000000,
    "netIncome": 564000000,
    "netIncomeRatio": 0.0372400132,
    "eps": 1.3,
    "epsdiluted": 1.3,
    "weightedAverageShsOut": 432810000,
    "weightedAverageShsOutDil": 433450000,
    "link": "https://www.sec.gov/Archives/edgar/data/60086/000119312510038679/0001193125-10-038679-index.htm",
    "finalLink": "https://www.sec.gov/Archives/edgar/data/60086/000119312510038679/d10k.htm"
  },
  {
    "date": "2008-12-31",
    "symbol": "L",
    "reportedCurrency": "USD",
    "cik": "0000060086",
    "fillingDate": "2009-02-25",
    "acceptedDate": "2009-02-25 13:00:30",
    "calendarYear": "2008",
    "period": "FY",
    "revenue": 13247000000,
    "costOfRevenue": 0,
    "grossProfit": 13247000000,
    "grossProfitRatio": 1,
    "researchAndDevelopmentExpenses": 0,
    "generalAndAdministrativeExpenses": 0,
    "sellingAndMarketingExpenses": 1185000000,
    "sellingGeneralAndAdministrativeExpenses": 1185000000,
    "otherExpenses": 12062000000,
    "operatingExpenses": 13247000000,
    "costAndExpenses": 13247000000,
    "interestIncome": 0,
    "interestExpense": 345000000,
    "depreciationAndAmortization": 692000000,
    "ebitda": 1624000000,
    "ebitdaratio": 0.1225937948,
    "operatingIncome": 0,
    "operatingIncomeRatio": 0,
    "totalOtherIncomeExpensesNet": 587000000,
    "incomeBeforeTax": 587000000,
    "incomeBeforeTaxRatio": 0.0443119197,
    "incomeTaxExpense": 7000000,
    "netIncome": 4530000000,
    "netIncomeRatio": 0.3419642183,
    "eps": 9.05,
    "epsdiluted": 9.05,
    "weightedAverageShsOut": 477230000,
    "weightedAverageShsOutDil": 477230000,
    "link": "https://www.sec.gov/Archives/edgar/data/60086/000006008609000008/0000060086-09-000008-index.htm",
    "finalLink": "https://www.sec.gov/Archives/edgar/data/60086/000006008609000008/form10k.htm"
  },
  {
    "date": "2007-12-31",
    "symbol": "L",
    "reportedCurrency": "USD",
    "cik": "0000060086",
    "fillingDate": "2008-02-27",
    "acceptedDate": "2008-02-27 16:35:45",
    "calendarYear": "2007",
    "period": "FY",
    "revenue": 14302000000,
    "costOfRevenue": 0,
    "grossProfit": 14302000000,
    "grossProfitRatio": 1,
    "researchAndDevelopmentExpenses": 0,
    "generalAndAdministrativeExpenses": 0,
    "sellingAndMarketingExpenses": 1004000000,
    "sellingGeneralAndAdministrativeExpenses": 1004000000,
    "otherExpenses": 13298000000,
    "operatingExpenses": 14302000000,
    "costAndExpenses": 14302000000,
    "interestIncome": 0,
    "interestExpense": 318000000,
    "depreciationAndAmortization": 511000000,
    "ebitda": 5404000000,
    "ebitdaratio": 0.3778492519,
    "operatingIncome": 1326000000,
    "operatingIncomeRatio": 0.0927143057,
    "totalOtherIncomeExpensesNet": 3249000000,
    "incomeBeforeTax": 4575000000,
    "incomeBeforeTaxRatio": 0.3198853307,
    "incomeTaxExpense": 1481000000,
    "netIncome": 2489000000,
    "netIncomeRatio": 0.174031604,
    "eps": 3.66,
    "epsdiluted": 3.65,
    "weightedAverageShsOut": 643220000,
    "weightedAverageShsOutDil": 644570000,
    "link": "https://www.sec.gov/Archives/edgar/data/60086/000006008608000018/0000060086-08-000018-index.htm",
    "finalLink": "https://www.sec.gov/Archives/edgar/data/60086/000006008608000018/form10k.htm"
  },
  {
    "date": "2006-12-31",
    "symbol": "L",
    "reportedCurrency": "USD",
    "cik": "0000060086",
    "fillingDate": "2007-02-26",
    "acceptedDate": "2007-02-23 17:39:13",
    "calendarYear": "2006",
    "period": "FY",
    "revenue": 17911000000,
    "costOfRevenue": 0,
    "grossProfit": 17911000000,
    "grossProfitRatio": 1,
    "researchAndDevelopmentExpenses": 0,
    "generalAndAdministrativeExpenses": 0,
    "sellingAndMarketingExpenses": 0,
    "sellingGeneralAndAdministrativeExpenses": 0,
    "otherExpenses": 17911000000,
    "operatingExpenses": 17911000000,
    "costAndExpenses": 17911000000,
    "interestIncome": 0,
    "interestExpense": 304100000,
    "depreciationAndAmortization": 399500000,
    "ebitda": 5175700000,
    "ebitdaratio": 0.2889676735,
    "operatingIncome": 4613700000,
    "operatingIncomeRatio": 0.2575903076,
    "totalOtherIncomeExpensesNet": -141600000,
    "incomeBeforeTax": 4472100000,
    "incomeBeforeTaxRatio": 0.2496845514,
    "incomeTaxExpense": 1450700000,
    "netIncome": 2491300000,
    "netIncomeRatio": 0.1390932946,
    "eps": 3.75,
    "epsdiluted": 3.75,
    "weightedAverageShsOut": 646050000,
    "weightedAverageShsOutDil": 647010000,
    "link": "https://www.sec.gov/Archives/edgar/data/60086/000006008607000015/0000060086-07-000015-index.htm",
    "finalLink": "https://www.sec.gov/Archives/edgar/data/60086/000006008607000015/form10-k.htm"
  },
  {
    "date": "2005-12-31",
    "symbol": "L",
    "reportedCurrency": "USD",
    "cik": "0000060086",
    "fillingDate": "2006-03-10",
    "acceptedDate": "2006-03-09 20:29:19",
    "calendarYear": "2005",
    "period": "FY",
    "revenue": 16017800000,
    "costOfRevenue": 0,
    "grossProfit": 16017800000,
    "grossProfitRatio": 1,
    "researchAndDevelopmentExpenses": 0,
    "generalAndAdministrativeExpenses": 0,
    "sellingAndMarketingExpenses": 0,
    "sellingGeneralAndAdministrativeExpenses": 2376800000,
    "otherExpenses": 13641000000,
    "operatingExpenses": 16017800000,
    "costAndExpenses": 16017800000,
    "interestIncome": 0,
    "interestExpense": 364200000,
    "depreciationAndAmortization": 382100000,
    "ebitda": 2592800000,
    "ebitdaratio": 0.1618699197,
    "operatingIncome": 2066200000,
    "operatingIncomeRatio": 0.1289939942,
    "totalOtherIncomeExpensesNet": -219700000,
    "incomeBeforeTax": 1846500000,
    "incomeBeforeTaxRatio": 0.1152780032,
    "incomeTaxExpense": 490400000,
    "netIncome": 1211600000,
    "netIncomeRatio": 0.0756408496,
    "eps": 1.72,
    "epsdiluted": 1.72,
    "weightedAverageShsOut": 557100000,
    "weightedAverageShsOutDil": 557970000,
    "link": "https://www.sec.gov/Archives/edgar/data/60086/000006008606000024/0000060086-06-000024-index.htm",
    "finalLink": "https://www.sec.gov/Archives/edgar/data/60086/000006008606000024/body.htm"
  },
  {
    "date": "2004-12-31",
    "symbol": "L",
    "reportedCurrency": "USD",
    "cik": "0000060086",
    "fillingDate": "2005-03-03",
    "acceptedDate": "2005-03-02 20:26:26",
    "calendarYear": "2004",
    "period": "FY",
    "revenue": 15242300000,
    "costOfRevenue": 0,
    "grossProfit": 15242300000,
    "grossProfitRatio": 1,
    "researchAndDevelopmentExpenses": 0,
    "generalAndAdministrativeExpenses": 0,
    "sellingAndMarketingExpenses": 0,
    "sellingGeneralAndAdministrativeExpenses": 0,
    "otherExpenses": 15242300000,
    "operatingExpenses": 15242300000,
    "costAndExpenses": 15242300000,
    "interestIncome": 0,
    "interestExpense": 324100000,
    "depreciationAndAmortization": 350800000,
    "ebitda": 2503700000,
    "ebitdaratio": 0.164259987,
    "operatingIncome": 2089200000,
    "operatingIncomeRatio": 0.1370659284,
    "totalOtherIncomeExpensesNet": -260400000,
    "incomeBeforeTax": 1828800000,
    "incomeBeforeTaxRatio": 0.1199818925,
    "incomeTaxExpense": 533800000,
    "netIncome": 1231300000,
    "netIncomeRatio": 0.0807817718,
    "eps": 1.88,
    "epsdiluted": 1.88,
    "weightedAverageShsOut": 556500000,
    "weightedAverageShsOutDil": 556500000,
    "link": "https://www.sec.gov/Archives/edgar/data/60086/000006008605000022/0000060086-05-000022-index.htm",
    "finalLink": "https://www.sec.gov/Archives/edgar/data/60086/000006008605000022/lc_bodytwo.htm"
  },
  {
    "date": "2003-12-31",
    "symbol": "L",
    "reportedCurrency": "USD",
    "cik": "0000060086",
    "fillingDate": "2004-03-01",
    "acceptedDate": "2004-02-27 20:36:01",
    "calendarYear": "2003",
    "period": "FY",
    "revenue": 16293000000,
    "costOfRevenue": 0,
    "grossProfit": 16293000000,
    "grossProfitRatio": 1,
    "researchAndDevelopmentExpenses": 0,
    "generalAndAdministrativeExpenses": 0,
    "sellingAndMarketingExpenses": 0,
    "sellingGeneralAndAdministrativeExpenses": 0,
    "otherExpenses": 16293000000,
    "operatingExpenses": 16293000000,
    "costAndExpenses": 16293000000,
    "interestIncome": 0,
    "interestExpense": 308400000,
    "depreciationAndAmortization": 192000000,
    "ebitda": -878000000,
    "ebitdaratio": -0.0538881728,
    "operatingIncome": -836400000,
    "operatingIncomeRatio": -0.0513349291,
    "totalOtherIncomeExpensesNet": -538600000,
    "incomeBeforeTax": -1375000000,
    "incomeBeforeTaxRatio": -0.0843920702,
    "incomeTaxExpense": -534100000,
    "netIncome": -597000000,
    "netIncomeRatio": -0.0366415025,
    "eps": -1.28,
    "epsdiluted": -1.28,
    "weightedAverageShsOut": 556350000,
    "weightedAverageShsOutDil": 556350000,
    "link": "https://www.sec.gov/Archives/edgar/data/60086/000006008604000013/0000060086-04-000013-index.htm",
    "finalLink": "https://www.sec.gov/Archives/edgar/data/60086/000006008604000013/loewsk.txt"
  },
  {
    "date": "2002-12-31",
    "symbol": "L",
    "reportedCurrency": "USD",
    "cik": "0000060086",
    "fillingDate": "2003-03-27",
    "acceptedDate": "2003-03-26 21:27:27",
    "calendarYear": "2002",
    "period": "FY",
    "revenue": 17495400000,
    "costOfRevenue": 0,
    "grossProfit": 17495400000,
    "grossProfitRatio": 1,
    "researchAndDevelopmentExpenses": 0,
    "generalAndAdministrativeExpenses": 0,
    "sellingAndMarketingExpenses": 0,
    "sellingGeneralAndAdministrativeExpenses": 0,
    "otherExpenses": 17463900000,
    "operatingExpenses": 17463900000,
    "costAndExpenses": 17463900000,
    "interestIncome": 0,
    "interestExpense": 309600000,
    "depreciationAndAmortization": 139000000,
    "ebitda": 2114700000,
    "ebitdaratio": 0.120871772,
    "operatingIncome": 0,
    "operatingIncomeRatio": 0,
    "totalOtherIncomeExpensesNet": 1666100000,
    "incomeBeforeTax": 1666100000,
    "incomeBeforeTaxRatio": 0.0952307464,
    "incomeTaxExpense": 582200000,
    "netIncome": 912000000,
    "netIncomeRatio": 0.0521279879,
    "eps": 1.64,
    "epsdiluted": 1.64,
    "weightedAverageShsOut": 564930000,
    "weightedAverageShsOutDil": 564930000,
    "link": "https://www.sec.gov/Archives/edgar/data/60086/000006008603000017/0000060086-03-000017-index.htm",
    "finalLink": "https://www.sec.gov/Archives/edgar/data/60086/000006008603000017/completek.txt"
  },
  {
    "date": "2001-12-31",
    "symbol": "L",
    "reportedCurrency": "USD",
    "cik": "0000060086",
    "fillingDate": "2002-03-08",
    "acceptedDate": "2002-03-08 00:00:00",
    "calendarYear": "2001",
    "period": "FY",
    "revenue": 18736200000,
    "costOfRevenue": -681000000,
    "grossProfit": 19417200000,
    "grossProfitRatio": 1.0363467512,
    "researchAndDevelopmentExpenses": 0,
    "generalAndAdministrativeExpenses": 0,
    "sellingAndMarketingExpenses": 0,
    "sellingGeneralAndAdministrativeExpenses": 0,
    "otherExpenses": 19500700000,
    "operatingExpenses": 19500700000,
    "costAndExpenses": 18736200000,
    "interestIncome": 0,
    "interestExpense": 332000000,
    "depreciationAndAmortization": 58700000,
    "ebitda": -373800000,
    "ebitdaratio": -0.0199506837,
    "operatingIncome": -432500000,
    "operatingIncomeRatio": -0.0230836562,
    "totalOtherIncomeExpensesNet": -332000000,
    "incomeBeforeTax": -764500000,
    "incomeBeforeTaxRatio": -0.0408033646,
    "incomeTaxExpense": -178400000,
    "netIncome": -553800000,
    "netIncomeRatio": -0.0295577545,
    "eps": -0.96,
    "epsdiluted": -0.94,
    "weightedAverageShsOut": 574470000,
    "weightedAverageShsOutDil": 587067000,
    "link": "https://www.sec.gov/Archives/edgar/data/60086/000006008602000008/0000060086-02-000008-index.htm",
    "finalLink": "https://www.sec.gov/Archives/edgar/data/60086/000006008602000008/lc01k.txt"
  },
  {
    "date": "2000-12-31",
    "symbol": "L",
    "reportedCurrency": "USD",
    "cik": "0000060086",
    "fillingDate": "2001-03-16",
    "acceptedDate": "2001-03-16 00:00:00",
    "calendarYear": "2000",
    "period": "FY",
    "revenue": 20633000000,
    "costOfRevenue": 0,
    "grossProfit": 20633000000,
    "grossProfitRatio": 1,
    "researchAndDevelopmentExpenses": 0,
    "generalAndAdministrativeExpenses": 0,
    "sellingAndMarketingExpenses": 0,
    "sellingGeneralAndAdministrativeExpenses": 0,
    "otherExpenses": 20633000000,
    "operatingExpenses": 20633000000,
    "costAndExpenses": 20633000000,
    "interestIncome": 0,
    "interestExpense": 356900000,
    "depreciationAndAmortization": -13900000,
    "ebitda": 3478900000,
    "ebitdaratio": 0.1686085397,
    "operatingIncome": 1126700000,
    "operatingIncomeRatio": 0.054606698,
    "totalOtherIncomeExpensesNet": 2009200000,
    "incomeBeforeTax": 3135900000,
    "incomeBeforeTaxRatio": 0.1519846847,
    "incomeTaxExpense": 1089700000,
    "netIncome": 1848600000,
    "netIncomeRatio": 0.0895943392,
    "eps": 3.1,
    "epsdiluted": 3.1,
    "weightedAverageShsOut": 591690000,
    "weightedAverageShsOutDil": 591690000,
    "link": "https://www.sec.gov/Archives/edgar/data/60086/000006008601500005/0000060086-01-500005-index.htm",
    "finalLink": "https://www.sec.gov/Archives/edgar/data/60086/000006008601500005/sigsub.txt"
  },
  {
    "date": "1999-12-31",
    "symbol": "L",
    "reportedCurrency": "USD",
    "cik": "0000060086",
    "fillingDate": "2000-03-30",
    "acceptedDate": "2000-03-30 00:00:00",
    "calendarYear": "1999",
    "period": "FY",
    "revenue": 21465200000,
    "costOfRevenue": 0,
    "grossProfit": 21465200000,
    "grossProfitRatio": 1,
    "researchAndDevelopmentExpenses": 0,
    "generalAndAdministrativeExpenses": 3981600000,
    "sellingAndMarketingExpenses": 0,
    "sellingGeneralAndAdministrativeExpenses": 3981600000,
    "otherExpenses": 17483600000,
    "operatingExpenses": 21465200000,
    "costAndExpenses": 21465200000,
    "interestIncome": 0,
    "interestExpense": 354300000,
    "depreciationAndAmortization": 298000000,
    "ebitda": 1596500000,
    "ebitdaratio": 0.0743761996,
    "operatingIncome": 412000000,
    "operatingIncomeRatio": 0.019193858,
    "totalOtherIncomeExpensesNet": 532200000,
    "incomeBeforeTax": 944200000,
    "incomeBeforeTaxRatio": 0.0439874774,
    "incomeTaxExpense": -305500000,
    "netIncome": 363200000,
    "netIncomeRatio": 0.0169204107,
    "eps": 0.56,
    "epsdiluted": 0.56,
    "weightedAverageShsOut": 650507000,
    "weightedAverageShsOutDil": 666667000,
    "link": "https://www.sec.gov/Archives/edgar/data/60086/000006008600000011/0000060086-00-000011-index.htm",
    "finalLink": "https://www.sec.gov/Archives/edgar/data/60086/000006008600000011/"
  },
  {
    "date": "1998-12-31",
    "symbol": "L",
    "reportedCurrency": "USD",
    "cik": "0000060086",
    "fillingDate": "1999-03-31",
    "acceptedDate": "1999-03-31 00:00:00",
    "calendarYear": "1998",
    "period": "FY",
    "revenue": 21208300000,
    "costOfRevenue": 0,
    "grossProfit": 21208300000,
    "grossProfitRatio": 1,
    "researchAndDevelopmentExpenses": 0,
    "generalAndAdministrativeExpenses": 4257500000,
    "sellingAndMarketingExpenses": 0,
    "sellingGeneralAndAdministrativeExpenses": 4257500000,
    "otherExpenses": 17038500000,
    "operatingExpenses": 21296000000,
    "costAndExpenses": 21296000000,
    "interestIncome": 0,
    "interestExpense": 369200000,
    "depreciationAndAmortization": 219700000,
    "ebitda": 1666300000,
    "ebitdaratio": 0.0785682964,
    "operatingIncome": 479500000,
    "operatingIncomeRatio": 0.0226090729,
    "totalOtherIncomeExpensesNet": 597900000,
    "incomeBeforeTax": 1077400000,
    "incomeBeforeTaxRatio": 0.0508008657,
    "incomeTaxExpense": -354500000,
    "netIncome": 464800000,
    "netIncomeRatio": 0.021915948,
    "eps": 0.68,
    "epsdiluted": 0.68,
    "weightedAverageShsOut": 686897000,
    "weightedAverageShsOutDil": 689454000,
    "link": "https://www.sec.gov/Archives/edgar/data/60086/000006008699000002/0000060086-99-000002-index.html",
    "finalLink": "https://www.sec.gov/Archives/edgar/data/60086/"
  },
  {
    "date": "1997-12-31",
    "symbol": "L",
    "reportedCurrency": "USD",
    "cik": "0000060086",
    "fillingDate": "1998-03-31",
    "acceptedDate": "1998-03-31 00:00:00",
    "calendarYear": "1997",
    "period": "FY",
    "revenue": 20138800000,
    "costOfRevenue": 0,
    "grossProfit": 20138800000,
    "grossProfitRatio": 1,
    "researchAndDevelopmentExpenses": 0,
    "generalAndAdministrativeExpenses": 3592200000,
    "sellingAndMarketingExpenses": 0,
    "sellingGeneralAndAdministrativeExpenses": 3592200000,
    "otherExpenses": 16546600000,
    "operatingExpenses": 20138800000,
    "costAndExpenses": 20138800000,
    "interestIncome": 0,
    "interestExpense": 323400000,
    "depreciationAndAmortization": 226500000,
    "ebitda": 2143100000,
    "ebitdaratio": 0.1064164697,
    "operatingIncome": 621700000,
    "operatingIncomeRatio": 0.0308707569,
    "totalOtherIncomeExpensesNet": 971500000,
    "incomeBeforeTax": 1593200000,
    "incomeBeforeTaxRatio": 0.0791109699,
    "incomeTaxExpense": -495300000,
    "netIncome": 793600000,
    "netIncomeRatio": 0.0394065188,
    "eps": 1.15,
    "epsdiluted": 1.15,
    "weightedAverageShsOut": 690087000,
    "weightedAverageShsOutDil": 690087000,
    "link": "https://www.sec.gov/Archives/edgar/data/60086/000006008698000004/0000060086-98-000004-index.html",
    "finalLink": "https://www.sec.gov/Archives/edgar/data/60086/"
  },
  {
    "date": "1996-12-31",
    "symbol": "L",
    "reportedCurrency": "USD",
    "cik": "0000060086",
    "fillingDate": "1997-03-27",
    "acceptedDate": "1997-03-27 00:00:00",
    "calendarYear": "1996",
    "period": "FY",
    "revenue": 20442400000,
    "costOfRevenue": 0,
    "grossProfit": 20442400000,
    "grossProfitRatio": 1,
    "researchAndDevelopmentExpenses": 0,
    "generalAndAdministrativeExpenses": 3161900000,
    "sellingAndMarketingExpenses": 0,
    "sellingGeneralAndAdministrativeExpenses": 3161900000,
    "otherExpenses": 17280500000,
    "operatingExpenses": 20442400000,
    "costAndExpenses": 20442400000,
    "interestIncome": 0,
    "interestExpense": 318000000,
    "depreciationAndAmortization": 107400000,
    "ebitda": 2833200000,
    "ebitdaratio": 0.1385942942,
    "operatingIncome": 910500000,
    "operatingIncomeRatio": 0.0445397801,
    "totalOtherIncomeExpensesNet": 1497300000,
    "incomeBeforeTax": 2407800000,
    "incomeBeforeTaxRatio": 0.1177846045,
    "incomeTaxExpense": -791400000,
    "netIncome": 1383900000,
    "netIncomeRatio": 0.0676975306,
    "eps": 1.99,
    "epsdiluted": 1.99,
    "weightedAverageShsOut": 697179000,
    "weightedAverageShsOutDil": 699121000,
    "link": "https://www.sec.gov/Archives/edgar/data/60086/000006008697000009/0000060086-97-000009-index.html",
    "finalLink": "https://www.sec.gov/Archives/edgar/data/60086/0000060086-97-000009.txt"
  },
  {
    "date": "1995-12-31",
    "symbol": "L",
    "reportedCurrency": "USD",
    "cik": "0000060086",
    "fillingDate": "1996-03-28",
    "acceptedDate": "1996-03-28 00:00:00",
    "calendarYear": "1995",
    "period": "FY",
    "revenue": 18677400000,
    "costOfRevenue": 0,
    "grossProfit": 18677400000,
    "grossProfitRatio": 1,
    "researchAndDevelopmentExpenses": 0,
    "generalAndAdministrativeExpenses": 1854900000,
    "sellingAndMarketingExpenses": 941400000,
    "sellingGeneralAndAdministrativeExpenses": 2796300000,
    "otherExpenses": 15881100000,
    "operatingExpenses": 18677400000,
    "costAndExpenses": 18677400000,
    "interestIncome": 0,
    "interestExpense": 282500000,
    "depreciationAndAmortization": 84400000,
    "ebitda": 3206200000,
    "ebitdaratio": 0.1716620086,
    "operatingIncome": 1102900000,
    "operatingIncomeRatio": 0.0590499748,
    "totalOtherIncomeExpensesNet": 1736400000,
    "incomeBeforeTax": 2839300000,
    "incomeBeforeTaxRatio": 0.1520179468,
    "incomeTaxExpense": -945300000,
    "netIncome": 1765700000,
    "netIncomeRatio": 0.0945367128,
    "eps": 2.5,
    "epsdiluted": 2.5,
    "weightedAverageShsOut": 707223000,
    "weightedAverageShsOutDil": 707821000,
    "link": "https://www.sec.gov/Archives/edgar/data/60086/000006008696000006/0000060086-96-000006-index.html",
    "finalLink": "https://www.sec.gov/Archives/edgar/data/60086/"
  },
  {
    "date": "1994-12-31",
    "symbol": "L",
    "reportedCurrency": "USD",
    "cik": "0000060086",
    "fillingDate": "1995-03-27",
    "acceptedDate": "1995-03-27 00:00:00",
    "calendarYear": "1994",
    "period": "FY",
    "revenue": 13515201000,
    "costOfRevenue": 0,
    "grossProfit": 13515201000,
    "grossProfitRatio": 1,
    "researchAndDevelopmentExpenses": 0,
    "generalAndAdministrativeExpenses": 1525610000,
    "sellingAndMarketingExpenses": -10000,
    "sellingGeneralAndAdministrativeExpenses": 1525600000,
    "otherExpenses": 11989600000,
    "operatingExpenses": 13515200000,
    "costAndExpenses": 13515200000,
    "interestIncome": 0,
    "interestExpense": 174600000,
    "depreciationAndAmortization": 160700000,
    "ebitda": 601448000,
    "ebitdaratio": 0.0445015949,
    "operatingIncome": 451475000,
    "operatingIncomeRatio": 0.0334049786,
    "totalOtherIncomeExpensesNet": -185327000,
    "incomeBeforeTax": 266148000,
    "incomeBeforeTaxRatio": 0.0196924929,
    "incomeTaxExpense": 9000000,
    "netIncome": 267800000,
    "netIncomeRatio": 0.0198147257,
    "eps": 0.37,
    "epsdiluted": 0.37,
    "weightedAverageShsOut": 723784000,
    "weightedAverageShsOutDil": 726496000,
    "link": "https://www.sec.gov/Archives/edgar/data/60086/000006008695000007/0000060086-95-000007-index.html",
    "finalLink": "https://www.sec.gov/Archives/edgar/data/60086/0000060086-95-000007.txt"
  },
  {
    "date": "1993-12-31",
    "symbol": "L",
    "reportedCurrency": "USD",
    "cik": "0000060086",
    "fillingDate": "1994-03-25",
    "acceptedDate": "1994-03-25 00:00:00",
    "calendarYear": "1993",
    "period": "FY",
    "revenue": 13686800000,
    "costOfRevenue": 0,
    "grossProfit": 13686800000,
    "grossProfitRatio": 1,
    "researchAndDevelopmentExpenses": 0,
    "generalAndAdministrativeExpenses": 1506000000,
    "sellingAndMarketingExpenses": 49000,
    "sellingGeneralAndAdministrativeExpenses": 1506049000,
    "otherExpenses": 12180728000,
    "operatingExpenses": 13686777000,
    "costAndExpenses": 13686777000,
    "interestIncome": 0,
    "interestExpense": 162300000,
    "depreciationAndAmortization": 135101000,
    "ebitda": 297401000,
    "ebitdaratio": 0.0217290382,
    "operatingIncome": 689358000,
    "operatingIncomeRatio": 0.0503666306,
    "totalOtherIncomeExpensesNet": 0,
    "incomeBeforeTax": 689358000,
    "incomeBeforeTaxRatio": 0.0503666306,
    "incomeTaxExpense": 46600000,
    "netIncome": 594121000,
    "netIncomeRatio": 0.0434083204,
    "eps": 0.77,
    "epsdiluted": 0.77,
    "weightedAverageShsOut": 769089000,
    "weightedAverageShsOutDil": 773146000,
    "link": "https://www.sec.gov/Archives/edgar/data/60086/000006008694000004/0000060086-94-000004-index.html",
    "finalLink": "https://www.sec.gov/Archives/edgar/data/60086/0000060086-94-000004.txt"
  },
  {
    "date": "1992-12-31",
    "symbol": "L",
    "reportedCurrency": "USD",
    "cik": "0000060086",
    "fillingDate": "1992-12-31",
    "acceptedDate": "1992-12-31 00:00:00",
    "calendarYear": "1992",
    "period": "FY",
    "revenue": 13691500000,
    "costOfRevenue": 0,
    "grossProfit": 13691500000,
    "grossProfitRatio": 1,
    "researchAndDevelopmentExpenses": 0,
    "generalAndAdministrativeExpenses": 1279300000,
    "sellingAndMarketingExpenses": 0,
    "sellingGeneralAndAdministrativeExpenses": 1279300000,
    "otherExpenses": 12412200000,
    "operatingExpenses": 13691500000,
    "costAndExpenses": 13691500000,
    "interestIncome": 0,
    "interestExpense": 148800000,
    "depreciationAndAmortization": 11000000,
    "ebitda": 159800000,
    "ebitdaratio": 0.011671475,
    "operatingIncome": -117300000,
    "operatingIncomeRatio": -0.0085673593,
    "totalOtherIncomeExpensesNet": -293500000,
    "incomeBeforeTax": -410800000,
    "incomeBeforeTaxRatio": -0.0300040171,
    "incomeTaxExpense": -388700000,
    "netIncome": 122600000,
    "netIncomeRatio": 0.0089544608,
    "eps": 0.15,
    "epsdiluted": 0.15,
    "weightedAverageShsOut": 800366000,
    "weightedAverageShsOutDil": 800366000,
    "link": null,
    "finalLink": null
  },
  {
    "date": "1991-12-31",
    "symbol": "L",
    "reportedCurrency": "USD",
    "cik": "0000060086",
    "fillingDate": "1991-12-31",
    "acceptedDate": "1991-12-31 00:00:00",
    "calendarYear": "1991",
    "period": "FY",
    "revenue": 13620300000,
    "costOfRevenue": 0,
    "grossProfit": 13620300000,
    "grossProfitRatio": 1,
    "researchAndDevelopmentExpenses": 0,
    "generalAndAdministrativeExpenses": 1070200000,
    "sellingAndMarketingExpenses": 0,
    "sellingGeneralAndAdministrativeExpenses": 1070200000,
    "otherExpenses": 12550100000,
    "operatingExpenses": 13620300000,
    "costAndExpenses": 13620300000,
    "interestIncome": 0,
    "interestExpense": 163600000,
    "depreciationAndAmortization": -45000000,
    "ebitda": 118600000,
    "ebitdaratio": 0.0087075909,
    "operatingIncome": 1285400000,
    "operatingIncomeRatio": 0.094373839,
    "totalOtherIncomeExpensesNet": -163600000,
    "incomeBeforeTax": 1121800000,
    "incomeBeforeTaxRatio": 0.0823623562,
    "incomeTaxExpense": 217500000,
    "netIncome": 904300000,
    "netIncomeRatio": 0.0663935449,
    "eps": 1.1,
    "epsdiluted": 1.1,
    "weightedAverageShsOut": 825415000,
    "weightedAverageShsOutDil": 825415000,
    "link": null,
    "finalLink": null
  },
  {
    "date": "1990-12-31",
    "symbol": "L",
    "reportedCurrency": "USD",
    "cik": "0000060086",
    "fillingDate": "1990-12-31",
    "acceptedDate": "1990-12-31 00:00:00",
    "calendarYear": "1990",
    "period": "FY",
    "revenue": 12636900000,
    "costOfRevenue": 0,
    "grossProfit": 12636900000,
    "grossProfitRatio": 1,
    "researchAndDevelopmentExpenses": 0,
    "generalAndAdministrativeExpenses": 1134900000,
    "sellingAndMarketingExpenses": 0,
    "sellingGeneralAndAdministrativeExpenses": 1134900000,
    "otherExpenses": 11502000000,
    "operatingExpenses": 12636900000,
    "costAndExpenses": 12636900000,
    "interestIncome": 0,
    "interestExpense": 171600000,
    "depreciationAndAmortization": -24800000,
    "ebitda": 146800000,
    "ebitdaratio": 0.0116167731,
    "operatingIncome": 1035300000,
    "operatingIncomeRatio": 0.0819267384,
    "totalOtherIncomeExpensesNet": -171600000,
    "incomeBeforeTax": 863700000,
    "incomeBeforeTaxRatio": 0.0683474586,
    "incomeTaxExpense": 59000000,
    "netIncome": 804700000,
    "netIncomeRatio": 0.0636785921,
    "eps": 0.92,
    "epsdiluted": 0.92,
    "weightedAverageShsOut": 875549000,
    "weightedAverageShsOutDil": 875549000,
    "link": null,
    "finalLink": null
  },
  {
    "date": "1989-12-31",
    "symbol": "L",
    "reportedCurrency": "USD",
    "cik": "0000060086",
    "fillingDate": "1989-12-31",
    "acceptedDate": "1989-12-31 00:00:00",
    "calendarYear": "1989",
    "period": "FY",
    "revenue": 11436700000,
    "costOfRevenue": 0,
    "grossProfit": 11436700000,
    "grossProfitRatio": 1,
    "researchAndDevelopmentExpenses": 0,
    "generalAndAdministrativeExpenses": 992000000,
    "sellingAndMarketingExpenses": 0,
    "sellingGeneralAndAdministrativeExpenses": 992000000,
    "otherExpenses": 10444700000,
    "operatingExpenses": 11436700000,
    "costAndExpenses": 11436700000,
    "interestIncome": 0,
    "interestExpense": 130900000,
    "depreciationAndAmortization": -235500000,
    "ebitda": -104600000,
    "ebitdaratio": -0.0091459949,
    "operatingIncome": 1899800000,
    "operatingIncomeRatio": 0.1661143512,
    "totalOtherIncomeExpensesNet": -1899800000,
    "incomeBeforeTax": 838600000,
    "incomeBeforeTaxRatio": 0.0733253473,
    "incomeTaxExpense": -68500000,
    "netIncome": 907100000,
    "netIncomeRatio": 0.0793148373,
    "eps": 1.01,
    "epsdiluted": 1.01,
    "weightedAverageShsOut": 901995000,
    "weightedAverageShsOutDil": 901995000,
    "link": null,
    "finalLink": null
  },
  {
    "date": "1988-12-31",
    "symbol": "L",
    "reportedCurrency": "USD",
    "cik": "0000060086",
    "fillingDate": "1988-12-31",
    "acceptedDate": "1988-12-30 19:00:00",
    "calendarYear": "1988",
    "period": "FY",
    "revenue": 10865300000,
    "costOfRevenue": 0,
    "grossProfit": 10865300000,
    "grossProfitRatio": 1,
    "researchAndDevelopmentExpenses": 0,
    "generalAndAdministrativeExpenses": 0,
    "sellingAndMarketingExpenses": 0,
    "sellingGeneralAndAdministrativeExpenses": 0,
    "otherExpenses": 10865300000,
    "operatingExpenses": 10865300000,
    "costAndExpenses": 10865300000,
    "interestIncome": 0,
    "interestExpense": 127600000,
    "depreciationAndAmortization": 0,
    "ebitda": 0,
    "ebitdaratio": 0,
    "operatingIncome": 1362000000,
    "operatingIncomeRatio": 0.1253531886,
    "totalOtherIncomeExpensesNet": -145700000,
    "incomeBeforeTax": 1216300000,
    "incomeBeforeTaxRatio": 0.1119435266,
    "incomeTaxExpense": 325900000,
    "netIncome": 908500000,
    "netIncomeRatio": 0.0836148105,
    "eps": 1,
    "epsdiluted": 1,
    "weightedAverageShsOut": 912451000,
    "weightedAverageShsOutDil": 912451000,
    "link": "",
    "finalLink": ""
  },
  {
    "date": "1987-12-31",
    "symbol": "L",
    "reportedCurrency": "USD",
    "cik": "0000060086",
    "fillingDate": "1987-12-31",
    "acceptedDate": "1987-12-30 19:00:00",
    "calendarYear": "1987",
    "period": "FY",
    "revenue": 9323700000,
    "costOfRevenue": 0,
    "grossProfit": 9323700000,
    "grossProfitRatio": 1,
    "researchAndDevelopmentExpenses": 0,
    "generalAndAdministrativeExpenses": 0,
    "sellingAndMarketingExpenses": 0,
    "sellingGeneralAndAdministrativeExpenses": 0,
    "otherExpenses": 9323700000,
    "operatingExpenses": 9323700000,
    "costAndExpenses": 9323700000,
    "interestIncome": 0,
    "interestExpense": 140600000,
    "depreciationAndAmortization": 0,
    "ebitda": 0,
    "ebitdaratio": 0,
    "operatingIncome": 800800000,
    "operatingIncomeRatio": 0.0858886494,
    "totalOtherIncomeExpensesNet": -180400000,
    "incomeBeforeTax": 620400000,
    "incomeBeforeTaxRatio": 0.0665401075,
    "incomeTaxExpense": -36000000,
    "netIncome": 696200000,
    "netIncomeRatio": 0.0746699272,
    "eps": 0.75,
    "epsdiluted": 0.75,
    "weightedAverageShsOut": 933344000,
    "weightedAverageShsOutDil": 933344000,
    "link": "",
    "finalLink": ""
  },
  {
    "date": "1986-12-31",
    "symbol": "L",
    "reportedCurrency": "USD",
    "cik": "0000060086",
    "fillingDate": "1986-12-31",
    "acceptedDate": "1986-12-30 19:00:00",
    "calendarYear": "1986",
    "period": "FY",
    "revenue": 8626000000,
    "costOfRevenue": 0,
    "grossProfit": 8626000000,
    "grossProfitRatio": 1,
    "researchAndDevelopmentExpenses": 0,
    "generalAndAdministrativeExpenses": 0,
    "sellingAndMarketingExpenses": 0,
    "sellingGeneralAndAdministrativeExpenses": 0,
    "otherExpenses": 8626000000,
    "operatingExpenses": 8626000000,
    "costAndExpenses": 8626000000,
    "interestIncome": 0,
    "interestExpense": 101400000,
    "depreciationAndAmortization": 0,
    "ebitda": 0,
    "ebitdaratio": 0,
    "operatingIncome": 702700000,
    "operatingIncomeRatio": 0.0814630188,
    "totalOtherIncomeExpensesNet": -101400000,
    "incomeBeforeTax": 601300000,
    "incomeBeforeTaxRatio": 0.06970786,
    "incomeTaxExpense": 55800000,
    "netIncome": 545500000,
    "netIncomeRatio": 0.0632390447,
    "eps": 0.56,
    "epsdiluted": 0.56,
    "weightedAverageShsOut": 975082000,
    "weightedAverageShsOutDil": 975082000,
    "link": "",
    "finalLink": ""
  },
  {
    "date": "1985-12-31",
    "symbol": "L",
    "reportedCurrency": "USD",
    "cik": "0000060086",
    "fillingDate": "1985-12-31",
    "acceptedDate": "1985-12-30 19:00:00",
    "calendarYear": "1985",
    "period": "FY",
    "revenue": 6322100000,
    "costOfRevenue": 0,
    "grossProfit": 6322100000,
    "grossProfitRatio": 1,
    "researchAndDevelopmentExpenses": 0,
    "generalAndAdministrativeExpenses": 0,
    "sellingAndMarketingExpenses": 0,
    "sellingGeneralAndAdministrativeExpenses": 0,
    "otherExpenses": 6322100000,
    "operatingExpenses": 6322100000,
    "costAndExpenses": 6322100000,
    "interestIncome": 0,
    "interestExpense": 31200000,
    "depreciationAndAmortization": 0,
    "ebitda": 0,
    "ebitdaratio": 0,
    "operatingIncome": 680400000,
    "operatingIncomeRatio": 0.1076224672,
    "totalOtherIncomeExpensesNet": -117600000,
    "incomeBeforeTax": 562800000,
    "incomeBeforeTaxRatio": 0.0890210531,
    "incomeTaxExpense": 60200000,
    "netIncome": 589000000,
    "netIncomeRatio": 0.0931652457,
    "eps": 0.61,
    "epsdiluted": 0.61,
    "weightedAverageShsOut": 971851000,
    "weightedAverageShsOutDil": 971851000,
    "link": "",
    "finalLink": ""
  }
]