[
  {
    "date": "2025-07-04",
    "symbol": "LDOS",
    "reportedCurrency": "USD",
    "cik": "0001336920",
    "fillingDate": "2025-08-05",
    "acceptedDate": "2025-08-05 11:27:04",
    "calendarYear": "2025",
    "period": "Q2",
    "revenue": 4253000000,
    "costOfRevenue": 3471000000,
    "grossProfit": 782000000,
    "grossProfitRatio": 0.1838702093,
    "researchAndDevelopmentExpenses": 0,
    "generalAndAdministrativeExpenses": 0,
    "sellingAndMarketingExpenses": 0,
    "sellingGeneralAndAdministrativeExpenses": 217000000,
    "otherExpenses": -6000000,
    "operatingExpenses": 211000000,
    "costAndExpenses": 3682000000,
    "interestIncome": 0,
    "interestExpense": 55000000,
    "depreciationAndAmortization": 72000000,
    "ebitda": 645000000,
    "ebitdaratio": 0.1516576534,
    "operatingIncome": 571000000,
    "operatingIncomeRatio": 0.1342581707,
    "totalOtherIncomeExpensesNet": -53000000,
    "incomeBeforeTax": 518000000,
    "incomeBeforeTaxRatio": 0.121796379,
    "incomeTaxExpense": 125000000,
    "netIncome": 391000000,
    "netIncomeRatio": 0.0919351046,
    "eps": 3.03,
    "epsdiluted": 3.01,
    "weightedAverageShsOut": 129000000,
    "weightedAverageShsOutDil": 130000000,
    "link": "https://www.sec.gov/Archives/edgar/data/1336920/000133692025000034/0001336920-25-000034-index.htm",
    "finalLink": "https://www.sec.gov/Archives/edgar/data/1336920/000133692025000034/ldos-20250704.htm"
  },
  {
    "date": "2025-04-04",
    "symbol": "LDOS",
    "reportedCurrency": "USD",
    "cik": "0001336920",
    "fillingDate": "2025-05-06",
    "acceptedDate": "2025-05-06 11:55:23",
    "calendarYear": "2025",
    "period": "Q1",
    "revenue": 4245000000,
    "costOfRevenue": 3488000000,
    "grossProfit": 757000000,
    "grossProfitRatio": 0.1783274441,
    "researchAndDevelopmentExpenses": 0,
    "generalAndAdministrativeExpenses": 0,
    "sellingAndMarketingExpenses": 0,
    "sellingGeneralAndAdministrativeExpenses": 230000000,
    "otherExpenses": -3000000,
    "operatingExpenses": 227000000,
    "costAndExpenses": 3715000000,
    "interestIncome": 0,
    "interestExpense": 49000000,
    "depreciationAndAmortization": 69000000,
    "ebitda": 596000000,
    "ebitdaratio": 0.1404004711,
    "operatingIncome": 530000000,
    "operatingIncomeRatio": 0.124852768,
    "totalOtherIncomeExpensesNet": -52000000,
    "incomeBeforeTax": 478000000,
    "incomeBeforeTaxRatio": 0.1126030624,
    "incomeTaxExpense": 113000000,
    "netIncome": 363000000,
    "netIncomeRatio": 0.0855123675,
    "eps": 2.79,
    "epsdiluted": 2.77,
    "weightedAverageShsOut": 130000000,
    "weightedAverageShsOutDil": 131000000,
    "link": "https://www.sec.gov/Archives/edgar/data/1336920/000133692025000014/0001336920-25-000014-index.htm",
    "finalLink": "https://www.sec.gov/Archives/edgar/data/1336920/000133692025000014/ldos-20250404.htm"
  },
  {
    "date": "2025-01-03",
    "symbol": "LDOS",
    "reportedCurrency": "USD",
    "cik": "0001336920",
    "fillingDate": "2025-02-11",
    "acceptedDate": "2025-02-11 13:19:36",
    "calendarYear": "2024",
    "period": "Q4",
    "revenue": 4365000000,
    "costOfRevenue": 3672000000,
    "grossProfit": 693000000,
    "grossProfitRatio": 0.1587628866,
    "researchAndDevelopmentExpenses": 0,
    "generalAndAdministrativeExpenses": 0,
    "sellingAndMarketingExpenses": 0,
    "sellingGeneralAndAdministrativeExpenses": 279000000,
    "otherExpenses": -7000000,
    "operatingExpenses": 272000000,
    "costAndExpenses": 3944000000,
    "interestIncome": 0,
    "interestExpense": 47000000,
    "depreciationAndAmortization": 79000000,
    "ebitda": 501000000,
    "ebitdaratio": 0.1147766323,
    "operatingIncome": 421000000,
    "operatingIncomeRatio": 0.0964490263,
    "totalOtherIncomeExpensesNet": -46000000,
    "incomeBeforeTax": 375000000,
    "incomeBeforeTaxRatio": 0.0859106529,
    "incomeTaxExpense": 93000000,
    "netIncome": 284000000,
    "netIncomeRatio": 0.0650630011,
    "eps": 2.14,
    "epsdiluted": 2.12,
    "weightedAverageShsOut": 133000000,
    "weightedAverageShsOutDil": 134000000,
    "link": "https://www.sec.gov/Archives/edgar/data/1336920/000133692025000006/0001336920-25-000006-index.htm",
    "finalLink": "https://www.sec.gov/Archives/edgar/data/1336920/000133692025000006/ldos-20250103.htm"
  },
  {
    "date": "2024-09-27",
    "symbol": "LDOS",
    "reportedCurrency": "USD",
    "cik": "0001336920",
    "fillingDate": "2024-10-29",
    "acceptedDate": "2024-10-29 10:42:09",
    "calendarYear": "2024",
    "period": "Q3",
    "revenue": 4190000000,
    "costOfRevenue": 3428000000,
    "grossProfit": 762000000,
    "grossProfitRatio": 0.1818615752,
    "researchAndDevelopmentExpenses": 0,
    "generalAndAdministrativeExpenses": 0,
    "sellingAndMarketingExpenses": 0,
    "sellingGeneralAndAdministrativeExpenses": 247000000,
    "otherExpenses": -1000000,
    "operatingExpenses": 246000000,
    "costAndExpenses": 3674000000,
    "interestIncome": 0,
    "interestExpense": 46000000,
    "depreciationAndAmortization": 71000000,
    "ebitda": 587000000,
    "ebitdaratio": 0.1400954654,
    "operatingIncome": 516000000,
    "operatingIncomeRatio": 0.123150358,
    "totalOtherIncomeExpensesNet": -46000000,
    "incomeBeforeTax": 470000000,
    "incomeBeforeTaxRatio": 0.1121718377,
    "incomeTaxExpense": 108000000,
    "netIncome": 364000000,
    "netIncomeRatio": 0.0868735084,
    "eps": 2.72,
    "epsdiluted": 2.68,
    "weightedAverageShsOut": 134000000,
    "weightedAverageShsOutDil": 134000000,
    "link": "https://www.sec.gov/Archives/edgar/data/1336920/000133692024000054/0001336920-24-000054-index.htm",
    "finalLink": "https://www.sec.gov/Archives/edgar/data/1336920/000133692024000054/ldos-20240927.htm"
  },
  {
    "date": "2024-06-28",
    "symbol": "LDOS",
    "reportedCurrency": "USD",
    "cik": "0001336920",
    "fillingDate": "2024-07-30",
    "acceptedDate": "2024-07-30 11:45:50",
    "calendarYear": "2024",
    "period": "Q2",
    "revenue": 4132000000,
    "costOfRevenue": 3427000000,
    "grossProfit": 705000000,
    "grossProfitRatio": 0.1706195547,
    "researchAndDevelopmentExpenses": 0,
    "generalAndAdministrativeExpenses": 0,
    "sellingAndMarketingExpenses": 0,
    "sellingGeneralAndAdministrativeExpenses": 231000000,
    "otherExpenses": -1000000,
    "operatingExpenses": 230000000,
    "costAndExpenses": 3657000000,
    "interestIncome": 0,
    "interestExpense": 51000000,
    "depreciationAndAmortization": 71000000,
    "ebitda": 548000000,
    "ebitdaratio": 0.1326234269,
    "operatingIncome": 475000000,
    "operatingIncomeRatio": 0.1149564376,
    "totalOtherIncomeExpensesNet": -49000000,
    "incomeBeforeTax": 426000000,
    "incomeBeforeTaxRatio": 0.1030977735,
    "incomeTaxExpense": 102000000,
    "netIncome": 322000000,
    "netIncomeRatio": 0.077928364,
    "eps": 2.39,
    "epsdiluted": 2.37,
    "weightedAverageShsOut": 135000000,
    "weightedAverageShsOutDil": 136000000,
    "link": "https://www.sec.gov/Archives/edgar/data/1336920/000133692024000049/0001336920-24-000049-index.htm",
    "finalLink": "https://www.sec.gov/Archives/edgar/data/1336920/000133692024000049/ldos-20240628.htm"
  },
  {
    "date": "2024-03-29",
    "symbol": "LDOS",
    "reportedCurrency": "USD",
    "cik": "0001336920",
    "fillingDate": "2024-04-30",
    "acceptedDate": "2024-04-30 11:02:12",
    "calendarYear": "2024",
    "period": "Q1",
    "revenue": 3975000000,
    "costOfRevenue": 3337000000,
    "grossProfit": 638000000,
    "grossProfitRatio": 0.1605031447,
    "researchAndDevelopmentExpenses": 0,
    "generalAndAdministrativeExpenses": 0,
    "sellingAndMarketingExpenses": 0,
    "sellingGeneralAndAdministrativeExpenses": 226000000,
    "otherExpenses": -3000000,
    "operatingExpenses": 223000000,
    "costAndExpenses": 3560000000,
    "interestIncome": 0,
    "interestExpense": 49000000,
    "depreciationAndAmortization": 69000000,
    "ebitda": 486000000,
    "ebitdaratio": 0.1222641509,
    "operatingIncome": 415000000,
    "operatingIncomeRatio": 0.1044025157,
    "totalOtherIncomeExpensesNet": -47000000,
    "incomeBeforeTax": 368000000,
    "incomeBeforeTaxRatio": 0.0925786164,
    "incomeTaxExpense": 85000000,
    "netIncome": 284000000,
    "netIncomeRatio": 0.0714465409,
    "eps": 2.09,
    "epsdiluted": 2.07,
    "weightedAverageShsOut": 136000000,
    "weightedAverageShsOutDil": 137000000,
    "link": "https://www.sec.gov/Archives/edgar/data/1336920/000133692024000036/0001336920-24-000036-index.htm",
    "finalLink": "https://www.sec.gov/Archives/edgar/data/1336920/000133692024000036/ldos-20240329.htm"
  },
  {
    "date": "2023-12-29",
    "symbol": "LDOS",
    "reportedCurrency": "USD",
    "cik": "0001336920",
    "fillingDate": "2024-02-13",
    "acceptedDate": "2024-02-13 12:10:34",
    "calendarYear": "2023",
    "period": "Q4",
    "revenue": 3980000000,
    "costOfRevenue": 3385000000,
    "grossProfit": 595000000,
    "grossProfitRatio": 0.1494974874,
    "researchAndDevelopmentExpenses": 0,
    "generalAndAdministrativeExpenses": 0,
    "sellingAndMarketingExpenses": 0,
    "sellingGeneralAndAdministrativeExpenses": 233000000,
    "otherExpenses": 1000000,
    "operatingExpenses": 234000000,
    "costAndExpenses": 3619000000,
    "interestIncome": 0,
    "interestExpense": 49000000,
    "depreciationAndAmortization": 83000000,
    "ebitda": 442000000,
    "ebitdaratio": 0.1110552764,
    "operatingIncome": 361000000,
    "operatingIncomeRatio": 0.0907035176,
    "totalOtherIncomeExpensesNet": -51000000,
    "incomeBeforeTax": 310000000,
    "incomeBeforeTaxRatio": 0.0778894472,
    "incomeTaxExpense": 80000000,
    "netIncome": 229000000,
    "netIncomeRatio": 0.0575376884,
    "eps": 1.67,
    "epsdiluted": 1.66,
    "weightedAverageShsOut": 137000000,
    "weightedAverageShsOutDil": 138000000,
    "link": "https://www.sec.gov/Archives/edgar/data/1336920/000133692024000008/0001336920-24-000008-index.htm",
    "finalLink": "https://www.sec.gov/Archives/edgar/data/1336920/000133692024000008/ldos-20231229.htm"
  },
  {
    "date": "2023-09-29",
    "symbol": "LDOS",
    "reportedCurrency": "USD",
    "cik": "0001336920",
    "fillingDate": "2023-10-31",
    "acceptedDate": "2023-10-31 11:48:22",
    "calendarYear": "2023",
    "period": "Q3",
    "revenue": 3921000000,
    "costOfRevenue": 3334000000,
    "grossProfit": 587000000,
    "grossProfitRatio": 0.1497067075,
    "researchAndDevelopmentExpenses": 0,
    "generalAndAdministrativeExpenses": 0,
    "sellingAndMarketingExpenses": 0,
    "sellingGeneralAndAdministrativeExpenses": 239000000,
    "otherExpenses": 684000000,
    "operatingExpenses": 923000000,
    "costAndExpenses": 4257000000,
    "interestIncome": 0,
    "interestExpense": 53000000,
    "depreciationAndAmortization": 82000000,
    "ebitda": -253000000,
    "ebitdaratio": -0.064524356,
    "operatingIncome": -336000000,
    "operatingIncomeRatio": -0.0856924254,
    "totalOtherIncomeExpensesNet": -52000000,
    "incomeBeforeTax": -388000000,
    "incomeBeforeTaxRatio": -0.0989543484,
    "incomeTaxExpense": 8000000,
    "netIncome": -399000000,
    "netIncomeRatio": -0.1017597552,
    "eps": -2.91,
    "epsdiluted": -2.91,
    "weightedAverageShsOut": 137000000,
    "weightedAverageShsOutDil": 137000000,
    "link": "https://www.sec.gov/Archives/edgar/data/1336920/000133692023000061/0001336920-23-000061-index.htm",
    "finalLink": "https://www.sec.gov/Archives/edgar/data/1336920/000133692023000061/ldos-20230929.htm"
  },
  {
    "date": "2023-06-30",
    "symbol": "LDOS",
    "reportedCurrency": "USD",
    "cik": "0001336920",
    "fillingDate": "2023-08-01",
    "acceptedDate": "2023-08-01 11:39:02",
    "calendarYear": "2023",
    "period": "Q2",
    "revenue": 3838000000,
    "costOfRevenue": 3271000000,
    "grossProfit": 567000000,
    "grossProfitRatio": 0.1477331944,
    "researchAndDevelopmentExpenses": 0,
    "generalAndAdministrativeExpenses": 0,
    "sellingAndMarketingExpenses": 0,
    "sellingGeneralAndAdministrativeExpenses": 237000000,
    "otherExpenses": -1000000,
    "operatingExpenses": 236000000,
    "costAndExpenses": 3507000000,
    "interestIncome": 0,
    "interestExpense": 56000000,
    "depreciationAndAmortization": 84000000,
    "ebitda": 414000000,
    "ebitdaratio": 0.1078686816,
    "operatingIncome": 331000000,
    "operatingIncomeRatio": 0.0862428348,
    "totalOtherIncomeExpensesNet": -57000000,
    "incomeBeforeTax": 274000000,
    "incomeBeforeTaxRatio": 0.0713913497,
    "incomeTaxExpense": 64000000,
    "netIncome": 207000000,
    "netIncomeRatio": 0.0539343408,
    "eps": 1.51,
    "epsdiluted": 1.5,
    "weightedAverageShsOut": 137000000,
    "weightedAverageShsOutDil": 138000000,
    "link": "https://www.sec.gov/Archives/edgar/data/1336920/000133692023000051/0001336920-23-000051-index.htm",
    "finalLink": "https://www.sec.gov/Archives/edgar/data/1336920/000133692023000051/ldos-20230630.htm"
  },
  {
    "date": "2023-03-31",
    "symbol": "LDOS",
    "reportedCurrency": "USD",
    "cik": "0001336920",
    "fillingDate": "2023-05-02",
    "acceptedDate": "2023-05-02 11:52:11",
    "calendarYear": "2023",
    "period": "Q1",
    "revenue": 3699000000,
    "costOfRevenue": 3204000000,
    "grossProfit": 495000000,
    "grossProfitRatio": 0.1338199513,
    "researchAndDevelopmentExpenses": 0,
    "generalAndAdministrativeExpenses": 0,
    "sellingAndMarketingExpenses": 0,
    "sellingGeneralAndAdministrativeExpenses": 233000000,
    "otherExpenses": -3000000,
    "operatingExpenses": 230000000,
    "costAndExpenses": 3434000000,
    "interestIncome": 0,
    "interestExpense": 54000000,
    "depreciationAndAmortization": 82000000,
    "ebitda": 343000000,
    "ebitdaratio": 0.0927277643,
    "operatingIncome": 265000000,
    "operatingIncomeRatio": 0.071640984,
    "totalOtherIncomeExpensesNet": -58000000,
    "incomeBeforeTax": 207000000,
    "incomeBeforeTaxRatio": 0.0559610706,
    "incomeTaxExpense": 43000000,
    "netIncome": 162000000,
    "netIncomeRatio": 0.0437956204,
    "eps": 1.18,
    "epsdiluted": 1.17,
    "weightedAverageShsOut": 137000000,
    "weightedAverageShsOutDil": 138000000,
    "link": "https://www.sec.gov/Archives/edgar/data/1336920/000133692023000036/0001336920-23-000036-index.htm",
    "finalLink": "https://www.sec.gov/Archives/edgar/data/1336920/000133692023000036/ldos-20230331.htm"
  },
  {
    "date": "2022-12-30",
    "symbol": "LDOS",
    "reportedCurrency": "USD",
    "cik": "0001336920",
    "fillingDate": "2023-02-14",
    "acceptedDate": "2023-02-14 12:19:03",
    "calendarYear": "2022",
    "period": "Q4",
    "revenue": 3697000000,
    "costOfRevenue": 3176000000,
    "grossProfit": 521000000,
    "grossProfitRatio": 0.1409250744,
    "researchAndDevelopmentExpenses": 0,
    "generalAndAdministrativeExpenses": 0,
    "sellingAndMarketingExpenses": 0,
    "sellingGeneralAndAdministrativeExpenses": 223000000,
    "otherExpenses": 33000000,
    "operatingExpenses": 256000000,
    "costAndExpenses": 3432000000,
    "interestIncome": 0,
    "interestExpense": 51000000,
    "depreciationAndAmortization": 84000000,
    "ebitda": 353000000,
    "ebitdaratio": 0.0954828239,
    "operatingIncome": 265000000,
    "operatingIncomeRatio": 0.0716797403,
    "totalOtherIncomeExpensesNet": -47000000,
    "incomeBeforeTax": 218000000,
    "incomeBeforeTaxRatio": 0.0589667298,
    "incomeTaxExpense": 38000000,
    "netIncome": 177000000,
    "netIncomeRatio": 0.0478766567,
    "eps": 1.29,
    "epsdiluted": 1.28,
    "weightedAverageShsOut": 137000000,
    "weightedAverageShsOutDil": 138000000,
    "link": "https://www.sec.gov/Archives/edgar/data/1336920/000133692023000015/0001336920-23-000015-index.htm",
    "finalLink": "https://www.sec.gov/Archives/edgar/data/1336920/000133692023000015/ldos-20221230.htm"
  },
  {
    "date": "2022-09-30",
    "symbol": "LDOS",
    "reportedCurrency": "USD",
    "cik": "0001336920",
    "fillingDate": "2022-11-01",
    "acceptedDate": "2022-11-01 12:26:35",
    "calendarYear": "2022",
    "period": "Q3",
    "revenue": 3608000000,
    "costOfRevenue": 3095000000,
    "grossProfit": 513000000,
    "grossProfitRatio": 0.1421840355,
    "researchAndDevelopmentExpenses": 0,
    "generalAndAdministrativeExpenses": 0,
    "sellingAndMarketingExpenses": 0,
    "sellingGeneralAndAdministrativeExpenses": 232000000,
    "otherExpenses": 0,
    "operatingExpenses": 232000000,
    "costAndExpenses": 3327000000,
    "interestIncome": 0,
    "interestExpense": 50000000,
    "depreciationAndAmortization": 81000000,
    "ebitda": 352000000,
    "ebitdaratio": 0.0975609756,
    "operatingIncome": 281000000,
    "operatingIncomeRatio": 0.0778824834,
    "totalOtherIncomeExpensesNet": -60000000,
    "incomeBeforeTax": 221000000,
    "incomeBeforeTaxRatio": 0.0612527716,
    "incomeTaxExpense": 57000000,
    "netIncome": 162000000,
    "netIncomeRatio": 0.0449002217,
    "eps": 1.18,
    "epsdiluted": 1.17,
    "weightedAverageShsOut": 137000000,
    "weightedAverageShsOutDil": 138000000,
    "link": "https://www.sec.gov/Archives/edgar/data/1336920/000133692022000060/0001336920-22-000060-index.htm",
    "finalLink": "https://www.sec.gov/Archives/edgar/data/1336920/000133692022000060/ldos-20220930.htm"
  },
  {
    "date": "2022-07-01",
    "symbol": "LDOS",
    "reportedCurrency": "USD",
    "cik": "0001336920",
    "fillingDate": "2022-08-02",
    "acceptedDate": "2022-08-02 12:27:08",
    "calendarYear": "2022",
    "period": "Q2",
    "revenue": 3597000000,
    "costOfRevenue": 3059000000,
    "grossProfit": 538000000,
    "grossProfitRatio": 0.1495690853,
    "researchAndDevelopmentExpenses": 0,
    "generalAndAdministrativeExpenses": 0,
    "sellingAndMarketingExpenses": 0,
    "sellingGeneralAndAdministrativeExpenses": 262000000,
    "otherExpenses": 5000000,
    "operatingExpenses": 267000000,
    "costAndExpenses": 3326000000,
    "interestIncome": 0,
    "interestExpense": 50000000,
    "depreciationAndAmortization": 83000000,
    "ebitda": 358000000,
    "ebitdaratio": 0.0995273839,
    "operatingIncome": 271000000,
    "operatingIncomeRatio": 0.0753405616,
    "totalOtherIncomeExpensesNet": -46000000,
    "incomeBeforeTax": 225000000,
    "incomeBeforeTaxRatio": 0.0625521268,
    "incomeTaxExpense": 53000000,
    "netIncome": 171000000,
    "netIncomeRatio": 0.0475396163,
    "eps": 1.25,
    "epsdiluted": 1.24,
    "weightedAverageShsOut": 137000000,
    "weightedAverageShsOutDil": 138000000,
    "link": "https://www.sec.gov/Archives/edgar/data/1336920/000133692022000034/0001336920-22-000034-index.htm",
    "finalLink": "https://www.sec.gov/Archives/edgar/data/1336920/000133692022000034/ldos-20220701.htm"
  },
  {
    "date": "2022-04-01",
    "symbol": "LDOS",
    "reportedCurrency": "USD",
    "cik": "0001336920",
    "fillingDate": "2022-05-03",
    "acceptedDate": "2022-05-03 12:00:40",
    "calendarYear": "2022",
    "period": "Q1",
    "revenue": 3494000000,
    "costOfRevenue": 2982000000,
    "grossProfit": 512000000,
    "grossProfitRatio": 0.1465369204,
    "researchAndDevelopmentExpenses": 0,
    "generalAndAdministrativeExpenses": 0,
    "sellingAndMarketingExpenses": 0,
    "sellingGeneralAndAdministrativeExpenses": 236000000,
    "otherExpenses": 5000000,
    "operatingExpenses": 241000000,
    "costAndExpenses": 3223000000,
    "interestIncome": 0,
    "interestExpense": 48000000,
    "depreciationAndAmortization": 85000000,
    "ebitda": 355000000,
    "ebitdaratio": 0.1016027476,
    "operatingIncome": 271000000,
    "operatingIncomeRatio": 0.0775615341,
    "totalOtherIncomeExpensesNet": -49000000,
    "incomeBeforeTax": 222000000,
    "incomeBeforeTaxRatio": 0.0635374928,
    "incomeTaxExpense": 45000000,
    "netIncome": 175000000,
    "netIncomeRatio": 0.0500858615,
    "eps": 1.26,
    "epsdiluted": 1.25,
    "weightedAverageShsOut": 139000000,
    "weightedAverageShsOutDil": 140000000,
    "link": "https://www.sec.gov/Archives/edgar/data/1336920/000133692022000024/0001336920-22-000024-index.htm",
    "finalLink": "https://www.sec.gov/Archives/edgar/data/1336920/000133692022000024/ldos-20220401.htm"
  },
  {
    "date": "2021-12-31",
    "symbol": "LDOS",
    "reportedCurrency": "USD",
    "cik": "0001336920",
    "fillingDate": "2022-02-15",
    "acceptedDate": "2022-02-15 12:06:38",
    "calendarYear": "2021",
    "period": "Q4",
    "revenue": 3491000000,
    "costOfRevenue": 2983000000,
    "grossProfit": 508000000,
    "grossProfitRatio": 0.1455170438,
    "researchAndDevelopmentExpenses": 0,
    "generalAndAdministrativeExpenses": 0,
    "sellingAndMarketingExpenses": 0,
    "sellingGeneralAndAdministrativeExpenses": 235000000,
    "otherExpenses": 3000000,
    "operatingExpenses": 238000000,
    "costAndExpenses": 3221000000,
    "interestIncome": 0,
    "interestExpense": 46000000,
    "depreciationAndAmortization": 81000000,
    "ebitda": 350000000,
    "ebitdaratio": 0.1002578058,
    "operatingIncome": 270000000,
    "operatingIncomeRatio": 0.0773417359,
    "totalOtherIncomeExpensesNet": -48000000,
    "incomeBeforeTax": 222000000,
    "incomeBeforeTaxRatio": 0.063592094,
    "incomeTaxExpense": 46000000,
    "netIncome": 174000000,
    "netIncomeRatio": 0.049842452,
    "eps": 1.24,
    "epsdiluted": 1.23,
    "weightedAverageShsOut": 140000000,
    "weightedAverageShsOutDil": 142000000,
    "link": "https://www.sec.gov/Archives/edgar/data/1336920/000133692022000007/0001336920-22-000007-index.htm",
    "finalLink": "https://www.sec.gov/Archives/edgar/data/1336920/000133692022000007/ldos-20211231.htm"
  },
  {
    "date": "2021-10-01",
    "symbol": "LDOS",
    "reportedCurrency": "USD",
    "cik": "0001336920",
    "fillingDate": "2021-11-02",
    "acceptedDate": "2021-11-02 13:09:00",
    "calendarYear": "2021",
    "period": "Q3",
    "revenue": 3483000000,
    "costOfRevenue": 2942000000,
    "grossProfit": 541000000,
    "grossProfitRatio": 0.1553258685,
    "researchAndDevelopmentExpenses": 0,
    "generalAndAdministrativeExpenses": 0,
    "sellingAndMarketingExpenses": 0,
    "sellingGeneralAndAdministrativeExpenses": 233000000,
    "otherExpenses": 3000000,
    "operatingExpenses": 236000000,
    "costAndExpenses": 3178000000,
    "interestIncome": 0,
    "interestExpense": 47000000,
    "depreciationAndAmortization": 87000000,
    "ebitda": 394000000,
    "ebitdaratio": 0.1131208728,
    "operatingIncome": 305000000,
    "operatingIncomeRatio": 0.0875681883,
    "totalOtherIncomeExpensesNet": -45000000,
    "incomeBeforeTax": 260000000,
    "incomeBeforeTaxRatio": 0.0746482917,
    "incomeTaxExpense": 52000000,
    "netIncome": 205000000,
    "netIncomeRatio": 0.0588573069,
    "eps": 1.45,
    "epsdiluted": 1.43,
    "weightedAverageShsOut": 141000000,
    "weightedAverageShsOutDil": 143000000,
    "link": "https://www.sec.gov/Archives/edgar/data/1336920/000133692021000052/0001336920-21-000052-index.htm",
    "finalLink": "https://www.sec.gov/Archives/edgar/data/1336920/000133692021000052/ldos-20211001.htm"
  },
  {
    "date": "2021-07-02",
    "symbol": "LDOS",
    "reportedCurrency": "USD",
    "cik": "0001336920",
    "fillingDate": "2021-08-03",
    "acceptedDate": "2021-08-03 12:37:49",
    "calendarYear": "2021",
    "period": "Q2",
    "revenue": 3448000000,
    "costOfRevenue": 2950000000,
    "grossProfit": 498000000,
    "grossProfitRatio": 0.1444315545,
    "researchAndDevelopmentExpenses": 0,
    "generalAndAdministrativeExpenses": 0,
    "sellingAndMarketingExpenses": 0,
    "sellingGeneralAndAdministrativeExpenses": 224000000,
    "otherExpenses": 5000000,
    "operatingExpenses": 229000000,
    "costAndExpenses": 3179000000,
    "interestIncome": 0,
    "interestExpense": 46000000,
    "depreciationAndAmortization": 80000000,
    "ebitda": 349000000,
    "ebitdaratio": 0.1012180974,
    "operatingIncome": 269000000,
    "operatingIncomeRatio": 0.0780162413,
    "totalOtherIncomeExpensesNet": -46000000,
    "incomeBeforeTax": 223000000,
    "incomeBeforeTaxRatio": 0.064675174,
    "incomeTaxExpense": 53000000,
    "netIncome": 169000000,
    "netIncomeRatio": 0.0490139211,
    "eps": 1.2,
    "epsdiluted": 1.18,
    "weightedAverageShsOut": 141000000,
    "weightedAverageShsOutDil": 143000000,
    "link": "https://www.sec.gov/Archives/edgar/data/1336920/000133692021000038/0001336920-21-000038-index.htm",
    "finalLink": "https://www.sec.gov/Archives/edgar/data/1336920/000133692021000038/ldos-20210702.htm"
  },
  {
    "date": "2021-04-02",
    "symbol": "LDOS",
    "reportedCurrency": "USD",
    "cik": "0001336920",
    "fillingDate": "2021-05-04",
    "acceptedDate": "2021-05-04 13:20:03",
    "calendarYear": "2021",
    "period": "Q1",
    "revenue": 3315000000,
    "costOfRevenue": 2848000000,
    "grossProfit": 467000000,
    "grossProfitRatio": 0.1408748115,
    "researchAndDevelopmentExpenses": 0,
    "generalAndAdministrativeExpenses": 0,
    "sellingAndMarketingExpenses": 0,
    "sellingGeneralAndAdministrativeExpenses": 159000000,
    "otherExpenses": 0,
    "operatingExpenses": 159000000,
    "costAndExpenses": 3007000000,
    "interestIncome": 0,
    "interestExpense": 45000000,
    "depreciationAndAmortization": 77000000,
    "ebitda": 384000000,
    "ebitdaratio": 0.1158371041,
    "operatingIncome": 308000000,
    "operatingIncomeRatio": 0.0929110106,
    "totalOtherIncomeExpensesNet": -46000000,
    "incomeBeforeTax": 262000000,
    "incomeBeforeTaxRatio": 0.0790346908,
    "incomeTaxExpense": 57000000,
    "netIncome": 205000000,
    "netIncomeRatio": 0.0618401207,
    "eps": 1.44,
    "epsdiluted": 1.42,
    "weightedAverageShsOut": 142000000,
    "weightedAverageShsOutDil": 144000000,
    "link": "https://www.sec.gov/Archives/edgar/data/1336920/000133692021000019/0001336920-21-000019-index.htm",
    "finalLink": "https://www.sec.gov/Archives/edgar/data/1336920/000133692021000019/ldos-20210402.htm"
  },
  {
    "date": "2021-01-01",
    "symbol": "LDOS",
    "reportedCurrency": "USD",
    "cik": "0001336920",
    "fillingDate": "2021-02-23",
    "acceptedDate": "2021-02-23 15:38:44",
    "calendarYear": "2020",
    "period": "Q4",
    "revenue": 3252000000,
    "costOfRevenue": 2761000000,
    "grossProfit": 491000000,
    "grossProfitRatio": 0.1509840098,
    "researchAndDevelopmentExpenses": 0,
    "generalAndAdministrativeExpenses": 197000000,
    "sellingAndMarketingExpenses": -10000000,
    "sellingGeneralAndAdministrativeExpenses": 187000000,
    "otherExpenses": 5000000,
    "operatingExpenses": 192000000,
    "costAndExpenses": 2953000000,
    "interestIncome": 0,
    "interestExpense": 46000000,
    "depreciationAndAmortization": 68000000,
    "ebitda": 362000000,
    "ebitdaratio": 0.1113161132,
    "operatingIncome": 299000000,
    "operatingIncomeRatio": 0.0919434194,
    "totalOtherIncomeExpensesNet": -54000000,
    "incomeBeforeTax": 245000000,
    "incomeBeforeTaxRatio": 0.0753382534,
    "incomeTaxExpense": 48000000,
    "netIncome": 197000000,
    "netIncomeRatio": 0.0605781058,
    "eps": 1.39,
    "epsdiluted": 1.37,
    "weightedAverageShsOut": 142000000,
    "weightedAverageShsOutDil": 144000000,
    "link": "https://www.sec.gov/Archives/edgar/data/1336920/000133692021000010/0001336920-21-000010-index.htm",
    "finalLink": "https://www.sec.gov/Archives/edgar/data/1336920/000133692021000010/ldos-20210101.htm"
  },
  {
    "date": "2020-10-02",
    "symbol": "LDOS",
    "reportedCurrency": "USD",
    "cik": "0001336920",
    "fillingDate": "2020-11-02",
    "acceptedDate": "2020-11-02 13:38:39",
    "calendarYear": "2020",
    "period": "Q3",
    "revenue": 3242000000,
    "costOfRevenue": 2774000000,
    "grossProfit": 468000000,
    "grossProfitRatio": 0.1443553362,
    "researchAndDevelopmentExpenses": 0,
    "generalAndAdministrativeExpenses": 0,
    "sellingAndMarketingExpenses": 0,
    "sellingGeneralAndAdministrativeExpenses": 200000000,
    "otherExpenses": 10000000,
    "operatingExpenses": 210000000,
    "costAndExpenses": 2984000000,
    "interestIncome": 0,
    "interestExpense": 44000000,
    "depreciationAndAmortization": 82000000,
    "ebitda": 340000000,
    "ebitdaratio": 0.1048735349,
    "operatingIncome": 258000000,
    "operatingIncomeRatio": 0.0795805059,
    "totalOtherIncomeExpensesNet": -44000000,
    "incomeBeforeTax": 214000000,
    "incomeBeforeTaxRatio": 0.0660086366,
    "incomeTaxExpense": 51000000,
    "netIncome": 163000000,
    "netIncomeRatio": 0.0502776064,
    "eps": 1.15,
    "epsdiluted": 1.13,
    "weightedAverageShsOut": 142000000,
    "weightedAverageShsOutDil": 144000000,
    "link": "https://www.sec.gov/Archives/edgar/data/1336920/000133692020000083/0001336920-20-000083-index.htm",
    "finalLink": "https://www.sec.gov/Archives/edgar/data/1336920/000133692020000083/ldos-20201002.htm"
  },
  {
    "date": "2020-07-03",
    "symbol": "LDOS",
    "reportedCurrency": "USD",
    "cik": "0001336920",
    "fillingDate": "2020-08-04",
    "acceptedDate": "2020-08-04 13:18:32",
    "calendarYear": "2020",
    "period": "Q2",
    "revenue": 2914000000,
    "costOfRevenue": 2531000000,
    "grossProfit": 383000000,
    "grossProfitRatio": 0.1314344544,
    "researchAndDevelopmentExpenses": 0,
    "generalAndAdministrativeExpenses": 0,
    "sellingAndMarketingExpenses": 0,
    "sellingGeneralAndAdministrativeExpenses": 195000000,
    "otherExpenses": -61000000,
    "operatingExpenses": 134000000,
    "costAndExpenses": 2665000000,
    "interestIncome": 0,
    "interestExpense": 41000000,
    "depreciationAndAmortization": 71000000,
    "ebitda": 304000000,
    "ebitdaratio": 0.1043239533,
    "operatingIncome": 249000000,
    "operatingIncomeRatio": 0.0854495539,
    "totalOtherIncomeExpensesNet": -57000000,
    "incomeBeforeTax": 192000000,
    "incomeBeforeTaxRatio": 0.0658888126,
    "incomeTaxExpense": 38000000,
    "netIncome": 153000000,
    "netIncomeRatio": 0.0525051476,
    "eps": 1.08,
    "epsdiluted": 1.06,
    "weightedAverageShsOut": 142000000,
    "weightedAverageShsOutDil": 144000000,
    "link": "https://www.sec.gov/Archives/edgar/data/1336920/000133692020000069/0001336920-20-000069-index.htm",
    "finalLink": "https://www.sec.gov/Archives/edgar/data/1336920/000133692020000069/ldos-20200703.htm"
  },
  {
    "date": "2020-04-03",
    "symbol": "LDOS",
    "reportedCurrency": "USD",
    "cik": "0001336920",
    "fillingDate": "2020-05-05",
    "acceptedDate": "2020-05-05 13:29:52",
    "calendarYear": "2020",
    "period": "Q1",
    "revenue": 2889000000,
    "costOfRevenue": 2494000000,
    "grossProfit": 395000000,
    "grossProfitRatio": 0.1367255106,
    "researchAndDevelopmentExpenses": 0,
    "generalAndAdministrativeExpenses": 197000000,
    "sellingAndMarketingExpenses": 0,
    "sellingGeneralAndAdministrativeExpenses": 197000000,
    "otherExpenses": 6000000,
    "operatingExpenses": 203000000,
    "costAndExpenses": 2697000000,
    "interestIncome": 0,
    "interestExpense": 48000000,
    "depreciationAndAmortization": 61000000,
    "ebitda": 239000000,
    "ebitdaratio": 0.0827275874,
    "operatingIncome": 192000000,
    "operatingIncomeRatio": 0.0664589823,
    "totalOtherIncomeExpensesNet": -62000000,
    "incomeBeforeTax": 130000000,
    "incomeBeforeTaxRatio": 0.0449982693,
    "incomeTaxExpense": 15000000,
    "netIncome": 115000000,
    "netIncomeRatio": 0.0398061613,
    "eps": 0.81,
    "epsdiluted": 0.8,
    "weightedAverageShsOut": 142000000,
    "weightedAverageShsOutDil": 144000000,
    "link": "https://www.sec.gov/Archives/edgar/data/1336920/000133692020000038/0001336920-20-000038-index.htm",
    "finalLink": "https://www.sec.gov/Archives/edgar/data/1336920/000133692020000038/ldos-20200403.htm"
  },
  {
    "date": "2020-01-03",
    "symbol": "LDOS",
    "reportedCurrency": "USD",
    "cik": "0001336920",
    "fillingDate": "2020-02-18",
    "acceptedDate": "2020-02-18 14:36:02",
    "calendarYear": "2019",
    "period": "Q4",
    "revenue": 2954000000,
    "costOfRevenue": 2527000000,
    "grossProfit": 427000000,
    "grossProfitRatio": 0.144549763,
    "researchAndDevelopmentExpenses": 0,
    "generalAndAdministrativeExpenses": 166000000,
    "sellingAndMarketingExpenses": 5000000,
    "sellingGeneralAndAdministrativeExpenses": 171000000,
    "otherExpenses": -5000000,
    "operatingExpenses": 166000000,
    "costAndExpenses": 2693000000,
    "interestIncome": 0,
    "interestExpense": 34000000,
    "depreciationAndAmortization": 60000000,
    "ebitda": 335000000,
    "ebitdaratio": 0.1134055518,
    "operatingIncome": 261000000,
    "operatingIncomeRatio": 0.0883547732,
    "totalOtherIncomeExpensesNet": -34000000,
    "incomeBeforeTax": 227000000,
    "incomeBeforeTaxRatio": 0.076844956,
    "incomeTaxExpense": 46000000,
    "netIncome": 181000000,
    "netIncomeRatio": 0.0612728504,
    "eps": 1.27,
    "epsdiluted": 1.26,
    "weightedAverageShsOut": 142000000,
    "weightedAverageShsOutDil": 144000000,
    "link": "https://www.sec.gov/Archives/edgar/data/1336920/000133692020000023/0001336920-20-000023-index.htm",
    "finalLink": "https://www.sec.gov/Archives/edgar/data/1336920/000133692020000023/ldos01032020form10-k.htm"
  },
  {
    "date": "2019-09-27",
    "symbol": "LDOS",
    "reportedCurrency": "USD",
    "cik": "0001336920",
    "fillingDate": "2019-10-29",
    "acceptedDate": "2019-10-29 14:15:35",
    "calendarYear": "2019",
    "period": "Q3",
    "revenue": 2835000000,
    "costOfRevenue": 2450000000,
    "grossProfit": 385000000,
    "grossProfitRatio": 0.1358024691,
    "researchAndDevelopmentExpenses": 0,
    "generalAndAdministrativeExpenses": 142000000,
    "sellingAndMarketingExpenses": 35000000,
    "sellingGeneralAndAdministrativeExpenses": 177000000,
    "otherExpenses": -41000000,
    "operatingExpenses": 136000000,
    "costAndExpenses": 2586000000,
    "interestIncome": 0,
    "interestExpense": 28000000,
    "depreciationAndAmortization": 59000000,
    "ebitda": 301000000,
    "ebitdaratio": 0.1061728395,
    "operatingIncome": 249000000,
    "operatingIncomeRatio": 0.0878306878,
    "totalOtherIncomeExpensesNet": -35000000,
    "incomeBeforeTax": 214000000,
    "incomeBeforeTaxRatio": 0.0754850088,
    "incomeTaxExpense": 52000000,
    "netIncome": 161000000,
    "netIncomeRatio": 0.0567901235,
    "eps": 1.13,
    "epsdiluted": 1.11,
    "weightedAverageShsOut": 143000000,
    "weightedAverageShsOutDil": 145000000,
    "link": "https://www.sec.gov/Archives/edgar/data/1336920/000133692019000054/0001336920-19-000054-index.htm",
    "finalLink": "https://www.sec.gov/Archives/edgar/data/1336920/000133692019000054/ldos092719q3form10-q.htm"
  },
  {
    "date": "2019-06-28",
    "symbol": "LDOS",
    "reportedCurrency": "USD",
    "cik": "0001336920",
    "fillingDate": "2019-07-30",
    "acceptedDate": "2019-07-30 13:01:32",
    "calendarYear": "2019",
    "period": "Q2",
    "revenue": 2728000000,
    "costOfRevenue": 2348000000,
    "grossProfit": 380000000,
    "grossProfitRatio": 0.1392961877,
    "researchAndDevelopmentExpenses": 0,
    "generalAndAdministrativeExpenses": 175000000,
    "sellingAndMarketingExpenses": 0,
    "sellingGeneralAndAdministrativeExpenses": 175000000,
    "otherExpenses": -5000000,
    "operatingExpenses": 170000000,
    "costAndExpenses": 2518000000,
    "interestIncome": 0,
    "interestExpense": 33000000,
    "depreciationAndAmortization": 57000000,
    "ebitda": 269000000,
    "ebitdaratio": 0.0986070381,
    "operatingIncome": 210000000,
    "operatingIncomeRatio": 0.0769794721,
    "totalOtherIncomeExpensesNet": -31000000,
    "incomeBeforeTax": 179000000,
    "incomeBeforeTaxRatio": 0.0656158358,
    "incomeTaxExpense": 41000000,
    "netIncome": 136000000,
    "netIncomeRatio": 0.0498533724,
    "eps": 0.94,
    "epsdiluted": 0.93,
    "weightedAverageShsOut": 144000000,
    "weightedAverageShsOutDil": 146000000,
    "link": "https://www.sec.gov/Archives/edgar/data/1336920/000133692019000041/0001336920-19-000041-index.htm",
    "finalLink": "https://www.sec.gov/Archives/edgar/data/1336920/000133692019000041/ldos062819q2form10-q.htm"
  },
  {
    "date": "2019-03-29",
    "symbol": "LDOS",
    "reportedCurrency": "USD",
    "cik": "0001336920",
    "fillingDate": "2019-04-30",
    "acceptedDate": "2019-04-30 14:14:59",
    "calendarYear": "2019",
    "period": "Q1",
    "revenue": 2577000000,
    "costOfRevenue": 2221000000,
    "grossProfit": 356000000,
    "grossProfitRatio": 0.13814513,
    "researchAndDevelopmentExpenses": 0,
    "generalAndAdministrativeExpenses": 166000000,
    "sellingAndMarketingExpenses": 0,
    "sellingGeneralAndAdministrativeExpenses": 166000000,
    "otherExpenses": -2000000,
    "operatingExpenses": 164000000,
    "costAndExpenses": 2385000000,
    "interestIncome": 0,
    "interestExpense": 38000000,
    "depreciationAndAmortization": 58000000,
    "ebitda": 342000000,
    "ebitdaratio": 0.1327124563,
    "operatingIncome": 192000000,
    "operatingIncomeRatio": 0.0745052386,
    "totalOtherIncomeExpensesNet": 54000000,
    "incomeBeforeTax": 246000000,
    "incomeBeforeTaxRatio": 0.095459837,
    "incomeTaxExpense": 57000000,
    "netIncome": 189000000,
    "netIncomeRatio": 0.0733410943,
    "eps": 1.3,
    "epsdiluted": 1.29,
    "weightedAverageShsOut": 145000000,
    "weightedAverageShsOutDil": 147000000,
    "link": "https://www.sec.gov/Archives/edgar/data/1336920/000133692019000015/0001336920-19-000015-index.htm",
    "finalLink": "https://www.sec.gov/Archives/edgar/data/1336920/000133692019000015/ldos032919q1form10-q.htm"
  },
  {
    "date": "2018-12-28",
    "symbol": "LDOS",
    "reportedCurrency": "USD",
    "cik": "0001336920",
    "fillingDate": "2019-02-19",
    "acceptedDate": "2019-02-19 17:15:32",
    "calendarYear": "2018",
    "period": "Q4",
    "revenue": 2647000000,
    "costOfRevenue": 2278000000,
    "grossProfit": 369000000,
    "grossProfitRatio": 0.1394030978,
    "researchAndDevelopmentExpenses": 0,
    "generalAndAdministrativeExpenses": 182000000,
    "sellingAndMarketingExpenses": 0,
    "sellingGeneralAndAdministrativeExpenses": 182000000,
    "otherExpenses": -1000000,
    "operatingExpenses": 181000000,
    "costAndExpenses": 2459000000,
    "interestIncome": 0,
    "interestExpense": 34000000,
    "depreciationAndAmortization": 64000000,
    "ebitda": 255000000,
    "ebitdaratio": 0.0963354741,
    "operatingIncome": 188000000,
    "operatingIncomeRatio": 0.0710238005,
    "totalOtherIncomeExpensesNet": -38000000,
    "incomeBeforeTax": 150000000,
    "incomeBeforeTaxRatio": 0.056667926,
    "incomeTaxExpense": -38000000,
    "netIncome": 188000000,
    "netIncomeRatio": 0.0710238005,
    "eps": 1.27,
    "epsdiluted": 1.25,
    "weightedAverageShsOut": 148000000,
    "weightedAverageShsOutDil": 150000000,
    "link": "https://www.sec.gov/Archives/edgar/data/1336920/000133692019000004/0001336920-19-000004-index.htm",
    "finalLink": "https://www.sec.gov/Archives/edgar/data/1336920/000133692019000004/ldos12282018form10-k.htm"
  },
  {
    "date": "2018-09-28",
    "symbol": "LDOS",
    "reportedCurrency": "USD",
    "cik": "0001336920",
    "fillingDate": "2018-10-26",
    "acceptedDate": "2018-10-25 17:40:19",
    "calendarYear": "2018",
    "period": "Q3",
    "revenue": 2575000000,
    "costOfRevenue": 2174000000,
    "grossProfit": 401000000,
    "grossProfitRatio": 0.1557281553,
    "researchAndDevelopmentExpenses": 0,
    "generalAndAdministrativeExpenses": 195000000,
    "sellingAndMarketingExpenses": 0,
    "sellingGeneralAndAdministrativeExpenses": 194000000,
    "otherExpenses": 4000000,
    "operatingExpenses": 198000000,
    "costAndExpenses": 2372000000,
    "interestIncome": 0,
    "interestExpense": 35000000,
    "depreciationAndAmortization": 64000000,
    "ebitda": 269000000,
    "ebitdaratio": 0.1044660194,
    "operatingIncome": 203000000,
    "operatingIncomeRatio": 0.0788349515,
    "totalOtherIncomeExpensesNet": -33000000,
    "incomeBeforeTax": 170000000,
    "incomeBeforeTaxRatio": 0.0660194175,
    "incomeTaxExpense": 23000000,
    "netIncome": 147000000,
    "netIncomeRatio": 0.0570873786,
    "eps": 0.97,
    "epsdiluted": 0.96,
    "weightedAverageShsOut": 151000000,
    "weightedAverageShsOutDil": 153000000,
    "link": "https://www.sec.gov/Archives/edgar/data/1336920/000133692018000052/0001336920-18-000052-index.htm",
    "finalLink": "https://www.sec.gov/Archives/edgar/data/1336920/000133692018000052/ldos092818q3form10-q.htm"
  },
  {
    "date": "2018-06-29",
    "symbol": "LDOS",
    "reportedCurrency": "USD",
    "cik": "0001336920",
    "fillingDate": "2018-07-27",
    "acceptedDate": "2018-07-26 17:38:39",
    "calendarYear": "2018",
    "period": "Q2",
    "revenue": 2529000000,
    "costOfRevenue": 2152000000,
    "grossProfit": 377000000,
    "grossProfitRatio": 0.149070779,
    "researchAndDevelopmentExpenses": 0,
    "generalAndAdministrativeExpenses": 174000000,
    "sellingAndMarketingExpenses": 0,
    "sellingGeneralAndAdministrativeExpenses": 174000000,
    "otherExpenses": 4000000,
    "operatingExpenses": 178000000,
    "costAndExpenses": 2330000000,
    "interestIncome": 0,
    "interestExpense": 35000000,
    "depreciationAndAmortization": 66000000,
    "ebitda": 266000000,
    "ebitdaratio": 0.105179913,
    "operatingIncome": 199000000,
    "operatingIncomeRatio": 0.0786872282,
    "totalOtherIncomeExpensesNet": -34000000,
    "incomeBeforeTax": 165000000,
    "incomeBeforeTaxRatio": 0.0652431791,
    "incomeTaxExpense": 20000000,
    "netIncome": 144000000,
    "netIncomeRatio": 0.0569395018,
    "eps": 0.95,
    "epsdiluted": 0.94,
    "weightedAverageShsOut": 152000000,
    "weightedAverageShsOutDil": 154000000,
    "link": "https://www.sec.gov/Archives/edgar/data/1336920/000133692018000040/0001336920-18-000040-index.htm",
    "finalLink": "https://www.sec.gov/Archives/edgar/data/1336920/000133692018000040/ldos062918q2form10-q.htm"
  },
  {
    "date": "2018-03-30",
    "symbol": "LDOS",
    "reportedCurrency": "USD",
    "cik": "0001336920",
    "fillingDate": "2018-05-04",
    "acceptedDate": "2018-05-03 17:54:53",
    "calendarYear": "2018",
    "period": "Q1",
    "revenue": 2443000000,
    "costOfRevenue": 2086000000,
    "grossProfit": 357000000,
    "grossProfitRatio": 0.1461318052,
    "researchAndDevelopmentExpenses": 0,
    "generalAndAdministrativeExpenses": 178000000,
    "sellingAndMarketingExpenses": 0,
    "sellingGeneralAndAdministrativeExpenses": 178000000,
    "otherExpenses": 20000000,
    "operatingExpenses": 198000000,
    "costAndExpenses": 2284000000,
    "interestIncome": 0,
    "interestExpense": 34000000,
    "depreciationAndAmortization": 63000000,
    "ebitda": 222000000,
    "ebitdaratio": 0.0908718788,
    "operatingIncome": 159000000,
    "operatingIncomeRatio": 0.0650839132,
    "totalOtherIncomeExpensesNet": -34000000,
    "incomeBeforeTax": 125000000,
    "incomeBeforeTaxRatio": 0.0511665984,
    "incomeTaxExpense": 23000000,
    "netIncome": 102000000,
    "netIncomeRatio": 0.0417519443,
    "eps": 0.67,
    "epsdiluted": 0.66,
    "weightedAverageShsOut": 152000000,
    "weightedAverageShsOutDil": 154000000,
    "link": "https://www.sec.gov/Archives/edgar/data/1336920/000133692018000017/0001336920-18-000017-index.htm",
    "finalLink": "https://www.sec.gov/Archives/edgar/data/1336920/000133692018000017/ldos033018q1form10-q.htm"
  },
  {
    "date": "2017-12-29",
    "symbol": "LDOS",
    "reportedCurrency": "USD",
    "cik": "0001336920",
    "fillingDate": "2018-02-23",
    "acceptedDate": "2018-02-23 15:20:22",
    "calendarYear": "2017",
    "period": "Q4",
    "revenue": 2516000000,
    "costOfRevenue": 2231000000,
    "grossProfit": 285000000,
    "grossProfitRatio": 0.1132750397,
    "researchAndDevelopmentExpenses": 0,
    "generalAndAdministrativeExpenses": 134000000,
    "sellingAndMarketingExpenses": -10000000,
    "sellingGeneralAndAdministrativeExpenses": 124000000,
    "otherExpenses": 60000000,
    "operatingExpenses": 184000000,
    "costAndExpenses": 2415000000,
    "interestIncome": 3000000,
    "interestExpense": 38000000,
    "depreciationAndAmortization": 82000000,
    "ebitda": 168000000,
    "ebitdaratio": 0.066772655,
    "operatingIncome": 101000000,
    "operatingIncomeRatio": 0.0401430843,
    "totalOtherIncomeExpensesNet": -67000000,
    "incomeBeforeTax": 34000000,
    "incomeBeforeTaxRatio": 0.0135135135,
    "incomeTaxExpense": -79000000,
    "netIncome": 114000000,
    "netIncomeRatio": 0.0453100159,
    "eps": 0.75,
    "epsdiluted": 0.74,
    "weightedAverageShsOut": 152000000,
    "weightedAverageShsOutDil": 154000000,
    "link": "https://www.sec.gov/Archives/edgar/data/1336920/000133692018000008/0001336920-18-000008-index.htm",
    "finalLink": "https://www.sec.gov/Archives/edgar/data/1336920/000133692018000008/ldos12292017form10-k.htm"
  },
  {
    "date": "2017-09-29",
    "symbol": "LDOS",
    "reportedCurrency": "USD",
    "cik": "0001336920",
    "fillingDate": "2017-11-03",
    "acceptedDate": "2017-11-02 17:39:27",
    "calendarYear": "2017",
    "period": "Q3",
    "revenue": 2503000000,
    "costOfRevenue": 2189000000,
    "grossProfit": 314000000,
    "grossProfitRatio": 0.1254494606,
    "researchAndDevelopmentExpenses": 0,
    "generalAndAdministrativeExpenses": 141000000,
    "sellingAndMarketingExpenses": 0,
    "sellingGeneralAndAdministrativeExpenses": 194000000,
    "otherExpenses": 22000000,
    "operatingExpenses": 216000000,
    "costAndExpenses": 2352000000,
    "interestIncome": 1000000,
    "interestExpense": 36000000,
    "depreciationAndAmortization": 92000000,
    "ebitda": 243000000,
    "ebitdaratio": 0.0970834998,
    "operatingIncome": 151000000,
    "operatingIncomeRatio": 0.0603276069,
    "totalOtherIncomeExpensesNet": -35000000,
    "incomeBeforeTax": 116000000,
    "incomeBeforeTaxRatio": 0.0463443867,
    "incomeTaxExpense": 37000000,
    "netIncome": 82000000,
    "netIncomeRatio": 0.0327606872,
    "eps": 0.54,
    "epsdiluted": 0.53,
    "weightedAverageShsOut": 152000000,
    "weightedAverageShsOutDil": 154000000,
    "link": "https://www.sec.gov/Archives/edgar/data/1336920/000133692017000055/0001336920-17-000055-index.htm",
    "finalLink": "https://www.sec.gov/Archives/edgar/data/1336920/000133692017000055/ldos092917q3form10-q.htm"
  },
  {
    "date": "2017-06-30",
    "symbol": "LDOS",
    "reportedCurrency": "USD",
    "cik": "0001336920",
    "fillingDate": "2017-08-04",
    "acceptedDate": "2017-08-03 17:49:42",
    "calendarYear": "2017",
    "period": "Q2",
    "revenue": 2571000000,
    "costOfRevenue": 2233000000,
    "grossProfit": 338000000,
    "grossProfitRatio": 0.1314663555,
    "researchAndDevelopmentExpenses": 0,
    "generalAndAdministrativeExpenses": 143000000,
    "sellingAndMarketingExpenses": 0,
    "sellingGeneralAndAdministrativeExpenses": 186000000,
    "otherExpenses": 29000000,
    "operatingExpenses": 215000000,
    "costAndExpenses": 2405000000,
    "interestIncome": 2000000,
    "interestExpense": 36000000,
    "depreciationAndAmortization": 80000000,
    "ebitda": 249000000,
    "ebitdaratio": 0.0968494749,
    "operatingIncome": 166000000,
    "operatingIncomeRatio": 0.0645663166,
    "totalOtherIncomeExpensesNet": -31000000,
    "incomeBeforeTax": 135000000,
    "incomeBeforeTaxRatio": 0.0525087515,
    "incomeTaxExpense": 37000000,
    "netIncome": 98000000,
    "netIncomeRatio": 0.038117464,
    "eps": 0.65,
    "epsdiluted": 0.64,
    "weightedAverageShsOut": 151000000,
    "weightedAverageShsOutDil": 153000000,
    "link": "https://www.sec.gov/Archives/edgar/data/1336920/000133692017000047/0001336920-17-000047-index.htm",
    "finalLink": "https://www.sec.gov/Archives/edgar/data/1336920/000133692017000047/ldos063017q2form10-q.htm"
  },
  {
    "date": "2017-03-31",
    "symbol": "LDOS",
    "reportedCurrency": "USD",
    "cik": "0001336920",
    "fillingDate": "2017-05-05",
    "acceptedDate": "2017-05-04 17:36:45",
    "calendarYear": "2017",
    "period": "Q1",
    "revenue": 2580000000,
    "costOfRevenue": 2270000000,
    "grossProfit": 310000000,
    "grossProfitRatio": 0.1201550388,
    "researchAndDevelopmentExpenses": 0,
    "generalAndAdministrativeExpenses": 144000000,
    "sellingAndMarketingExpenses": 0,
    "sellingGeneralAndAdministrativeExpenses": 181000000,
    "otherExpenses": 25000000,
    "operatingExpenses": 206000000,
    "costAndExpenses": 2439000000,
    "interestIncome": 2000000,
    "interestExpense": 38000000,
    "depreciationAndAmortization": 82000000,
    "ebitda": 226000000,
    "ebitdaratio": 0.0875968992,
    "operatingIncome": 141000000,
    "operatingIncomeRatio": 0.0546511628,
    "totalOtherIncomeExpensesNet": -33000000,
    "incomeBeforeTax": 108000000,
    "incomeBeforeTaxRatio": 0.0418604651,
    "incomeTaxExpense": 34000000,
    "netIncome": 72000000,
    "netIncomeRatio": 0.0279069767,
    "eps": 0.48,
    "epsdiluted": 0.47,
    "weightedAverageShsOut": 150000000,
    "weightedAverageShsOutDil": 153000000,
    "link": "https://www.sec.gov/Archives/edgar/data/1336920/000133692017000021/0001336920-17-000021-index.htm",
    "finalLink": "https://www.sec.gov/Archives/edgar/data/1336920/000133692017000021/ldos033117q1form10-q.htm"
  },
  {
    "date": "2016-12-30",
    "symbol": "LDOS",
    "reportedCurrency": "USD",
    "cik": "0001336920",
    "fillingDate": "2017-02-24",
    "acceptedDate": "2017-02-24 15:04:47",
    "calendarYear": "2016",
    "period": "Q4",
    "revenue": 2575000000,
    "costOfRevenue": 2266000000,
    "grossProfit": 309000000,
    "grossProfitRatio": 0.12,
    "researchAndDevelopmentExpenses": 0,
    "generalAndAdministrativeExpenses": 133000000,
    "sellingAndMarketingExpenses": -2000000,
    "sellingGeneralAndAdministrativeExpenses": 131000000,
    "otherExpenses": 26000000,
    "operatingExpenses": 157000000,
    "costAndExpenses": 2423000000,
    "interestIncome": 2000000,
    "interestExpense": 39000000,
    "depreciationAndAmortization": 68000000,
    "ebitda": 212000000,
    "ebitdaratio": 0.0823300971,
    "operatingIncome": 152000000,
    "operatingIncomeRatio": 0.0590291262,
    "totalOtherIncomeExpensesNet": -47000000,
    "incomeBeforeTax": 105000000,
    "incomeBeforeTaxRatio": 0.040776699,
    "incomeTaxExpense": 45000000,
    "netIncome": 59000000,
    "netIncomeRatio": 0.0229126214,
    "eps": 0.39,
    "epsdiluted": 0.39,
    "weightedAverageShsOut": 150000000,
    "weightedAverageShsOutDil": 153000000,
    "link": "https://www.sec.gov/Archives/edgar/data/1336920/000133692017000014/0001336920-17-000014-index.htm",
    "finalLink": "https://www.sec.gov/Archives/edgar/data/1336920/000133692017000014/ldos12302016form10-k.htm"
  },
  {
    "date": "2016-09-30",
    "symbol": "LDOS",
    "reportedCurrency": "USD",
    "cik": "0001336920",
    "fillingDate": "2016-11-04",
    "acceptedDate": "2016-11-04 15:19:17",
    "calendarYear": "2016",
    "period": "Q3",
    "revenue": 1868000000,
    "costOfRevenue": 1630000000,
    "grossProfit": 238000000,
    "grossProfitRatio": 0.1274089936,
    "researchAndDevelopmentExpenses": 0,
    "generalAndAdministrativeExpenses": 87000000,
    "sellingAndMarketingExpenses": 0,
    "sellingGeneralAndAdministrativeExpenses": 88000000,
    "otherExpenses": 49000000,
    "operatingExpenses": 137000000,
    "costAndExpenses": 1767000000,
    "interestIncome": 3000000,
    "interestExpense": 28000000,
    "depreciationAndAmortization": 37000000,
    "ebitda": 140000000,
    "ebitdaratio": 0.0749464668,
    "operatingIncome": 101000000,
    "operatingIncomeRatio": 0.0540685225,
    "totalOtherIncomeExpensesNet": -26000000,
    "incomeBeforeTax": 75000000,
    "incomeBeforeTaxRatio": 0.0401498929,
    "incomeTaxExpense": -17000000,
    "netIncome": 91000000,
    "netIncomeRatio": 0.0487152034,
    "eps": 0.81,
    "epsdiluted": 0.8,
    "weightedAverageShsOut": 112000000,
    "weightedAverageShsOutDil": 114000000,
    "link": "https://www.sec.gov/Archives/edgar/data/1336920/000133692016000126/0001336920-16-000126-index.htm",
    "finalLink": "https://www.sec.gov/Archives/edgar/data/1336920/000133692016000126/ldos093016q3form10-q.htm"
  },
  {
    "date": "2016-07-01",
    "symbol": "LDOS",
    "reportedCurrency": "USD",
    "cik": "0001336920",
    "fillingDate": "2016-07-29",
    "acceptedDate": "2016-07-29 16:19:31",
    "calendarYear": "2016",
    "period": "Q2",
    "revenue": 1288000000,
    "costOfRevenue": 1141000000,
    "grossProfit": 147000000,
    "grossProfitRatio": 0.1141304348,
    "researchAndDevelopmentExpenses": 0,
    "generalAndAdministrativeExpenses": 57000000,
    "sellingAndMarketingExpenses": 0,
    "sellingGeneralAndAdministrativeExpenses": 56000000,
    "otherExpenses": 16000000,
    "operatingExpenses": 72000000,
    "costAndExpenses": 1213000000,
    "interestIncome": 2000000,
    "interestExpense": 13000000,
    "depreciationAndAmortization": 9000000,
    "ebitda": 84000000,
    "ebitdaratio": 0.0652173913,
    "operatingIncome": 75000000,
    "operatingIncomeRatio": 0.0582298137,
    "totalOtherIncomeExpensesNet": -15000000,
    "incomeBeforeTax": 60000000,
    "incomeBeforeTaxRatio": 0.0465838509,
    "incomeTaxExpense": 19000000,
    "netIncome": 41000000,
    "netIncomeRatio": 0.0318322981,
    "eps": 0.56,
    "epsdiluted": 0.55,
    "weightedAverageShsOut": 73000000,
    "weightedAverageShsOutDil": 74000000,
    "link": "https://www.sec.gov/Archives/edgar/data/1336920/000133692016000108/0001336920-16-000108-index.htm",
    "finalLink": "https://www.sec.gov/Archives/edgar/data/353394/000133692016000108/ldos070116q2form10-q.htm"
  },
  {
    "date": "2016-04-01",
    "symbol": "LDOS",
    "reportedCurrency": "USD",
    "cik": "0001336920",
    "fillingDate": "2016-04-28",
    "acceptedDate": "2016-04-28 17:04:13",
    "calendarYear": "2016",
    "period": "Q1",
    "revenue": 1312000000,
    "costOfRevenue": 1154000000,
    "grossProfit": 158000000,
    "grossProfitRatio": 0.1204268293,
    "researchAndDevelopmentExpenses": 0,
    "generalAndAdministrativeExpenses": 60000000,
    "sellingAndMarketingExpenses": 0,
    "sellingGeneralAndAdministrativeExpenses": 60000000,
    "otherExpenses": 9000000,
    "operatingExpenses": 69000000,
    "costAndExpenses": 1223000000,
    "interestIncome": 0,
    "interestExpense": 11000000,
    "depreciationAndAmortization": 8000000,
    "ebitda": 97000000,
    "ebitdaratio": 0.0739329268,
    "operatingIncome": 89000000,
    "operatingIncomeRatio": 0.0678353659,
    "totalOtherIncomeExpensesNet": -11000000,
    "incomeBeforeTax": 78000000,
    "incomeBeforeTaxRatio": 0.0594512195,
    "incomeTaxExpense": 29000000,
    "netIncome": 49000000,
    "netIncomeRatio": 0.037347561,
    "eps": 0.68,
    "epsdiluted": 0.66,
    "weightedAverageShsOut": 72000000,
    "weightedAverageShsOutDil": 74000000,
    "link": "https://www.sec.gov/Archives/edgar/data/1336920/000133692016000088/0001336920-16-000088-index.htm",
    "finalLink": "https://www.sec.gov/Archives/edgar/data/353394/000133692016000088/ldos040116q1form10-q.htm"
  },
  {
    "date": "2015-12-31",
    "symbol": "LDOS",
    "reportedCurrency": "USD",
    "cik": "0001336920",
    "fillingDate": "2015-12-31",
    "acceptedDate": "2015-12-31 00:00:00",
    "calendarYear": "2015",
    "period": "Q4",
    "revenue": 1281000000,
    "costOfRevenue": 1124000000,
    "grossProfit": 157000000,
    "grossProfitRatio": 0.1225604996,
    "researchAndDevelopmentExpenses": 0,
    "generalAndAdministrativeExpenses": 0,
    "sellingAndMarketingExpenses": 0,
    "sellingGeneralAndAdministrativeExpenses": 0,
    "otherExpenses": 0,
    "operatingExpenses": 0,
    "costAndExpenses": 0,
    "interestIncome": 0,
    "interestExpense": 12000000,
    "depreciationAndAmortization": 9000000,
    "ebitda": 0,
    "ebitdaratio": 0,
    "operatingIncome": 102000000,
    "operatingIncomeRatio": 0.0796252927,
    "totalOtherIncomeExpensesNet": 0,
    "incomeBeforeTax": 173000000,
    "incomeBeforeTaxRatio": 0.1350507416,
    "incomeTaxExpense": 46000000,
    "netIncome": 127000000,
    "netIncomeRatio": 0.0991412959,
    "eps": 1.76,
    "epsdiluted": 1.72,
    "weightedAverageShsOut": 72000000,
    "weightedAverageShsOutDil": 74000000,
    "link": null,
    "finalLink": null
  },
  {
    "date": "2015-10-02",
    "symbol": "LDOS",
    "reportedCurrency": "USD",
    "cik": "0001336920",
    "fillingDate": "2015-10-30",
    "acceptedDate": "2015-10-30 16:55:50",
    "calendarYear": "2015",
    "period": "Q3",
    "revenue": 1302000000,
    "costOfRevenue": 1138000000,
    "grossProfit": 164000000,
    "grossProfitRatio": 0.1259600614,
    "researchAndDevelopmentExpenses": 0,
    "generalAndAdministrativeExpenses": 0,
    "sellingAndMarketingExpenses": 0,
    "sellingGeneralAndAdministrativeExpenses": 53000000,
    "otherExpenses": 17000000,
    "operatingExpenses": 70000000,
    "costAndExpenses": 1208000000,
    "interestIncome": 0,
    "interestExpense": 14000000,
    "depreciationAndAmortization": 11000000,
    "ebitda": 105000000,
    "ebitdaratio": 0.0806451613,
    "operatingIncome": 94000000,
    "operatingIncomeRatio": 0.0721966206,
    "totalOtherIncomeExpensesNet": -14000000,
    "incomeBeforeTax": 80000000,
    "incomeBeforeTaxRatio": 0.0614439324,
    "incomeTaxExpense": 31000000,
    "netIncome": 49000000,
    "netIncomeRatio": 0.0376344086,
    "eps": 0.68,
    "epsdiluted": 0.67,
    "weightedAverageShsOut": 72000000,
    "weightedAverageShsOutDil": 73000000,
    "link": "https://www.sec.gov/Archives/edgar/data/1336920/000133692015000060/0001336920-15-000060-index.htm",
    "finalLink": "https://www.sec.gov/Archives/edgar/data/353394/000133692015000060/ldosq3cy1510022015form10-q.htm"
  },
  {
    "date": "2015-07-03",
    "symbol": "LDOS",
    "reportedCurrency": "USD",
    "cik": "0001336920",
    "fillingDate": "2015-08-05",
    "acceptedDate": "2015-08-05 14:47:58",
    "calendarYear": "2015",
    "period": "Q2",
    "revenue": 1257000000,
    "costOfRevenue": 1113000000,
    "grossProfit": 144000000,
    "grossProfitRatio": 0.1145584726,
    "researchAndDevelopmentExpenses": 0,
    "generalAndAdministrativeExpenses": 0,
    "sellingAndMarketingExpenses": 0,
    "sellingGeneralAndAdministrativeExpenses": 51000000,
    "otherExpenses": 29000000,
    "operatingExpenses": 80000000,
    "costAndExpenses": 1193000000,
    "interestIncome": 0,
    "interestExpense": 14000000,
    "depreciationAndAmortization": 12000000,
    "ebitda": 78000000,
    "ebitdaratio": 0.062052506,
    "operatingIncome": 64000000,
    "operatingIncomeRatio": 0.0509148767,
    "totalOtherIncomeExpensesNet": -12000000,
    "incomeBeforeTax": 52000000,
    "incomeBeforeTaxRatio": 0.0413683373,
    "incomeTaxExpense": 15000000,
    "netIncome": 37000000,
    "netIncomeRatio": 0.0294351631,
    "eps": 0.51,
    "epsdiluted": 0.5,
    "weightedAverageShsOut": 73000000,
    "weightedAverageShsOutDil": 74000000,
    "link": "https://www.sec.gov/Archives/edgar/data/1336920/000133692015000041/0001336920-15-000041-index.htm",
    "finalLink": "https://www.sec.gov/Archives/edgar/data/353394/000133692015000041/ldosq2cy1507032015form10-q.htm"
  },
  {
    "date": "2015-04-03",
    "symbol": "LDOS",
    "reportedCurrency": "USD",
    "cik": "0001336920",
    "fillingDate": "2015-05-12",
    "acceptedDate": "2015-05-12 11:34:27",
    "calendarYear": "2015",
    "period": "Q1",
    "revenue": 1246000000,
    "costOfRevenue": 1093000000,
    "grossProfit": 153000000,
    "grossProfitRatio": 0.1227929374,
    "researchAndDevelopmentExpenses": 0,
    "generalAndAdministrativeExpenses": 0,
    "sellingAndMarketingExpenses": 0,
    "sellingGeneralAndAdministrativeExpenses": 75000000,
    "otherExpenses": 40000000,
    "operatingExpenses": 115000000,
    "costAndExpenses": 1208000000,
    "interestIncome": 0,
    "interestExpense": 14000000,
    "depreciationAndAmortization": 12000000,
    "ebitda": 49000000,
    "ebitdaratio": 0.0393258427,
    "operatingIncome": 38000000,
    "operatingIncomeRatio": 0.0304975923,
    "totalOtherIncomeExpensesNet": -15000000,
    "incomeBeforeTax": 23000000,
    "incomeBeforeTaxRatio": 0.018459069,
    "incomeTaxExpense": 0,
    "netIncome": 41000000,
    "netIncomeRatio": 0.032905297,
    "eps": 0.56,
    "epsdiluted": 0.55,
    "weightedAverageShsOut": 73000000,
    "weightedAverageShsOutDil": 75000000,
    "link": "https://www.sec.gov/Archives/edgar/data/1336920/000133692015000017/0001336920-15-000017-index.htm",
    "finalLink": "https://www.sec.gov/Archives/edgar/data/353394/000133692015000017/ldosq1cy1504032015form10-q.htm"
  },
  {
    "date": "2015-01-30",
    "symbol": "LDOS",
    "reportedCurrency": "USD",
    "cik": "0001336920",
    "fillingDate": "2015-03-25",
    "acceptedDate": "2015-03-25 16:51:43",
    "calendarYear": "2014",
    "period": "Q4",
    "revenue": 1169000000,
    "costOfRevenue": 1017000000,
    "grossProfit": 152000000,
    "grossProfitRatio": 0.130025663,
    "researchAndDevelopmentExpenses": 0,
    "generalAndAdministrativeExpenses": 0,
    "sellingAndMarketingExpenses": 0,
    "sellingGeneralAndAdministrativeExpenses": 71000000,
    "otherExpenses": 44000000,
    "operatingExpenses": 115000000,
    "costAndExpenses": 1132000000,
    "interestIncome": 0,
    "interestExpense": 17000000,
    "depreciationAndAmortization": 12000000,
    "ebitda": 53000000,
    "ebitdaratio": 0.0453378956,
    "operatingIncome": 37000000,
    "operatingIncomeRatio": 0.0316509837,
    "totalOtherIncomeExpensesNet": -13000000,
    "incomeBeforeTax": 24000000,
    "incomeBeforeTaxRatio": 0.0205303678,
    "incomeTaxExpense": -2000000,
    "netIncome": 44000000,
    "netIncomeRatio": 0.0376390077,
    "eps": 0.6,
    "epsdiluted": 0.59,
    "weightedAverageShsOut": 73000000,
    "weightedAverageShsOutDil": 75000000,
    "link": "https://www.sec.gov/Archives/edgar/data/1336920/000133692015000010/0001336920-15-000010-index.htm",
    "finalLink": "https://www.sec.gov/Archives/edgar/data/353394/000133692015000010/ldos-1302015x10k.htm"
  },
  {
    "date": "2014-10-31",
    "symbol": "LDOS",
    "reportedCurrency": "USD",
    "cik": "0001336920",
    "fillingDate": "2014-12-03",
    "acceptedDate": "2014-12-03 16:59:46",
    "calendarYear": "2014",
    "period": "Q3",
    "revenue": 1276000000,
    "costOfRevenue": 1115000000,
    "grossProfit": 161000000,
    "grossProfitRatio": 0.1261755486,
    "researchAndDevelopmentExpenses": 0,
    "generalAndAdministrativeExpenses": 0,
    "sellingAndMarketingExpenses": 0,
    "sellingGeneralAndAdministrativeExpenses": 72000000,
    "otherExpenses": 17000000,
    "operatingExpenses": 89000000,
    "costAndExpenses": 1204000000,
    "interestIncome": 1000000,
    "interestExpense": 18000000,
    "depreciationAndAmortization": 16000000,
    "ebitda": 88000000,
    "ebitdaratio": 0.0689655172,
    "operatingIncome": 72000000,
    "operatingIncomeRatio": 0.0564263323,
    "totalOtherIncomeExpensesNet": -18000000,
    "incomeBeforeTax": 54000000,
    "incomeBeforeTaxRatio": 0.0423197492,
    "incomeTaxExpense": 16000000,
    "netIncome": 34000000,
    "netIncomeRatio": 0.026645768,
    "eps": 0.47,
    "epsdiluted": 0.46,
    "weightedAverageShsOut": 73000000,
    "weightedAverageShsOutDil": 74000000,
    "link": "https://www.sec.gov/Archives/edgar/data/1336920/000133692014000031/0001336920-14-000031-index.htm",
    "finalLink": "https://www.sec.gov/Archives/edgar/data/353394/000133692014000031/ldosq3fy2015form10-q.htm"
  },
  {
    "date": "2014-08-01",
    "symbol": "LDOS",
    "reportedCurrency": "USD",
    "cik": "0001336920",
    "fillingDate": "2014-09-09",
    "acceptedDate": "2014-09-09 10:12:50",
    "calendarYear": "2014",
    "period": "Q2",
    "revenue": 1306000000,
    "costOfRevenue": 1119000000,
    "grossProfit": 187000000,
    "grossProfitRatio": 0.1431852986,
    "researchAndDevelopmentExpenses": 0,
    "generalAndAdministrativeExpenses": 0,
    "sellingAndMarketingExpenses": 0,
    "sellingGeneralAndAdministrativeExpenses": 87000000,
    "otherExpenses": 510000000,
    "operatingExpenses": 597000000,
    "costAndExpenses": 1716000000,
    "interestIncome": 1000000,
    "interestExpense": 20000000,
    "depreciationAndAmortization": 15000000,
    "ebitda": -395000000,
    "ebitdaratio": -0.3024502297,
    "operatingIncome": -410000000,
    "operatingIncomeRatio": -0.3139356815,
    "totalOtherIncomeExpensesNet": -20000000,
    "incomeBeforeTax": -430000000,
    "incomeBeforeTaxRatio": -0.3292496172,
    "incomeTaxExpense": 9000000,
    "netIncome": -438000000,
    "netIncomeRatio": -0.3353751914,
    "eps": -5.92,
    "epsdiluted": -5.92,
    "weightedAverageShsOut": 74000000,
    "weightedAverageShsOutDil": 74000000,
    "link": "https://www.sec.gov/Archives/edgar/data/1336920/000133692014000022/0001336920-14-000022-index.htm",
    "finalLink": "https://www.sec.gov/Archives/edgar/data/353394/000133692014000022/ldosq2fy2015form10-q.htm"
  },
  {
    "date": "2014-05-02",
    "symbol": "LDOS",
    "reportedCurrency": "USD",
    "cik": "0001336920",
    "fillingDate": "2014-06-04",
    "acceptedDate": "2014-06-04 14:20:16",
    "calendarYear": "2014",
    "period": "Q1",
    "revenue": 1320000000,
    "costOfRevenue": 1147000000,
    "grossProfit": 173000000,
    "grossProfitRatio": 0.1310606061,
    "researchAndDevelopmentExpenses": 0,
    "generalAndAdministrativeExpenses": 0,
    "sellingAndMarketingExpenses": 0,
    "sellingGeneralAndAdministrativeExpenses": 84000000,
    "otherExpenses": 0,
    "operatingExpenses": 84000000,
    "costAndExpenses": 1225000000,
    "interestIncome": 0,
    "interestExpense": 20000000,
    "depreciationAndAmortization": 19000000,
    "ebitda": 107000000,
    "ebitdaratio": 0.0810606061,
    "operatingIncome": 89000000,
    "operatingIncomeRatio": 0.0674242424,
    "totalOtherIncomeExpensesNet": -18000000,
    "incomeBeforeTax": 71000000,
    "incomeBeforeTaxRatio": 0.0537878788,
    "incomeTaxExpense": 25000000,
    "netIncome": 37000000,
    "netIncomeRatio": 0.028030303,
    "eps": 0.48,
    "epsdiluted": 0.47,
    "weightedAverageShsOut": 77000000,
    "weightedAverageShsOutDil": 78000000,
    "link": "https://www.sec.gov/Archives/edgar/data/1336920/000133692014000014/0001336920-14-000014-index.htm",
    "finalLink": "https://www.sec.gov/Archives/edgar/data/353394/000133692014000014/ldosq1fy2015form10-q.htm"
  },
  {
    "date": "2014-01-31",
    "symbol": "LDOS",
    "reportedCurrency": "USD",
    "cik": "0001336920",
    "fillingDate": "2014-03-27",
    "acceptedDate": "2014-03-27 16:12:24",
    "calendarYear": "2013",
    "period": "Q4",
    "revenue": 1286000000,
    "costOfRevenue": 1103000000,
    "grossProfit": 183000000,
    "grossProfitRatio": 0.1423017107,
    "researchAndDevelopmentExpenses": 0,
    "generalAndAdministrativeExpenses": 105000000,
    "sellingAndMarketingExpenses": 11000000,
    "sellingGeneralAndAdministrativeExpenses": 82000000,
    "otherExpenses": 6000000,
    "operatingExpenses": 88000000,
    "costAndExpenses": 1191000000,
    "interestIncome": 5000000,
    "interestExpense": 24000000,
    "depreciationAndAmortization": 15000000,
    "ebitda": 99000000,
    "ebitdaratio": 0.0769828927,
    "operatingIncome": 95000000,
    "operatingIncomeRatio": 0.0738724728,
    "totalOtherIncomeExpensesNet": -35000000,
    "incomeBeforeTax": 60000000,
    "incomeBeforeTaxRatio": 0.0466562986,
    "incomeTaxExpense": 5000000,
    "netIncome": 44000000,
    "netIncomeRatio": 0.034214619,
    "eps": 0.55,
    "epsdiluted": 0.55,
    "weightedAverageShsOut": 80000000,
    "weightedAverageShsOutDil": 84000000,
    "link": "https://www.sec.gov/Archives/edgar/data/1336920/000133692014000007/0001336920-14-000007-index.htm",
    "finalLink": "https://www.sec.gov/Archives/edgar/data/353394/000133692014000007/ldos-1312014x10k.htm"
  },
  {
    "date": "2013-11-01",
    "symbol": "LDOS",
    "reportedCurrency": "USD",
    "cik": "0001336920",
    "fillingDate": "2013-12-10",
    "acceptedDate": "2013-12-10 17:17:44",
    "calendarYear": "2013",
    "period": "Q3",
    "revenue": 1420000000,
    "costOfRevenue": 1224000000,
    "grossProfit": 196000000,
    "grossProfitRatio": 0.138028169,
    "researchAndDevelopmentExpenses": 0,
    "generalAndAdministrativeExpenses": 127000000,
    "sellingAndMarketingExpenses": -10000000,
    "sellingGeneralAndAdministrativeExpenses": 113000000,
    "otherExpenses": 87000000,
    "operatingExpenses": 200000000,
    "costAndExpenses": 1419000000,
    "interestIncome": 5000000,
    "interestExpense": 21000000,
    "depreciationAndAmortization": 8000000,
    "ebitda": 15000000,
    "ebitdaratio": 0.0105633803,
    "operatingIncome": -7000000,
    "operatingIncomeRatio": -0.0049295775,
    "totalOtherIncomeExpensesNet": -14000000,
    "incomeBeforeTax": -21000000,
    "incomeBeforeTaxRatio": -0.0147887324,
    "incomeTaxExpense": -12000000,
    "netIncome": -3000000,
    "netIncomeRatio": -0.0021126761,
    "eps": -0.0375,
    "epsdiluted": -0.0357,
    "weightedAverageShsOut": 80000000,
    "weightedAverageShsOutDil": 84000000,
    "link": "https://www.sec.gov/Archives/edgar/data/1336920/000133692013000009/0001336920-13-000009-index.htm",
    "finalLink": "https://www.sec.gov/Archives/edgar/data/1336920/000133692013000009/ldos-q3x1112013.htm"
  },
  {
    "date": "2013-08-02",
    "symbol": "LDOS",
    "reportedCurrency": "USD",
    "cik": "0001336920",
    "fillingDate": "2013-09-05",
    "acceptedDate": "2013-09-05 17:15:26",
    "calendarYear": "2013",
    "period": "Q2",
    "revenue": 2474000000,
    "costOfRevenue": 2217000000,
    "grossProfit": 257000000,
    "grossProfitRatio": 0.1038803557,
    "researchAndDevelopmentExpenses": 0,
    "generalAndAdministrativeExpenses": 0,
    "sellingAndMarketingExpenses": 0,
    "sellingGeneralAndAdministrativeExpenses": 105000000,
    "otherExpenses": 49000000,
    "operatingExpenses": 154000000,
    "costAndExpenses": 1447000000,
    "interestIncome": 6000000,
    "interestExpense": 19000000,
    "depreciationAndAmortization": 28000000,
    "ebitda": 41000000,
    "ebitdaratio": 0.0165723525,
    "operatingIncome": 75000000,
    "operatingIncomeRatio": 0.0303152789,
    "totalOtherIncomeExpensesNet": -12000000,
    "incomeBeforeTax": 62000000,
    "incomeBeforeTaxRatio": 0.0250606306,
    "incomeTaxExpense": 18000000,
    "netIncome": 42000000,
    "netIncomeRatio": 0.0169765562,
    "eps": 0.48,
    "epsdiluted": 0.48,
    "weightedAverageShsOut": 84250000,
    "weightedAverageShsOutDil": 85250000,
    "link": "https://www.sec.gov/Archives/edgar/data/1336920/000119312513358518/0001193125-13-358518-index.htm",
    "finalLink": "https://www.sec.gov/Archives/edgar/data/353394/000119312513358518/d556176d10q.htm"
  },
  {
    "date": "2013-05-03",
    "symbol": "LDOS",
    "reportedCurrency": "USD",
    "cik": "0001336920",
    "fillingDate": "2013-06-04",
    "acceptedDate": "2013-06-04 15:23:20",
    "calendarYear": "2013",
    "period": "Q1",
    "revenue": 2707000000,
    "costOfRevenue": 2378000000,
    "grossProfit": 329000000,
    "grossProfitRatio": 0.1215367566,
    "researchAndDevelopmentExpenses": 0,
    "generalAndAdministrativeExpenses": 0,
    "sellingAndMarketingExpenses": 0,
    "sellingGeneralAndAdministrativeExpenses": 128000000,
    "otherExpenses": 16000000,
    "operatingExpenses": 144000000,
    "costAndExpenses": 1521000000,
    "interestIncome": 4000000,
    "interestExpense": 20000000,
    "depreciationAndAmortization": 30000000,
    "ebitda": 107000000,
    "ebitdaratio": 0.0395271518,
    "operatingIncome": 142000000,
    "operatingIncomeRatio": 0.052456594,
    "totalOtherIncomeExpensesNet": -15000000,
    "incomeBeforeTax": 127000000,
    "incomeBeforeTaxRatio": 0.0469154045,
    "incomeTaxExpense": 46000000,
    "netIncome": 81000000,
    "netIncomeRatio": 0.0299224233,
    "eps": 0.92,
    "epsdiluted": 0.92,
    "weightedAverageShsOut": 84000000,
    "weightedAverageShsOutDil": 84000000,
    "link": "https://www.sec.gov/Archives/edgar/data/1336920/000119312513246802/0001193125-13-246802-index.htm",
    "finalLink": "https://www.sec.gov/Archives/edgar/data/353394/000119312513246802/d516700d10q.htm"
  },
  {
    "date": "2013-01-31",
    "symbol": "LDOS",
    "reportedCurrency": "USD",
    "cik": "0001336920",
    "fillingDate": "2013-03-27",
    "acceptedDate": "2013-03-26 19:39:22",
    "calendarYear": "2012",
    "period": "Q4",
    "revenue": 2711000000,
    "costOfRevenue": 2380000000,
    "grossProfit": 331000000,
    "grossProfitRatio": 0.1220951678,
    "researchAndDevelopmentExpenses": 0,
    "generalAndAdministrativeExpenses": 148000000,
    "sellingAndMarketingExpenses": 15000000,
    "sellingGeneralAndAdministrativeExpenses": 148000000,
    "otherExpenses": 38000000,
    "operatingExpenses": 186000000,
    "costAndExpenses": 2566000000,
    "interestIncome": 3000000,
    "interestExpense": 20000000,
    "depreciationAndAmortization": 28000000,
    "ebitda": 176000000,
    "ebitdaratio": 0.0649206935,
    "operatingIncome": 145000000,
    "operatingIncomeRatio": 0.0534857986,
    "totalOtherIncomeExpensesNet": -17000000,
    "incomeBeforeTax": 128000000,
    "incomeBeforeTaxRatio": 0.0472150498,
    "incomeTaxExpense": -58000000,
    "netIncome": 186000000,
    "netIncomeRatio": 0.0686093692,
    "eps": 2.16,
    "epsdiluted": 2.16,
    "weightedAverageShsOut": 83500000,
    "weightedAverageShsOutDil": 83750000,
    "link": "https://www.sec.gov/Archives/edgar/data/1336920/000119312513127240/0001193125-13-127240-index.htm",
    "finalLink": "https://www.sec.gov/Archives/edgar/data/353394/000119312513127240/d451558d10k.htm"
  },
  {
    "date": "2012-10-31",
    "symbol": "LDOS",
    "reportedCurrency": "USD",
    "cik": "0001336920",
    "fillingDate": "2012-12-06",
    "acceptedDate": "2012-12-05 20:32:33",
    "calendarYear": "2012",
    "period": "Q3",
    "revenue": 2870000000,
    "costOfRevenue": 2509000000,
    "grossProfit": 361000000,
    "grossProfitRatio": 0.1257839721,
    "researchAndDevelopmentExpenses": 0,
    "generalAndAdministrativeExpenses": 168000000,
    "sellingAndMarketingExpenses": 0,
    "sellingGeneralAndAdministrativeExpenses": 139000000,
    "otherExpenses": 0,
    "operatingExpenses": 139000000,
    "costAndExpenses": 1573000000,
    "interestIncome": 2000000,
    "interestExpense": 20000000,
    "depreciationAndAmortization": 30000000,
    "ebitda": 120000000,
    "ebitdaratio": 0.0418118467,
    "operatingIncome": 193000000,
    "operatingIncomeRatio": 0.0672473868,
    "totalOtherIncomeExpensesNet": -17000000,
    "incomeBeforeTax": 177000000,
    "incomeBeforeTaxRatio": 0.0616724739,
    "incomeTaxExpense": 65000000,
    "netIncome": 112000000,
    "netIncomeRatio": 0.0390243902,
    "eps": 1.32,
    "epsdiluted": 1.32,
    "weightedAverageShsOut": 83000028,
    "weightedAverageShsOutDil": 83500000,
    "link": "https://www.sec.gov/Archives/edgar/data/1336920/000119312512492494/0001193125-12-492494-index.htm",
    "finalLink": "https://www.sec.gov/Archives/edgar/data/353394/000119312512492494/d410503d10q.htm"
  },
  {
    "date": "2012-07-31",
    "symbol": "LDOS",
    "reportedCurrency": "USD",
    "cik": "0001336920",
    "fillingDate": "2012-08-31",
    "acceptedDate": "2012-08-30 19:57:17",
    "calendarYear": "2012",
    "period": "Q2",
    "revenue": 2848000000,
    "costOfRevenue": 2504000000,
    "grossProfit": 344000000,
    "grossProfitRatio": 0.1207865169,
    "researchAndDevelopmentExpenses": 0,
    "generalAndAdministrativeExpenses": 153000000,
    "sellingAndMarketingExpenses": 0,
    "sellingGeneralAndAdministrativeExpenses": 152000000,
    "otherExpenses": 0,
    "operatingExpenses": 152000000,
    "costAndExpenses": 2637000000,
    "interestIncome": 2000000,
    "interestExpense": 24000000,
    "depreciationAndAmortization": 28000000,
    "ebitda": 224000000,
    "ebitdaratio": 0.0786516854,
    "operatingIncome": 191000000,
    "operatingIncomeRatio": 0.0670646067,
    "totalOtherIncomeExpensesNet": -18000000,
    "incomeBeforeTax": 173000000,
    "incomeBeforeTaxRatio": 0.060744382,
    "incomeTaxExpense": 63000000,
    "netIncome": 110000000,
    "netIncomeRatio": 0.0386235955,
    "eps": 1.28,
    "epsdiluted": 1.28,
    "weightedAverageShsOut": 83250000,
    "weightedAverageShsOutDil": 83250000,
    "link": "https://www.sec.gov/Archives/edgar/data/1336920/000119312512376140/0001193125-12-376140-index.htm",
    "finalLink": "https://www.sec.gov/Archives/edgar/data/353394/000119312512376140/d379805d10q.htm"
  },
  {
    "date": "2012-04-30",
    "symbol": "LDOS",
    "reportedCurrency": "USD",
    "cik": "0001336920",
    "fillingDate": "2012-06-01",
    "acceptedDate": "2012-05-31 19:22:58",
    "calendarYear": "2012",
    "period": "Q1",
    "revenue": 2782000000,
    "costOfRevenue": 2448000000,
    "grossProfit": 334000000,
    "grossProfitRatio": 0.1200575126,
    "researchAndDevelopmentExpenses": 0,
    "generalAndAdministrativeExpenses": 126000000,
    "sellingAndMarketingExpenses": 0,
    "sellingGeneralAndAdministrativeExpenses": 123000000,
    "otherExpenses": 0,
    "operatingExpenses": 123000000,
    "costAndExpenses": 2556000000,
    "interestIncome": 2000000,
    "interestExpense": 29000000,
    "depreciationAndAmortization": 27000000,
    "ebitda": 239000000,
    "ebitdaratio": 0.0859094177,
    "operatingIncome": 208000000,
    "operatingIncomeRatio": 0.0747663551,
    "totalOtherIncomeExpensesNet": -25000000,
    "incomeBeforeTax": 183000000,
    "incomeBeforeTaxRatio": 0.0657800144,
    "incomeTaxExpense": 66000000,
    "netIncome": 117000000,
    "netIncomeRatio": 0.0420560748,
    "eps": 1.4,
    "epsdiluted": 1.4,
    "weightedAverageShsOut": 82500000,
    "weightedAverageShsOutDil": 82500000,
    "link": "https://www.sec.gov/Archives/edgar/data/1336920/000119312512255838/0001193125-12-255838-index.htm",
    "finalLink": "https://www.sec.gov/Archives/edgar/data/353394/000119312512255838/d340470d10q.htm"
  },
  {
    "date": "2012-01-31",
    "symbol": "LDOS",
    "reportedCurrency": "USD",
    "cik": "0001336920",
    "fillingDate": "2012-03-27",
    "acceptedDate": "2012-03-27 11:21:32",
    "calendarYear": "2011",
    "period": "Q4",
    "revenue": 2492000000,
    "costOfRevenue": 2496000000,
    "grossProfit": -4000000,
    "grossProfitRatio": -0.0016051364,
    "researchAndDevelopmentExpenses": 0,
    "generalAndAdministrativeExpenses": 107000000,
    "sellingAndMarketingExpenses": 0,
    "sellingGeneralAndAdministrativeExpenses": 107000000,
    "otherExpenses": 0,
    "operatingExpenses": 107000000,
    "costAndExpenses": 2603000000,
    "interestIncome": 2000000,
    "interestExpense": 29000000,
    "depreciationAndAmortization": 28000000,
    "ebitda": -79000000,
    "ebitdaratio": -0.0317014446,
    "operatingIncome": -111000000,
    "operatingIncomeRatio": -0.0445425361,
    "totalOtherIncomeExpensesNet": -25000000,
    "incomeBeforeTax": -136000000,
    "incomeBeforeTaxRatio": -0.0545746388,
    "incomeTaxExpense": 24000000,
    "netIncome": -161000000,
    "netIncomeRatio": -0.0646067416,
    "eps": -1.96,
    "epsdiluted": -1.95,
    "weightedAverageShsOut": 82244666,
    "weightedAverageShsOutDil": 82500000,
    "link": "https://www.sec.gov/Archives/edgar/data/1336920/000119312512133697/0001193125-12-133697-index.htm",
    "finalLink": "https://www.sec.gov/Archives/edgar/data/353394/000119312512133697/d272046d10k.htm"
  },
  {
    "date": "2011-10-31",
    "symbol": "LDOS",
    "reportedCurrency": "USD",
    "cik": "0001336920",
    "fillingDate": "2011-12-08",
    "acceptedDate": "2011-12-08 17:31:12",
    "calendarYear": "2011",
    "period": "Q3",
    "revenue": 2811000000,
    "costOfRevenue": 2495000000,
    "grossProfit": 316000000,
    "grossProfitRatio": 0.1124155105,
    "researchAndDevelopmentExpenses": 0,
    "generalAndAdministrativeExpenses": 333000000,
    "sellingAndMarketingExpenses": 0,
    "sellingGeneralAndAdministrativeExpenses": 333000000,
    "otherExpenses": 0,
    "operatingExpenses": 333000000,
    "costAndExpenses": 2810000000,
    "interestIncome": 2000000,
    "interestExpense": 29000000,
    "depreciationAndAmortization": 31000000,
    "ebitda": 11000000,
    "ebitdaratio": 0.0039131982,
    "operatingIncome": -17000000,
    "operatingIncomeRatio": -0.0060476699,
    "totalOtherIncomeExpensesNet": -29000000,
    "incomeBeforeTax": -46000000,
    "incomeBeforeTaxRatio": -0.0163642832,
    "incomeTaxExpense": 44000000,
    "netIncome": -89000000,
    "netIncomeRatio": -0.0316613305,
    "eps": -1.08,
    "epsdiluted": -1.08,
    "weightedAverageShsOut": 82142857,
    "weightedAverageShsOutDil": 82250000,
    "link": "https://www.sec.gov/Archives/edgar/data/1336920/000119312511335289/0001193125-11-335289-index.htm",
    "finalLink": "https://www.sec.gov/Archives/edgar/data/353394/000119312511335289/d239850d10q.htm"
  },
  {
    "date": "2011-07-31",
    "symbol": "LDOS",
    "reportedCurrency": "USD",
    "cik": "0001336920",
    "fillingDate": "2011-09-02",
    "acceptedDate": "2011-09-01 20:34:05",
    "calendarYear": "2011",
    "period": "Q2",
    "revenue": 2596000000,
    "costOfRevenue": 2258000000,
    "grossProfit": 338000000,
    "grossProfitRatio": 0.1302003082,
    "researchAndDevelopmentExpenses": 0,
    "generalAndAdministrativeExpenses": 129000000,
    "sellingAndMarketingExpenses": 0,
    "sellingGeneralAndAdministrativeExpenses": 129000000,
    "otherExpenses": 0,
    "operatingExpenses": 129000000,
    "costAndExpenses": 2387000000,
    "interestIncome": 0,
    "interestExpense": 28000000,
    "depreciationAndAmortization": 27000000,
    "ebitda": 237000000,
    "ebitdaratio": 0.0912942989,
    "operatingIncome": 209000000,
    "operatingIncomeRatio": 0.0805084746,
    "totalOtherIncomeExpensesNet": -27000000,
    "incomeBeforeTax": 182000000,
    "incomeBeforeTaxRatio": 0.0701078582,
    "incomeTaxExpense": 70000000,
    "netIncome": 178000000,
    "netIncomeRatio": 0.0685670262,
    "eps": 2.04,
    "epsdiluted": 2,
    "weightedAverageShsOut": 84500000,
    "weightedAverageShsOutDil": 84750000,
    "link": "https://www.sec.gov/Archives/edgar/data/1336920/000119312511239387/0001193125-11-239387-index.htm",
    "finalLink": "https://www.sec.gov/Archives/edgar/data/1336920/000119312511239387/d10q.htm"
  },
  {
    "date": "2011-04-30",
    "symbol": "LDOS",
    "reportedCurrency": "USD",
    "cik": "0001336920",
    "fillingDate": "2011-06-03",
    "acceptedDate": "2011-06-03 15:19:40",
    "calendarYear": "2011",
    "period": "Q1",
    "revenue": 2688000000,
    "costOfRevenue": 2357000000,
    "grossProfit": 331000000,
    "grossProfitRatio": 0.123139881,
    "researchAndDevelopmentExpenses": 0,
    "generalAndAdministrativeExpenses": 101000000,
    "sellingAndMarketingExpenses": 0,
    "sellingGeneralAndAdministrativeExpenses": 101000000,
    "otherExpenses": 0,
    "operatingExpenses": 101000000,
    "costAndExpenses": 2458000000,
    "interestIncome": 1000000,
    "interestExpense": 28000000,
    "depreciationAndAmortization": 28000000,
    "ebitda": 263000000,
    "ebitdaratio": 0.0978422619,
    "operatingIncome": 230000000,
    "operatingIncomeRatio": 0.0855654762,
    "totalOtherIncomeExpensesNet": -23000000,
    "incomeBeforeTax": 207000000,
    "incomeBeforeTaxRatio": 0.0770089286,
    "incomeTaxExpense": 77000000,
    "netIncome": 131000000,
    "netIncomeRatio": 0.048735119,
    "eps": 1.48,
    "epsdiluted": 1.44,
    "weightedAverageShsOut": 86750000,
    "weightedAverageShsOutDil": 87000000,
    "link": "https://www.sec.gov/Archives/edgar/data/1336920/000119312511158354/0001193125-11-158354-index.htm",
    "finalLink": "https://www.sec.gov/Archives/edgar/data/1336920/000119312511158354/d10q.htm"
  },
  {
    "date": "2011-01-31",
    "symbol": "LDOS",
    "reportedCurrency": "USD",
    "cik": "0001336920",
    "fillingDate": "2011-03-25",
    "acceptedDate": "2011-03-25 17:27:12",
    "calendarYear": "2010",
    "period": "Q4",
    "revenue": 2769000000,
    "costOfRevenue": 2411000000,
    "grossProfit": 358000000,
    "grossProfitRatio": 0.1292885518,
    "researchAndDevelopmentExpenses": 0,
    "generalAndAdministrativeExpenses": 138000000,
    "sellingAndMarketingExpenses": 0,
    "sellingGeneralAndAdministrativeExpenses": 138000000,
    "otherExpenses": 0,
    "operatingExpenses": 138000000,
    "costAndExpenses": 2549000000,
    "interestIncome": 1000000,
    "interestExpense": 23000000,
    "depreciationAndAmortization": 31000000,
    "ebitda": 249000000,
    "ebitdaratio": 0.0899241603,
    "operatingIncome": 220000000,
    "operatingIncomeRatio": 0.0794510654,
    "totalOtherIncomeExpensesNet": -25000000,
    "incomeBeforeTax": 195000000,
    "incomeBeforeTaxRatio": 0.0704225352,
    "incomeTaxExpense": 63000000,
    "netIncome": 132000000,
    "netIncomeRatio": 0.0476706392,
    "eps": 1.52,
    "epsdiluted": 1.52,
    "weightedAverageShsOut": 86750000,
    "weightedAverageShsOutDil": 86750000,
    "link": "https://www.sec.gov/Archives/edgar/data/1336920/000119312511078283/0001193125-11-078283-index.htm",
    "finalLink": "https://www.sec.gov/Archives/edgar/data/1336920/000119312511078283/d10k.htm"
  },
  {
    "date": "2010-10-31",
    "symbol": "LDOS",
    "reportedCurrency": "USD",
    "cik": "0001336920",
    "fillingDate": "2010-12-09",
    "acceptedDate": "2010-12-08 21:35:05",
    "calendarYear": "2010",
    "period": "Q3",
    "revenue": 2869000000,
    "costOfRevenue": 2481000000,
    "grossProfit": 388000000,
    "grossProfitRatio": 0.1352387591,
    "researchAndDevelopmentExpenses": 0,
    "generalAndAdministrativeExpenses": 130000000,
    "sellingAndMarketingExpenses": 0,
    "sellingGeneralAndAdministrativeExpenses": 124000000,
    "otherExpenses": 0,
    "operatingExpenses": 124000000,
    "costAndExpenses": 2569000000,
    "interestIncome": 0,
    "interestExpense": 19000000,
    "depreciationAndAmortization": 29000000,
    "ebitda": 288000000,
    "ebitdaratio": 0.1003834089,
    "operatingIncome": 258000000,
    "operatingIncomeRatio": 0.0899268038,
    "totalOtherIncomeExpensesNet": -12000000,
    "incomeBeforeTax": 246000000,
    "incomeBeforeTaxRatio": 0.0857441617,
    "incomeTaxExpense": 92000000,
    "netIncome": 173000000,
    "netIncomeRatio": 0.060299756,
    "eps": 1.84,
    "epsdiluted": 1.84,
    "weightedAverageShsOut": 89750000,
    "weightedAverageShsOutDil": 90000000,
    "link": "https://www.sec.gov/Archives/edgar/data/1336920/000119312510276912/0001193125-10-276912-index.htm",
    "finalLink": "https://www.sec.gov/Archives/edgar/data/1336920/000119312510276912/d10q.htm"
  },
  {
    "date": "2010-07-31",
    "symbol": "LDOS",
    "reportedCurrency": "USD",
    "cik": "0001336920",
    "fillingDate": "2010-09-03",
    "acceptedDate": "2010-09-02 18:01:24",
    "calendarYear": "2010",
    "period": "Q2",
    "revenue": 2794000000,
    "costOfRevenue": 2388000000,
    "grossProfit": 406000000,
    "grossProfitRatio": 0.1453113815,
    "researchAndDevelopmentExpenses": 0,
    "generalAndAdministrativeExpenses": 133000000,
    "sellingAndMarketingExpenses": 0,
    "sellingGeneralAndAdministrativeExpenses": 126000000,
    "otherExpenses": 0,
    "operatingExpenses": 126000000,
    "costAndExpenses": 2477000000,
    "interestIncome": 1000000,
    "interestExpense": 19000000,
    "depreciationAndAmortization": 26000000,
    "ebitda": 298000000,
    "ebitdaratio": 0.1066571224,
    "operatingIncome": 273000000,
    "operatingIncomeRatio": 0.0977093772,
    "totalOtherIncomeExpensesNet": -20000000,
    "incomeBeforeTax": 253000000,
    "incomeBeforeTaxRatio": 0.0905511811,
    "incomeTaxExpense": 95000000,
    "netIncome": 190000000,
    "netIncomeRatio": 0.0680028633,
    "eps": 2,
    "epsdiluted": 2,
    "weightedAverageShsOut": 90750000,
    "weightedAverageShsOutDil": 91250000,
    "link": "https://www.sec.gov/Archives/edgar/data/1336920/000119312510204065/0001193125-10-204065-index.htm",
    "finalLink": "https://www.sec.gov/Archives/edgar/data/1336920/000119312510204065/d10q.htm"
  },
  {
    "date": "2010-04-30",
    "symbol": "LDOS",
    "reportedCurrency": "USD",
    "cik": "0001336920",
    "fillingDate": "2010-06-04",
    "acceptedDate": "2010-06-03 20:46:31",
    "calendarYear": "2010",
    "period": "Q1",
    "revenue": 2685000000,
    "costOfRevenue": 2352000000,
    "grossProfit": 333000000,
    "grossProfitRatio": 0.1240223464,
    "researchAndDevelopmentExpenses": 0,
    "generalAndAdministrativeExpenses": 126000000,
    "sellingAndMarketingExpenses": 0,
    "sellingGeneralAndAdministrativeExpenses": 116000000,
    "otherExpenses": 0,
    "operatingExpenses": 116000000,
    "costAndExpenses": 2421000000,
    "interestIncome": 0,
    "interestExpense": 18000000,
    "depreciationAndAmortization": 25000000,
    "ebitda": 230000000,
    "ebitdaratio": 0.0856610801,
    "operatingIncome": 207000000,
    "operatingIncomeRatio": 0.0770949721,
    "totalOtherIncomeExpensesNet": -18000000,
    "incomeBeforeTax": 189000000,
    "incomeBeforeTaxRatio": 0.0703910615,
    "incomeTaxExpense": 64000000,
    "netIncome": 125000000,
    "netIncomeRatio": 0.0465549348,
    "eps": 1.28,
    "epsdiluted": 1.28,
    "weightedAverageShsOut": 93750000,
    "weightedAverageShsOutDil": 94500000,
    "link": "https://www.sec.gov/Archives/edgar/data/1336920/000119312510132379/0001193125-10-132379-index.htm",
    "finalLink": "https://www.sec.gov/Archives/edgar/data/1336920/000119312510132379/d10q.htm"
  },
  {
    "date": "2010-01-31",
    "symbol": "LDOS",
    "reportedCurrency": "USD",
    "cik": "0001336920",
    "fillingDate": "2010-04-01",
    "acceptedDate": "2010-03-31 19:34:12",
    "calendarYear": "2009",
    "period": "Q4",
    "revenue": 2683000000,
    "costOfRevenue": 2301000000,
    "grossProfit": 382000000,
    "grossProfitRatio": 0.1423779351,
    "researchAndDevelopmentExpenses": 0,
    "generalAndAdministrativeExpenses": 173000000,
    "sellingAndMarketingExpenses": 0,
    "sellingGeneralAndAdministrativeExpenses": 173000000,
    "otherExpenses": 0,
    "operatingExpenses": 173000000,
    "costAndExpenses": 2474000000,
    "interestIncome": 0,
    "interestExpense": 19000000,
    "depreciationAndAmortization": 25000000,
    "ebitda": 235000000,
    "ebitdaratio": 0.0875885203,
    "operatingIncome": 209000000,
    "operatingIncomeRatio": 0.0778978755,
    "totalOtherIncomeExpensesNet": -18000000,
    "incomeBeforeTax": 191000000,
    "incomeBeforeTaxRatio": 0.0711889676,
    "incomeTaxExpense": 68000000,
    "netIncome": 123000000,
    "netIncomeRatio": 0.0458442042,
    "eps": 1.31,
    "epsdiluted": 1.31,
    "weightedAverageShsOut": 93750000,
    "weightedAverageShsOutDil": 93750000,
    "link": "https://www.sec.gov/Archives/edgar/data/1336920/000119312510073854/0001193125-10-073854-index.htm",
    "finalLink": "https://www.sec.gov/Archives/edgar/data/1336920/000119312510073854/d10k.htm"
  },
  {
    "date": "2009-10-31",
    "symbol": "LDOS",
    "reportedCurrency": "USD",
    "cik": "0001336920",
    "fillingDate": "2009-12-09",
    "acceptedDate": "2009-12-09 06:02:29",
    "calendarYear": "2009",
    "period": "Q3",
    "revenue": 2765000000,
    "costOfRevenue": 2378000000,
    "grossProfit": 387000000,
    "grossProfitRatio": 0.1399638336,
    "researchAndDevelopmentExpenses": 0,
    "generalAndAdministrativeExpenses": 154000000,
    "sellingAndMarketingExpenses": 0,
    "sellingGeneralAndAdministrativeExpenses": 154000000,
    "otherExpenses": 0,
    "operatingExpenses": 154000000,
    "costAndExpenses": 2532000000,
    "interestIncome": 1000000,
    "interestExpense": 19000000,
    "depreciationAndAmortization": 24000000,
    "ebitda": 260000000,
    "ebitdaratio": 0.0940325497,
    "operatingIncome": 233000000,
    "operatingIncomeRatio": 0.0842676311,
    "totalOtherIncomeExpensesNet": -16000000,
    "incomeBeforeTax": 217000000,
    "incomeBeforeTaxRatio": 0.0784810127,
    "incomeTaxExpense": 82000000,
    "netIncome": 135000000,
    "netIncomeRatio": 0.0488245931,
    "eps": 1.36,
    "epsdiluted": 1.36,
    "weightedAverageShsOut": 96000000,
    "weightedAverageShsOutDil": 97000000,
    "link": "https://www.sec.gov/Archives/edgar/data/1336920/000119312509249604/0001193125-09-249604-index.htm",
    "finalLink": "https://www.sec.gov/Archives/edgar/data/1336920/000119312509249604/d10q.htm"
  },
  {
    "date": "2009-07-31",
    "symbol": "LDOS",
    "reportedCurrency": "USD",
    "cik": "0001336920",
    "fillingDate": "2009-09-03",
    "acceptedDate": "2009-09-02 21:15:54",
    "calendarYear": "2009",
    "period": "Q2",
    "revenue": 2749000000,
    "costOfRevenue": 2369000000,
    "grossProfit": 380000000,
    "grossProfitRatio": 0.1382320844,
    "researchAndDevelopmentExpenses": 0,
    "generalAndAdministrativeExpenses": 159000000,
    "sellingAndMarketingExpenses": 0,
    "sellingGeneralAndAdministrativeExpenses": 159000000,
    "otherExpenses": 0,
    "operatingExpenses": 159000000,
    "costAndExpenses": 2528000000,
    "interestIncome": 0,
    "interestExpense": 19000000,
    "depreciationAndAmortization": 22000000,
    "ebitda": 243000000,
    "ebitdaratio": 0.0883957803,
    "operatingIncome": 221000000,
    "operatingIncomeRatio": 0.0803928701,
    "totalOtherIncomeExpensesNet": -19000000,
    "incomeBeforeTax": 202000000,
    "incomeBeforeTaxRatio": 0.0734812659,
    "incomeTaxExpense": 77000000,
    "netIncome": 123000000,
    "netIncomeRatio": 0.0447435431,
    "eps": 1.24,
    "epsdiluted": 1.24,
    "weightedAverageShsOut": 96000000,
    "weightedAverageShsOutDil": 97000000,
    "link": "https://www.sec.gov/Archives/edgar/data/1336920/000119312509186396/0001193125-09-186396-index.htm",
    "finalLink": "https://www.sec.gov/Archives/edgar/data/1336920/000119312509186396/d10q.htm"
  },
  {
    "date": "2009-04-30",
    "symbol": "LDOS",
    "reportedCurrency": "USD",
    "cik": "0001336920",
    "fillingDate": "2009-06-04",
    "acceptedDate": "2009-06-04 11:24:23",
    "calendarYear": "2009",
    "period": "Q1",
    "revenue": 2649000000,
    "costOfRevenue": 2295000000,
    "grossProfit": 354000000,
    "grossProfitRatio": 0.1336353341,
    "researchAndDevelopmentExpenses": 0,
    "generalAndAdministrativeExpenses": 150000000,
    "sellingAndMarketingExpenses": 0,
    "sellingGeneralAndAdministrativeExpenses": 150000000,
    "otherExpenses": 0,
    "operatingExpenses": 150000000,
    "costAndExpenses": 2445000000,
    "interestIncome": 1000000,
    "interestExpense": 19000000,
    "depreciationAndAmortization": 22000000,
    "ebitda": 230000000,
    "ebitdaratio": 0.0868252171,
    "operatingIncome": 204000000,
    "operatingIncomeRatio": 0.0770101925,
    "totalOtherIncomeExpensesNet": -15000000,
    "incomeBeforeTax": 189000000,
    "incomeBeforeTaxRatio": 0.0713476784,
    "incomeTaxExpense": 72000000,
    "netIncome": 116000000,
    "netIncomeRatio": 0.0437901095,
    "eps": 1.16,
    "epsdiluted": 1.12,
    "weightedAverageShsOut": 98000000,
    "weightedAverageShsOutDil": 99250000,
    "link": "https://www.sec.gov/Archives/edgar/data/1336920/000119312509124988/0001193125-09-124988-index.htm",
    "finalLink": "https://www.sec.gov/Archives/edgar/data/1336920/000119312509124988/d10q.htm"
  },
  {
    "date": "2009-01-31",
    "symbol": "LDOS",
    "reportedCurrency": "USD",
    "cik": "0001336920",
    "fillingDate": "2009-03-30",
    "acceptedDate": "2009-03-30 06:11:10",
    "calendarYear": "2008",
    "period": "Q4",
    "revenue": 2518000000,
    "costOfRevenue": 2163000000,
    "grossProfit": 355000000,
    "grossProfitRatio": 0.1409849087,
    "researchAndDevelopmentExpenses": 0,
    "generalAndAdministrativeExpenses": 147000000,
    "sellingAndMarketingExpenses": 0,
    "sellingGeneralAndAdministrativeExpenses": 147000000,
    "otherExpenses": 0,
    "operatingExpenses": 147000000,
    "costAndExpenses": 2310000000,
    "interestIncome": 2000000,
    "interestExpense": 27000000,
    "depreciationAndAmortization": 24000000,
    "ebitda": 232000000,
    "ebitdaratio": 0.0921366164,
    "operatingIncome": 208000000,
    "operatingIncomeRatio": 0.0826052423,
    "totalOtherIncomeExpensesNet": -27000000,
    "incomeBeforeTax": 181000000,
    "incomeBeforeTaxRatio": 0.0718824464,
    "incomeTaxExpense": 62000000,
    "netIncome": 120000000,
    "netIncomeRatio": 0.0476568705,
    "eps": 1.22,
    "epsdiluted": 1.22,
    "weightedAverageShsOut": 98000000,
    "weightedAverageShsOutDil": 98000000,
    "link": "https://www.sec.gov/Archives/edgar/data/1336920/000119312509066772/0001193125-09-066772-index.htm",
    "finalLink": "https://www.sec.gov/Archives/edgar/data/1336920/000119312509066772/d10k.htm"
  },
  {
    "date": "2008-10-31",
    "symbol": "LDOS",
    "reportedCurrency": "USD",
    "cik": "0001336920",
    "fillingDate": "2008-12-10",
    "acceptedDate": "2008-12-10 15:37:08",
    "calendarYear": "2008",
    "period": "Q3",
    "revenue": 2631000000,
    "costOfRevenue": 2277000000,
    "grossProfit": 354000000,
    "grossProfitRatio": 0.1345496009,
    "researchAndDevelopmentExpenses": 0,
    "generalAndAdministrativeExpenses": 149000000,
    "sellingAndMarketingExpenses": 0,
    "sellingGeneralAndAdministrativeExpenses": 149000000,
    "otherExpenses": 0,
    "operatingExpenses": 149000000,
    "costAndExpenses": 2426000000,
    "interestIncome": 4000000,
    "interestExpense": 45000000,
    "depreciationAndAmortization": 20000000,
    "ebitda": 225000000,
    "ebitdaratio": 0.0855188141,
    "operatingIncome": 205000000,
    "operatingIncomeRatio": 0.0779171418,
    "totalOtherIncomeExpensesNet": -31000000,
    "incomeBeforeTax": 174000000,
    "incomeBeforeTaxRatio": 0.0661345496,
    "incomeTaxExpense": 56000000,
    "netIncome": 120000000,
    "netIncomeRatio": 0.0456100342,
    "eps": 1.24,
    "epsdiluted": 1.2,
    "weightedAverageShsOut": 98000000,
    "weightedAverageShsOutDil": 100500000,
    "link": "https://www.sec.gov/Archives/edgar/data/1336920/000119312508251243/0001193125-08-251243-index.htm",
    "finalLink": "https://www.sec.gov/Archives/edgar/data/1336920/000119312508251243/d10q.htm"
  },
  {
    "date": "2008-07-31",
    "symbol": "LDOS",
    "reportedCurrency": "USD",
    "cik": "0001336920",
    "fillingDate": "2008-09-04",
    "acceptedDate": "2008-09-03 21:30:12",
    "calendarYear": "2008",
    "period": "Q2",
    "revenue": 2555000000,
    "costOfRevenue": 2202000000,
    "grossProfit": 353000000,
    "grossProfitRatio": 0.1381604697,
    "researchAndDevelopmentExpenses": 0,
    "generalAndAdministrativeExpenses": 167000000,
    "sellingAndMarketingExpenses": 0,
    "sellingGeneralAndAdministrativeExpenses": 167000000,
    "otherExpenses": 0,
    "operatingExpenses": 167000000,
    "costAndExpenses": 2369000000,
    "interestIncome": 6000000,
    "interestExpense": 4000000,
    "depreciationAndAmortization": 22000000,
    "ebitda": 208000000,
    "ebitdaratio": 0.081409002,
    "operatingIncome": 186000000,
    "operatingIncomeRatio": 0.0727984344,
    "totalOtherIncomeExpensesNet": -12000000,
    "incomeBeforeTax": 174000000,
    "incomeBeforeTaxRatio": 0.0681017613,
    "incomeTaxExpense": 70000000,
    "netIncome": 109000000,
    "netIncomeRatio": 0.0426614481,
    "eps": 1.12,
    "epsdiluted": 1.08,
    "weightedAverageShsOut": 98000000,
    "weightedAverageShsOutDil": 100750000,
    "link": "https://www.sec.gov/Archives/edgar/data/1336920/000119312508189583/0001193125-08-189583-index.htm",
    "finalLink": "https://www.sec.gov/Archives/edgar/data/1336920/000119312508189583/d10q.htm"
  },
  {
    "date": "2008-04-30",
    "symbol": "LDOS",
    "reportedCurrency": "USD",
    "cik": "0001336920",
    "fillingDate": "2008-06-04",
    "acceptedDate": "2008-06-03 19:27:46",
    "calendarYear": "2008",
    "period": "Q1",
    "revenue": 2369000000,
    "costOfRevenue": 2053000000,
    "grossProfit": 316000000,
    "grossProfitRatio": 0.1333896159,
    "researchAndDevelopmentExpenses": 0,
    "generalAndAdministrativeExpenses": 143000000,
    "sellingAndMarketingExpenses": 0,
    "sellingGeneralAndAdministrativeExpenses": 143000000,
    "otherExpenses": 0,
    "operatingExpenses": 143000000,
    "costAndExpenses": 2196000000,
    "interestIncome": 0,
    "interestExpense": 0,
    "depreciationAndAmortization": 23000000,
    "ebitda": 196000000,
    "ebitdaratio": 0.0827353314,
    "operatingIncome": 173000000,
    "operatingIncomeRatio": 0.0730265935,
    "totalOtherIncomeExpensesNet": -3000000,
    "incomeBeforeTax": 170000000,
    "incomeBeforeTaxRatio": 0.0717602364,
    "incomeTaxExpense": 66000000,
    "netIncome": 100000000,
    "netIncomeRatio": 0.0422119038,
    "eps": 1,
    "epsdiluted": 0.96,
    "weightedAverageShsOut": 100500000,
    "weightedAverageShsOutDil": 103250000,
    "link": "https://www.sec.gov/Archives/edgar/data/1336920/000119312508127533/0001193125-08-127533-index.htm",
    "finalLink": "https://www.sec.gov/Archives/edgar/data/1336920/000119312508127533/d10q.htm"
  },
  {
    "date": "2008-01-31",
    "symbol": "LDOS",
    "reportedCurrency": "USD",
    "cik": "0001336920",
    "fillingDate": "2008-03-28",
    "acceptedDate": "2008-03-27 20:13:42",
    "calendarYear": "2007",
    "period": "Q4",
    "revenue": 2337000000,
    "costOfRevenue": 2015000000,
    "grossProfit": 322000000,
    "grossProfitRatio": 0.1377834831,
    "researchAndDevelopmentExpenses": 0,
    "generalAndAdministrativeExpenses": 151000000,
    "sellingAndMarketingExpenses": 0,
    "sellingGeneralAndAdministrativeExpenses": 151000000,
    "otherExpenses": 0,
    "operatingExpenses": 151000000,
    "costAndExpenses": 2166000000,
    "interestIncome": 14000000,
    "interestExpense": 14000000,
    "depreciationAndAmortization": 23000000,
    "ebitda": 194000000,
    "ebitdaratio": 0.0830124091,
    "operatingIncome": 171000000,
    "operatingIncomeRatio": 0.0731707317,
    "totalOtherIncomeExpensesNet": -8000000,
    "incomeBeforeTax": 163000000,
    "incomeBeforeTaxRatio": 0.0697475396,
    "incomeTaxExpense": 60000000,
    "netIncome": 99000000,
    "netIncomeRatio": 0.0423620026,
    "eps": 0.99,
    "epsdiluted": 0.99,
    "weightedAverageShsOut": 100500000,
    "weightedAverageShsOutDil": 100500000,
    "link": "https://www.sec.gov/Archives/edgar/data/1336920/000119312508067632/0001193125-08-067632-index.htm",
    "finalLink": "https://www.sec.gov/Archives/edgar/data/1336920/000119312508067632/d10k.htm"
  },
  {
    "date": "2007-10-31",
    "symbol": "LDOS",
    "reportedCurrency": "USD",
    "cik": "0001336920",
    "fillingDate": "2007-12-11",
    "acceptedDate": "2007-12-10 21:50:57",
    "calendarYear": "2007",
    "period": "Q3",
    "revenue": 2365000000,
    "costOfRevenue": 2027000000,
    "grossProfit": 338000000,
    "grossProfitRatio": 0.1429175476,
    "researchAndDevelopmentExpenses": 0,
    "generalAndAdministrativeExpenses": 152000000,
    "sellingAndMarketingExpenses": 0,
    "sellingGeneralAndAdministrativeExpenses": 152000000,
    "otherExpenses": 0,
    "operatingExpenses": 152000000,
    "costAndExpenses": 2179000000,
    "interestIncome": 14000000,
    "interestExpense": 12000000,
    "depreciationAndAmortization": 22000000,
    "ebitda": 208000000,
    "ebitdaratio": 0.08794926,
    "operatingIncome": 186000000,
    "operatingIncomeRatio": 0.0786469345,
    "totalOtherIncomeExpensesNet": -8000000,
    "incomeBeforeTax": 178000000,
    "incomeBeforeTaxRatio": 0.0752642706,
    "incomeTaxExpense": 69000000,
    "netIncome": 105000000,
    "netIncomeRatio": 0.044397463,
    "eps": 1.04,
    "epsdiluted": 1,
    "weightedAverageShsOut": 100500000,
    "weightedAverageShsOutDil": 103500000,
    "link": "https://www.sec.gov/Archives/edgar/data/1336920/000119312507262559/0001193125-07-262559-index.htm",
    "finalLink": "https://www.sec.gov/Archives/edgar/data/1336920/000119312507262559/d10q.htm"
  },
  {
    "date": "2007-07-31",
    "symbol": "LDOS",
    "reportedCurrency": "USD",
    "cik": "0001336920",
    "fillingDate": "2007-09-07",
    "acceptedDate": "2007-09-06 21:59:25",
    "calendarYear": "2007",
    "period": "Q2",
    "revenue": 2222000000,
    "costOfRevenue": 1910000000,
    "grossProfit": 312000000,
    "grossProfitRatio": 0.1404140414,
    "researchAndDevelopmentExpenses": 0,
    "generalAndAdministrativeExpenses": 139000000,
    "sellingAndMarketingExpenses": 0,
    "sellingGeneralAndAdministrativeExpenses": 139000000,
    "otherExpenses": 0,
    "operatingExpenses": 139000000,
    "costAndExpenses": 2049000000,
    "interestIncome": 0,
    "interestExpense": 0,
    "depreciationAndAmortization": 18000000,
    "ebitda": 191000000,
    "ebitdaratio": 0.0859585959,
    "operatingIncome": 173000000,
    "operatingIncomeRatio": 0.0778577858,
    "totalOtherIncomeExpensesNet": -14000000,
    "incomeBeforeTax": 159000000,
    "incomeBeforeTaxRatio": 0.0715571557,
    "incomeTaxExpense": 60000000,
    "netIncome": 131000000,
    "netIncomeRatio": 0.0589558956,
    "eps": 1.28,
    "epsdiluted": 1.24,
    "weightedAverageShsOut": 101250000,
    "weightedAverageShsOutDil": 104500000,
    "link": "https://www.sec.gov/Archives/edgar/data/1336920/000119312507196799/0001193125-07-196799-index.htm",
    "finalLink": "https://www.sec.gov/Archives/edgar/data/1336920/000119312507196799/d10q.htm"
  },
  {
    "date": "2007-04-30",
    "symbol": "LDOS",
    "reportedCurrency": "USD",
    "cik": "0001336920",
    "fillingDate": "2007-06-07",
    "acceptedDate": "2007-06-06 20:24:20",
    "calendarYear": "2007",
    "period": "Q1",
    "revenue": 2068000000,
    "costOfRevenue": 1797000000,
    "grossProfit": 271000000,
    "grossProfitRatio": 0.1310444874,
    "researchAndDevelopmentExpenses": 0,
    "generalAndAdministrativeExpenses": 131000000,
    "sellingAndMarketingExpenses": 0,
    "sellingGeneralAndAdministrativeExpenses": 131000000,
    "otherExpenses": 0,
    "operatingExpenses": 131000000,
    "costAndExpenses": 1928000000,
    "interestIncome": 14000000,
    "interestExpense": 8000000,
    "depreciationAndAmortization": 17000000,
    "ebitda": 157000000,
    "ebitdaratio": 0.0759187621,
    "operatingIncome": 140000000,
    "operatingIncomeRatio": 0.0676982592,
    "totalOtherIncomeExpensesNet": -11000000,
    "incomeBeforeTax": 129000000,
    "incomeBeforeTaxRatio": 0.0623791103,
    "incomeTaxExpense": 52000000,
    "netIncome": 80000000,
    "netIncomeRatio": 0.0386847195,
    "eps": 0.8,
    "epsdiluted": 0.76,
    "weightedAverageShsOut": 101000000,
    "weightedAverageShsOutDil": 104500000,
    "link": "https://www.sec.gov/Archives/edgar/data/1336920/000119312507131097/0001193125-07-131097-index.htm",
    "finalLink": "https://www.sec.gov/Archives/edgar/data/1336920/000119312507131097/d10q.htm"
  },
  {
    "date": "2007-01-31",
    "symbol": "LDOS",
    "reportedCurrency": "USD",
    "cik": "0001336920",
    "fillingDate": "2007-04-12",
    "acceptedDate": "2007-04-12 16:23:20",
    "calendarYear": "2006",
    "period": "Q4",
    "revenue": 2147000000,
    "costOfRevenue": 1874000000,
    "grossProfit": 273000000,
    "grossProfitRatio": 0.1271541686,
    "researchAndDevelopmentExpenses": 0,
    "generalAndAdministrativeExpenses": 129000000,
    "sellingAndMarketingExpenses": 0,
    "sellingGeneralAndAdministrativeExpenses": 129000000,
    "otherExpenses": 0,
    "operatingExpenses": 129000000,
    "costAndExpenses": 2003000000,
    "interestIncome": 82000000,
    "interestExpense": 8000000,
    "depreciationAndAmortization": 19000000,
    "ebitda": 163000000,
    "ebitdaratio": 0.0759198882,
    "operatingIncome": 144000000,
    "operatingIncomeRatio": 0.0670703307,
    "totalOtherIncomeExpensesNet": -6000000,
    "incomeBeforeTax": 138000000,
    "incomeBeforeTaxRatio": 0.0642757336,
    "incomeTaxExpense": 53000000,
    "netIncome": 84000000,
    "netIncomeRatio": 0.0391243596,
    "eps": 0.83,
    "epsdiluted": 0.83,
    "weightedAverageShsOut": 101000000,
    "weightedAverageShsOutDil": 101000000,
    "link": "https://www.sec.gov/Archives/edgar/data/1336920/000119312507079805/0001193125-07-079805-index.htm",
    "finalLink": "https://www.sec.gov/Archives/edgar/data/1336920/000119312507079805/d10k.htm"
  },
  {
    "date": "2006-10-31",
    "symbol": "LDOS",
    "reportedCurrency": "USD",
    "cik": "0001336920",
    "fillingDate": "2006-12-13",
    "acceptedDate": "2006-12-13 16:48:06",
    "calendarYear": "2006",
    "period": "Q3",
    "revenue": 2142000000,
    "costOfRevenue": 1862000000,
    "grossProfit": 280000000,
    "grossProfitRatio": 0.1307189542,
    "researchAndDevelopmentExpenses": 0,
    "generalAndAdministrativeExpenses": 136000000,
    "sellingAndMarketingExpenses": 0,
    "sellingGeneralAndAdministrativeExpenses": 133000000,
    "otherExpenses": 0,
    "operatingExpenses": 133000000,
    "costAndExpenses": 1940000000,
    "interestIncome": 0,
    "interestExpense": 0,
    "depreciationAndAmortization": 19000000,
    "ebitda": 160000000,
    "ebitdaratio": 0.0746965453,
    "operatingIncome": 144000000,
    "operatingIncomeRatio": 0.0672268908,
    "totalOtherIncomeExpensesNet": 13000000,
    "incomeBeforeTax": 155000000,
    "incomeBeforeTaxRatio": 0.0723622782,
    "incomeTaxExpense": 65000000,
    "netIncome": 98000000,
    "netIncomeRatio": 0.045751634,
    "eps": 1.16,
    "epsdiluted": 1.12,
    "weightedAverageShsOut": 84000000,
    "weightedAverageShsOutDil": 86750000,
    "link": "https://www.sec.gov/Archives/edgar/data/1336920/000119312506252503/0001193125-06-252503-index.htm",
    "finalLink": "https://www.sec.gov/Archives/edgar/data/1336920/000119312506252503/d10q.htm"
  },
  {
    "date": "2006-07-31",
    "symbol": "LDOS",
    "reportedCurrency": "USD",
    "cik": "0001336920",
    "fillingDate": "2006-09-05",
    "acceptedDate": "2006-09-01 21:17:52",
    "calendarYear": "2006",
    "period": "Q2",
    "revenue": 1994000000,
    "costOfRevenue": 1714000000,
    "grossProfit": 280000000,
    "grossProfitRatio": 0.1404212638,
    "researchAndDevelopmentExpenses": 0,
    "generalAndAdministrativeExpenses": 129000000,
    "sellingAndMarketingExpenses": 0,
    "sellingGeneralAndAdministrativeExpenses": 129000000,
    "otherExpenses": 0,
    "operatingExpenses": 129000000,
    "costAndExpenses": 1843000000,
    "interestIncome": 0,
    "interestExpense": 0,
    "depreciationAndAmortization": 19000000,
    "ebitda": 170000000,
    "ebitdaratio": 0.0852557673,
    "operatingIncome": 151000000,
    "operatingIncomeRatio": 0.0757271815,
    "totalOtherIncomeExpensesNet": 9000000,
    "incomeBeforeTax": 160000000,
    "incomeBeforeTaxRatio": 0.0802407222,
    "incomeTaxExpense": 60000000,
    "netIncome": 103000000,
    "netIncomeRatio": 0.0516549649,
    "eps": 1.24,
    "epsdiluted": 1.2,
    "weightedAverageShsOut": 82750000,
    "weightedAverageShsOutDil": 85500000,
    "link": "https://www.sec.gov/Archives/edgar/data/1336920/000119312506184670/0001193125-06-184670-index.htm",
    "finalLink": "https://www.sec.gov/Archives/edgar/data/1336920/000119312506184670/d10q.htm"
  },
  {
    "date": "2006-04-30",
    "symbol": "LDOS",
    "reportedCurrency": "USD",
    "cik": "0001336920",
    "fillingDate": "2006-06-09",
    "acceptedDate": "2006-06-09 16:23:18",
    "calendarYear": "2006",
    "period": "Q1",
    "revenue": 1954000000,
    "costOfRevenue": 1684000000,
    "grossProfit": 270000000,
    "grossProfitRatio": 0.1381780962,
    "researchAndDevelopmentExpenses": 0,
    "generalAndAdministrativeExpenses": 128000000,
    "sellingAndMarketingExpenses": 0,
    "sellingGeneralAndAdministrativeExpenses": 128000000,
    "otherExpenses": 0,
    "operatingExpenses": 128000000,
    "costAndExpenses": 1812000000,
    "interestIncome": 0,
    "interestExpense": 0,
    "depreciationAndAmortization": 15000000,
    "ebitda": 157000000,
    "ebitdaratio": 0.0803480041,
    "operatingIncome": 142000000,
    "operatingIncomeRatio": 0.0726714432,
    "totalOtherIncomeExpensesNet": 5000000,
    "incomeBeforeTax": 147000000,
    "incomeBeforeTaxRatio": 0.0752302968,
    "incomeTaxExpense": 54000000,
    "netIncome": 106000000,
    "netIncomeRatio": 0.054247697,
    "eps": 1.28,
    "epsdiluted": 1.24,
    "weightedAverageShsOut": 84000000,
    "weightedAverageShsOutDil": 86750000,
    "link": "https://www.sec.gov/Archives/edgar/data/1336920/000119312506127588/0001193125-06-127588-index.htm",
    "finalLink": "https://www.sec.gov/Archives/edgar/data/1336920/000119312506127588/d10q.htm"
  },
  {
    "date": "2006-01-31",
    "symbol": "LDOS",
    "reportedCurrency": "USD",
    "cik": "0001336920",
    "fillingDate": "2006-05-01",
    "acceptedDate": "2006-05-01 15:05:04",
    "calendarYear": "2005",
    "period": "Q4",
    "revenue": 1977000000,
    "costOfRevenue": 1708000000,
    "grossProfit": 269000000,
    "grossProfitRatio": 0.1360647446,
    "researchAndDevelopmentExpenses": 0,
    "generalAndAdministrativeExpenses": 0,
    "sellingAndMarketingExpenses": 0,
    "sellingGeneralAndAdministrativeExpenses": 131000000,
    "otherExpenses": 0,
    "operatingExpenses": 131000000,
    "costAndExpenses": 1839000000,
    "interestIncome": 0,
    "interestExpense": 4000000,
    "depreciationAndAmortization": 22000000,
    "ebitda": 160000000,
    "ebitdaratio": 0.0809307031,
    "operatingIncome": 138000000,
    "operatingIncomeRatio": 0.0698027314,
    "totalOtherIncomeExpensesNet": -8000000,
    "incomeBeforeTax": 130000000,
    "incomeBeforeTaxRatio": 0.0657561963,
    "incomeTaxExpense": -6000000,
    "netIncome": 154000000,
    "netIncomeRatio": 0.0778958017,
    "eps": 1.78,
    "epsdiluted": 1.78,
    "weightedAverageShsOut": 85500000,
    "weightedAverageShsOutDil": 86500000,
    "link": "https://www.sec.gov/Archives/edgar/data/1336920/000119312506094952/0001193125-06-094952-index.htm",
    "finalLink": "https://www.sec.gov/Archives/edgar/data/1336920/000119312506094952/d10k.htm"
  },
  {
    "date": "2005-10-31",
    "symbol": "LDOS",
    "reportedCurrency": "USD",
    "cik": "0001336920",
    "fillingDate": "2006-04-26",
    "acceptedDate": "2006-04-25 21:58:40",
    "calendarYear": "2005",
    "period": "Q3",
    "revenue": 2024000000,
    "costOfRevenue": 1793000000,
    "grossProfit": 231000000,
    "grossProfitRatio": 0.1141304348,
    "researchAndDevelopmentExpenses": 0,
    "generalAndAdministrativeExpenses": 0,
    "sellingAndMarketingExpenses": 0,
    "sellingGeneralAndAdministrativeExpenses": 125000000,
    "otherExpenses": 0,
    "operatingExpenses": 125000000,
    "costAndExpenses": 1918000000,
    "interestIncome": 0,
    "interestExpense": 0,
    "depreciationAndAmortization": -1000000,
    "ebitda": 106000000,
    "ebitdaratio": 0.0523715415,
    "operatingIncome": 106000000,
    "operatingIncomeRatio": 0.0523715415,
    "totalOtherIncomeExpensesNet": 5000000,
    "incomeBeforeTax": 111000000,
    "incomeBeforeTaxRatio": 0.0548418972,
    "incomeTaxExpense": 40000000,
    "netIncome": 91000000,
    "netIncomeRatio": 0.0449604743,
    "eps": 1.04,
    "epsdiluted": 1,
    "weightedAverageShsOut": 86500000,
    "weightedAverageShsOutDil": 89500000,
    "link": "https://www.sec.gov/Archives/edgar/data/1336920/000119312506088364/0001193125-06-088364-index.htm",
    "finalLink": "https://www.sec.gov/Archives/edgar/data/1336920/000119312506088364/d10q.htm"
  }
]