[
  {
    "date": "2025-01-03",
    "symbol": "LDOS",
    "reportedCurrency": "USD",
    "cik": "0001336920",
    "fillingDate": "2025-02-11",
    "acceptedDate": "2025-02-11 13:19:36",
    "calendarYear": "2024",
    "period": "FY",
    "revenue": 16662000000,
    "costOfRevenue": 13864000000,
    "grossProfit": 2798000000,
    "grossProfitRatio": 0.1679270196,
    "researchAndDevelopmentExpenses": 0,
    "generalAndAdministrativeExpenses": 0,
    "sellingAndMarketingExpenses": 0,
    "sellingGeneralAndAdministrativeExpenses": 983000000,
    "otherExpenses": -12000000,
    "operatingExpenses": 971000000,
    "costAndExpenses": 14835000000,
    "interestIncome": 0,
    "interestExpense": 193000000,
    "depreciationAndAmortization": 290000000,
    "ebitda": 2122000000,
    "ebitdaratio": 0.1273556596,
    "operatingIncome": 1827000000,
    "operatingIncomeRatio": 0.1096507022,
    "totalOtherIncomeExpensesNet": -188000000,
    "incomeBeforeTax": 1639000000,
    "incomeBeforeTaxRatio": 0.0983675429,
    "incomeTaxExpense": 388000000,
    "netIncome": 1254000000,
    "netIncomeRatio": 0.0752610731,
    "eps": 9.36,
    "epsdiluted": 9.22,
    "weightedAverageShsOut": 134000000,
    "weightedAverageShsOutDil": 136000000,
    "link": "https://www.sec.gov/Archives/edgar/data/1336920/000133692025000006/0001336920-25-000006-index.htm",
    "finalLink": "https://www.sec.gov/Archives/edgar/data/1336920/000133692025000006/ldos-20250103.htm"
  },
  {
    "date": "2023-12-29",
    "symbol": "LDOS",
    "reportedCurrency": "USD",
    "cik": "0001336920",
    "fillingDate": "2024-02-13",
    "acceptedDate": "2024-02-13 12:10:34",
    "calendarYear": "2023",
    "period": "FY",
    "revenue": 15438000000,
    "costOfRevenue": 13194000000,
    "grossProfit": 2244000000,
    "grossProfitRatio": 0.145355616,
    "researchAndDevelopmentExpenses": 0,
    "generalAndAdministrativeExpenses": 0,
    "sellingAndMarketingExpenses": 0,
    "sellingGeneralAndAdministrativeExpenses": 942000000,
    "otherExpenses": 681000000,
    "operatingExpenses": 1623000000,
    "costAndExpenses": 14817000000,
    "interestIncome": 0,
    "interestExpense": 212000000,
    "depreciationAndAmortization": 331000000,
    "ebitda": 946000000,
    "ebitdaratio": 0.0612773675,
    "operatingIncome": 621000000,
    "operatingIncomeRatio": 0.0402254178,
    "totalOtherIncomeExpensesNet": -218000000,
    "incomeBeforeTax": 403000000,
    "incomeBeforeTaxRatio": 0.0261044177,
    "incomeTaxExpense": 195000000,
    "netIncome": 199000000,
    "netIncomeRatio": 0.0128902708,
    "eps": 1.45,
    "epsdiluted": 1.44,
    "weightedAverageShsOut": 137000000,
    "weightedAverageShsOutDil": 138000000,
    "link": "https://www.sec.gov/Archives/edgar/data/1336920/000133692024000008/0001336920-24-000008-index.htm",
    "finalLink": "https://www.sec.gov/Archives/edgar/data/1336920/000133692024000008/ldos-20231229.htm"
  },
  {
    "date": "2022-12-30",
    "symbol": "LDOS",
    "reportedCurrency": "USD",
    "cik": "0001336920",
    "fillingDate": "2023-02-14",
    "acceptedDate": "2023-02-14 12:19:03",
    "calendarYear": "2022",
    "period": "FY",
    "revenue": 14396000000,
    "costOfRevenue": 12312000000,
    "grossProfit": 2084000000,
    "grossProfitRatio": 0.144762434,
    "researchAndDevelopmentExpenses": 0,
    "generalAndAdministrativeExpenses": 0,
    "sellingAndMarketingExpenses": 0,
    "sellingGeneralAndAdministrativeExpenses": 951000000,
    "otherExpenses": 45000000,
    "operatingExpenses": 996000000,
    "costAndExpenses": 13308000000,
    "interestIncome": 0,
    "interestExpense": 199000000,
    "depreciationAndAmortization": 333000000,
    "ebitda": 1418000000,
    "ebitdaratio": 0.0984995832,
    "operatingIncome": 1088000000,
    "operatingIncomeRatio": 0.075576549,
    "totalOtherIncomeExpensesNet": -202000000,
    "incomeBeforeTax": 886000000,
    "incomeBeforeTaxRatio": 0.0615448736,
    "incomeTaxExpense": 193000000,
    "netIncome": 685000000,
    "netIncomeRatio": 0.0475826619,
    "eps": 5,
    "epsdiluted": 4.96,
    "weightedAverageShsOut": 137000000,
    "weightedAverageShsOutDil": 138000000,
    "link": "https://www.sec.gov/Archives/edgar/data/1336920/000133692023000015/0001336920-23-000015-index.htm",
    "finalLink": "https://www.sec.gov/Archives/edgar/data/1336920/000133692023000015/ldos-20221230.htm"
  },
  {
    "date": "2021-12-31",
    "symbol": "LDOS",
    "reportedCurrency": "USD",
    "cik": "0001336920",
    "fillingDate": "2022-02-15",
    "acceptedDate": "2022-02-15 12:06:38",
    "calendarYear": "2021",
    "period": "FY",
    "revenue": 13737000000,
    "costOfRevenue": 11723000000,
    "grossProfit": 2014000000,
    "grossProfitRatio": 0.1466113416,
    "researchAndDevelopmentExpenses": 0,
    "generalAndAdministrativeExpenses": 0,
    "sellingAndMarketingExpenses": 0,
    "sellingGeneralAndAdministrativeExpenses": 851000000,
    "otherExpenses": 11000000,
    "operatingExpenses": 862000000,
    "costAndExpenses": 12585000000,
    "interestIncome": 0,
    "interestExpense": 184000000,
    "depreciationAndAmortization": 325000000,
    "ebitda": 1476000000,
    "ebitdaratio": 0.1074470408,
    "operatingIncome": 1152000000,
    "operatingIncomeRatio": 0.083861105,
    "totalOtherIncomeExpensesNet": -185000000,
    "incomeBeforeTax": 967000000,
    "incomeBeforeTaxRatio": 0.0703938269,
    "incomeTaxExpense": 208000000,
    "netIncome": 753000000,
    "netIncomeRatio": 0.0548154619,
    "eps": 5.34,
    "epsdiluted": 5.27,
    "weightedAverageShsOut": 141000000,
    "weightedAverageShsOutDil": 143000000,
    "link": "https://www.sec.gov/Archives/edgar/data/1336920/000133692022000007/0001336920-22-000007-index.htm",
    "finalLink": "https://www.sec.gov/Archives/edgar/data/1336920/000133692022000007/ldos-20211231.htm"
  },
  {
    "date": "2021-01-01",
    "symbol": "LDOS",
    "reportedCurrency": "USD",
    "cik": "0001336920",
    "fillingDate": "2021-02-23",
    "acceptedDate": "2021-02-23 15:38:44",
    "calendarYear": "2020",
    "period": "FY",
    "revenue": 12297000000,
    "costOfRevenue": 10560000000,
    "grossProfit": 1737000000,
    "grossProfitRatio": 0.1412539644,
    "researchAndDevelopmentExpenses": 0,
    "generalAndAdministrativeExpenses": 0,
    "sellingAndMarketingExpenses": 0,
    "sellingGeneralAndAdministrativeExpenses": 770000000,
    "otherExpenses": -31000000,
    "operatingExpenses": 739000000,
    "costAndExpenses": 11299000000,
    "interestIncome": 3000000,
    "interestExpense": 182000000,
    "depreciationAndAmortization": 282000000,
    "ebitda": 1245000000,
    "ebitdaratio": 0.1012442059,
    "operatingIncome": 998000000,
    "operatingIncomeRatio": 0.081158006,
    "totalOtherIncomeExpensesNet": -217000000,
    "incomeBeforeTax": 781000000,
    "incomeBeforeTaxRatio": 0.0635114256,
    "incomeTaxExpense": 152000000,
    "netIncome": 628000000,
    "netIncomeRatio": 0.0510693665,
    "eps": 4.42,
    "epsdiluted": 4.36,
    "weightedAverageShsOut": 142000000,
    "weightedAverageShsOutDil": 144000000,
    "link": "https://www.sec.gov/Archives/edgar/data/1336920/000133692021000010/0001336920-21-000010-index.htm",
    "finalLink": "https://www.sec.gov/Archives/edgar/data/1336920/000133692021000010/ldos-20210101.htm"
  },
  {
    "date": "2020-01-03",
    "symbol": "LDOS",
    "reportedCurrency": "USD",
    "cik": "0001336920",
    "fillingDate": "2020-02-18",
    "acceptedDate": "2020-02-18 14:36:02",
    "calendarYear": "2019",
    "period": "FY",
    "revenue": 11094000000,
    "costOfRevenue": 9546000000,
    "grossProfit": 1548000000,
    "grossProfitRatio": 0.1395348837,
    "researchAndDevelopmentExpenses": 0,
    "generalAndAdministrativeExpenses": 0,
    "sellingAndMarketingExpenses": 0,
    "sellingGeneralAndAdministrativeExpenses": 689000000,
    "otherExpenses": -53000000,
    "operatingExpenses": 636000000,
    "costAndExpenses": 10182000000,
    "interestIncome": 14000000,
    "interestExpense": 147000000,
    "depreciationAndAmortization": 234000000,
    "ebitda": 1247000000,
    "ebitdaratio": 0.1124031008,
    "operatingIncome": 912000000,
    "operatingIncomeRatio": 0.0822065982,
    "totalOtherIncomeExpensesNet": -46000000,
    "incomeBeforeTax": 866000000,
    "incomeBeforeTaxRatio": 0.0780602127,
    "incomeTaxExpense": 196000000,
    "netIncome": 667000000,
    "netIncomeRatio": 0.0601225888,
    "eps": 4.66,
    "epsdiluted": 4.6,
    "weightedAverageShsOut": 143000000,
    "weightedAverageShsOutDil": 145000000,
    "link": "https://www.sec.gov/Archives/edgar/data/1336920/000133692020000023/0001336920-20-000023-index.htm",
    "finalLink": "https://www.sec.gov/Archives/edgar/data/1336920/000133692020000023/ldos01032020form10-k.htm"
  },
  {
    "date": "2018-12-28",
    "symbol": "LDOS",
    "reportedCurrency": "USD",
    "cik": "0001336920",
    "fillingDate": "2019-02-19",
    "acceptedDate": "2019-02-19 17:15:32",
    "calendarYear": "2018",
    "period": "FY",
    "revenue": 10194000000,
    "costOfRevenue": 8690000000,
    "grossProfit": 1504000000,
    "grossProfitRatio": 0.1475377673,
    "researchAndDevelopmentExpenses": 0,
    "generalAndAdministrativeExpenses": 683000000,
    "sellingAndMarketingExpenses": 46000000,
    "sellingGeneralAndAdministrativeExpenses": 729000000,
    "otherExpenses": 26000000,
    "operatingExpenses": 755000000,
    "costAndExpenses": 9445000000,
    "interestIncome": 7000000,
    "interestExpense": 145000000,
    "depreciationAndAmortization": 257000000,
    "ebitda": 1012000000,
    "ebitdaratio": 0.0992740828,
    "operatingIncome": 749000000,
    "operatingIncomeRatio": 0.0734745929,
    "totalOtherIncomeExpensesNet": -139000000,
    "incomeBeforeTax": 610000000,
    "incomeBeforeTaxRatio": 0.0598391211,
    "incomeTaxExpense": 28000000,
    "netIncome": 581000000,
    "netIncomeRatio": 0.0569943104,
    "eps": 3.85,
    "epsdiluted": 3.8,
    "weightedAverageShsOut": 151000000,
    "weightedAverageShsOutDil": 153000000,
    "link": "https://www.sec.gov/Archives/edgar/data/1336920/000133692019000004/0001336920-19-000004-index.htm",
    "finalLink": "https://www.sec.gov/Archives/edgar/data/1336920/000133692019000004/ldos12282018form10-k.htm"
  },
  {
    "date": "2017-12-29",
    "symbol": "LDOS",
    "reportedCurrency": "USD",
    "cik": "0001336920",
    "fillingDate": "2018-02-23",
    "acceptedDate": "2018-02-23 15:20:22",
    "calendarYear": "2017",
    "period": "FY",
    "revenue": 10170000000,
    "costOfRevenue": 8923000000,
    "grossProfit": 1247000000,
    "grossProfitRatio": 0.1226155359,
    "researchAndDevelopmentExpenses": 0,
    "generalAndAdministrativeExpenses": 520000000,
    "sellingAndMarketingExpenses": 32000000,
    "sellingGeneralAndAdministrativeExpenses": 737000000,
    "otherExpenses": 136000000,
    "operatingExpenses": 873000000,
    "costAndExpenses": 9611000000,
    "interestIncome": 8000000,
    "interestExpense": 148000000,
    "depreciationAndAmortization": 336000000,
    "ebitda": 877000000,
    "ebitdaratio": 0.0862340216,
    "operatingIncome": 559000000,
    "operatingIncomeRatio": 0.0549655851,
    "totalOtherIncomeExpensesNet": -166000000,
    "incomeBeforeTax": 393000000,
    "incomeBeforeTaxRatio": 0.0386430678,
    "incomeTaxExpense": 29000000,
    "netIncome": 366000000,
    "netIncomeRatio": 0.0359882006,
    "eps": 2.41,
    "epsdiluted": 2.38,
    "weightedAverageShsOut": 152000000,
    "weightedAverageShsOutDil": 154000000,
    "link": "https://www.sec.gov/Archives/edgar/data/1336920/000133692018000008/0001336920-18-000008-index.htm",
    "finalLink": "https://www.sec.gov/Archives/edgar/data/1336920/000133692018000008/ldos12292017form10-k.htm"
  },
  {
    "date": "2016-12-30",
    "symbol": "LDOS",
    "reportedCurrency": "USD",
    "cik": "0001336920",
    "fillingDate": "2017-02-24",
    "acceptedDate": "2017-02-24 15:04:47",
    "calendarYear": "2016",
    "period": "FY",
    "revenue": 7043000000,
    "costOfRevenue": 6191000000,
    "grossProfit": 852000000,
    "grossProfitRatio": 0.1209711771,
    "researchAndDevelopmentExpenses": 0,
    "generalAndAdministrativeExpenses": 293000000,
    "sellingAndMarketingExpenses": 41000000,
    "sellingGeneralAndAdministrativeExpenses": 422000000,
    "otherExpenses": 101000000,
    "operatingExpenses": 523000000,
    "costAndExpenses": 6626000000,
    "interestIncome": 10000000,
    "interestExpense": 96000000,
    "depreciationAndAmortization": 122000000,
    "ebitda": 536000000,
    "ebitdaratio": 0.076103933,
    "operatingIncome": 417000000,
    "operatingIncomeRatio": 0.059207724,
    "totalOtherIncomeExpensesNet": -99000000,
    "incomeBeforeTax": 318000000,
    "incomeBeforeTaxRatio": 0.045151214,
    "incomeTaxExpense": 72000000,
    "netIncome": 244000000,
    "netIncomeRatio": 0.0346443277,
    "eps": 2.39,
    "epsdiluted": 2.35,
    "weightedAverageShsOut": 102000000,
    "weightedAverageShsOutDil": 104000000,
    "link": "https://www.sec.gov/Archives/edgar/data/1336920/000133692017000014/0001336920-17-000014-index.htm",
    "finalLink": "https://www.sec.gov/Archives/edgar/data/1336920/000133692017000014/ldos12302016form10-k.htm"
  },
  {
    "date": "2015-12-31",
    "symbol": "LDOS",
    "reportedCurrency": "USD",
    "cik": "0001336920",
    "fillingDate": "2015-12-31",
    "acceptedDate": "2015-12-31 00:00:00",
    "calendarYear": "2015",
    "period": "FY",
    "revenue": 5086000000,
    "costOfRevenue": 4468000000,
    "grossProfit": 618000000,
    "grossProfitRatio": 0.1215100275,
    "researchAndDevelopmentExpenses": 0,
    "generalAndAdministrativeExpenses": 0,
    "sellingAndMarketingExpenses": 0,
    "sellingGeneralAndAdministrativeExpenses": 232000000,
    "otherExpenses": 84000000,
    "operatingExpenses": 232000000,
    "costAndExpenses": 4700000000,
    "interestIncome": 4000000,
    "interestExpense": 53000000,
    "depreciationAndAmortization": 44000000,
    "ebitda": 514000000,
    "ebitdaratio": 0.1010617381,
    "operatingIncome": 298000000,
    "operatingIncomeRatio": 0.0585922139,
    "totalOtherIncomeExpensesNet": -4000000,
    "incomeBeforeTax": 328000000,
    "incomeBeforeTaxRatio": 0.0644907589,
    "incomeTaxExpense": 92000000,
    "netIncome": 254000000,
    "netIncomeRatio": 0.0499410145,
    "eps": 3.48,
    "epsdiluted": 3.43,
    "weightedAverageShsOut": 73000000,
    "weightedAverageShsOutDil": 74000000,
    "link": null,
    "finalLink": null
  },
  {
    "date": "2015-01-30",
    "symbol": "LDOS",
    "reportedCurrency": "USD",
    "cik": "0001336920",
    "fillingDate": "2015-03-25",
    "acceptedDate": "2015-03-25 16:51:43",
    "calendarYear": "2014",
    "period": "FY",
    "revenue": 5063000000,
    "costOfRevenue": 4392000000,
    "grossProfit": 671000000,
    "grossProfitRatio": 0.1325301205,
    "researchAndDevelopmentExpenses": 0,
    "generalAndAdministrativeExpenses": 0,
    "sellingAndMarketingExpenses": 0,
    "sellingGeneralAndAdministrativeExpenses": 310000000,
    "otherExpenses": 575000000,
    "operatingExpenses": 885000000,
    "costAndExpenses": 5277000000,
    "interestIncome": 1000000,
    "interestExpense": 75000000,
    "depreciationAndAmortization": 62000000,
    "ebitda": -146000000,
    "ebitdaratio": -0.0288366581,
    "operatingIncome": -214000000,
    "operatingIncomeRatio": -0.0422674304,
    "totalOtherIncomeExpensesNet": -69000000,
    "incomeBeforeTax": -283000000,
    "incomeBeforeTaxRatio": -0.055895714,
    "incomeTaxExpense": 47000000,
    "netIncome": -323000000,
    "netIncomeRatio": -0.0637961683,
    "eps": -4.36,
    "epsdiluted": -4.36,
    "weightedAverageShsOut": 74000000,
    "weightedAverageShsOutDil": 74000000,
    "link": "https://www.sec.gov/Archives/edgar/data/1336920/000133692015000010/0001336920-15-000010-index.htm",
    "finalLink": "https://www.sec.gov/Archives/edgar/data/353394/000133692015000010/ldos-1302015x10k.htm"
  },
  {
    "date": "2014-01-31",
    "symbol": "LDOS",
    "reportedCurrency": "USD",
    "cik": "0001336920",
    "fillingDate": "2014-03-27",
    "acceptedDate": "2014-03-27 16:12:24",
    "calendarYear": "2013",
    "period": "FY",
    "revenue": 5772000000,
    "costOfRevenue": 5006000000,
    "grossProfit": 766000000,
    "grossProfitRatio": 0.1327096327,
    "researchAndDevelopmentExpenses": 0,
    "generalAndAdministrativeExpenses": 442000000,
    "sellingAndMarketingExpenses": 0,
    "sellingGeneralAndAdministrativeExpenses": 440000000,
    "otherExpenses": 160000000,
    "operatingExpenses": 600000000,
    "costAndExpenses": 5592000000,
    "interestIncome": 15000000,
    "interestExpense": 82000000,
    "depreciationAndAmortization": 81000000,
    "ebitda": 250000000,
    "ebitdaratio": 0.0433125433,
    "operatingIncome": 164000000,
    "operatingIncomeRatio": 0.0284130284,
    "totalOtherIncomeExpensesNet": -75000000,
    "incomeBeforeTax": 88000000,
    "incomeBeforeTaxRatio": 0.0152460152,
    "incomeTaxExpense": 4000000,
    "netIncome": 164000000,
    "netIncomeRatio": 0.0284130284,
    "eps": 1.94,
    "epsdiluted": 1.94,
    "weightedAverageShsOut": 83000000,
    "weightedAverageShsOutDil": 83000000,
    "link": "https://www.sec.gov/Archives/edgar/data/1336920/000133692014000007/0001336920-14-000007-index.htm",
    "finalLink": "https://www.sec.gov/Archives/edgar/data/353394/000133692014000007/ldos-1312014x10k.htm"
  },
  {
    "date": "2013-01-31",
    "symbol": "LDOS",
    "reportedCurrency": "USD",
    "cik": "0001336920",
    "fillingDate": "2013-03-27",
    "acceptedDate": "2013-03-26 19:39:22",
    "calendarYear": "2012",
    "period": "FY",
    "revenue": 11173000000,
    "costOfRevenue": 9809000000,
    "grossProfit": 1364000000,
    "grossProfitRatio": 0.1220800143,
    "researchAndDevelopmentExpenses": 0,
    "generalAndAdministrativeExpenses": 592000000,
    "sellingAndMarketingExpenses": 0,
    "sellingGeneralAndAdministrativeExpenses": 467000000,
    "otherExpenses": 13000000,
    "operatingExpenses": 480000000,
    "costAndExpenses": 6028000000,
    "interestIncome": 9000000,
    "interestExpense": 93000000,
    "depreciationAndAmortization": 113000000,
    "ebitda": 528000000,
    "ebitdaratio": 0.0472567797,
    "operatingIncome": 734000000,
    "operatingIncomeRatio": 0.065694084,
    "totalOtherIncomeExpensesNet": -76000000,
    "incomeBeforeTax": 658000000,
    "incomeBeforeTaxRatio": 0.0588919717,
    "incomeTaxExpense": 135000000,
    "netIncome": 525000000,
    "netIncomeRatio": 0.0469882753,
    "eps": 6.16,
    "epsdiluted": 6.16,
    "weightedAverageShsOut": 83061232,
    "weightedAverageShsOutDil": 83250000,
    "link": "https://www.sec.gov/Archives/edgar/data/1336920/000119312513127240/0001193125-13-127240-index.htm",
    "finalLink": "https://www.sec.gov/Archives/edgar/data/353394/000119312513127240/d451558d10k.htm"
  },
  {
    "date": "2012-01-31",
    "symbol": "LDOS",
    "reportedCurrency": "USD",
    "cik": "0001336920",
    "fillingDate": "2012-03-27",
    "acceptedDate": "2012-03-27 11:21:32",
    "calendarYear": "2011",
    "period": "FY",
    "revenue": 10587000000,
    "costOfRevenue": 9606000000,
    "grossProfit": 981000000,
    "grossProfitRatio": 0.0926608104,
    "researchAndDevelopmentExpenses": 0,
    "generalAndAdministrativeExpenses": 670000000,
    "sellingAndMarketingExpenses": 0,
    "sellingGeneralAndAdministrativeExpenses": 543000000,
    "otherExpenses": 0,
    "operatingExpenses": 543000000,
    "costAndExpenses": 5894000000,
    "interestIncome": 5000000,
    "interestExpense": 114000000,
    "depreciationAndAmortization": 114000000,
    "ebitda": 40000000,
    "ebitdaratio": 0.0037782186,
    "operatingIncome": 311000000,
    "operatingIncomeRatio": 0.0293756494,
    "totalOtherIncomeExpensesNet": -104000000,
    "incomeBeforeTax": 207000000,
    "incomeBeforeTaxRatio": 0.0195522811,
    "incomeTaxExpense": 215000000,
    "netIncome": 59000000,
    "netIncomeRatio": 0.0055728724,
    "eps": 0.72,
    "epsdiluted": 0.72,
    "weightedAverageShsOut": 84000000,
    "weightedAverageShsOutDil": 84000000,
    "link": "https://www.sec.gov/Archives/edgar/data/1336920/000119312512133697/0001193125-12-133697-index.htm",
    "finalLink": "https://www.sec.gov/Archives/edgar/data/353394/000119312512133697/d272046d10k.htm"
  },
  {
    "date": "2011-01-31",
    "symbol": "LDOS",
    "reportedCurrency": "USD",
    "cik": "0001336920",
    "fillingDate": "2011-03-25",
    "acceptedDate": "2011-03-25 17:27:12",
    "calendarYear": "2010",
    "period": "FY",
    "revenue": 11117000000,
    "costOfRevenue": 9632000000,
    "grossProfit": 1485000000,
    "grossProfitRatio": 0.133579203,
    "researchAndDevelopmentExpenses": 0,
    "generalAndAdministrativeExpenses": 527000000,
    "sellingAndMarketingExpenses": 0,
    "sellingGeneralAndAdministrativeExpenses": 495000000,
    "otherExpenses": 0,
    "operatingExpenses": 495000000,
    "costAndExpenses": 9869000000,
    "interestIncome": 2000000,
    "interestExpense": 79000000,
    "depreciationAndAmortization": 111000000,
    "ebitda": 1043000000,
    "ebitdaratio": 0.0938202753,
    "operatingIncome": 958000000,
    "operatingIncomeRatio": 0.0861743276,
    "totalOtherIncomeExpensesNet": -75000000,
    "incomeBeforeTax": 883000000,
    "incomeBeforeTaxRatio": 0.0794279032,
    "incomeTaxExpense": 314000000,
    "netIncome": 618000000,
    "netIncomeRatio": 0.055590537,
    "eps": 6.56,
    "epsdiluted": 6.52,
    "weightedAverageShsOut": 91000000,
    "weightedAverageShsOutDil": 91500000,
    "link": "https://www.sec.gov/Archives/edgar/data/1336920/000119312511078283/0001193125-11-078283-index.htm",
    "finalLink": "https://www.sec.gov/Archives/edgar/data/1336920/000119312511078283/d10k.htm"
  },
  {
    "date": "2010-01-31",
    "symbol": "LDOS",
    "reportedCurrency": "USD",
    "cik": "0001336920",
    "fillingDate": "2010-04-01",
    "acceptedDate": "2010-03-31 19:34:12",
    "calendarYear": "2009",
    "period": "FY",
    "revenue": 10846000000,
    "costOfRevenue": 9343000000,
    "grossProfit": 1503000000,
    "grossProfitRatio": 0.1385764337,
    "researchAndDevelopmentExpenses": 0,
    "generalAndAdministrativeExpenses": 636000000,
    "sellingAndMarketingExpenses": 0,
    "sellingGeneralAndAdministrativeExpenses": 636000000,
    "otherExpenses": 0,
    "operatingExpenses": 636000000,
    "costAndExpenses": 9979000000,
    "interestIncome": 2000000,
    "interestExpense": 76000000,
    "depreciationAndAmortization": 93000000,
    "ebitda": 968000000,
    "ebitdaratio": 0.0892494929,
    "operatingIncome": 867000000,
    "operatingIncomeRatio": 0.0799373041,
    "totalOtherIncomeExpensesNet": -68000000,
    "incomeBeforeTax": 799000000,
    "incomeBeforeTaxRatio": 0.0736677116,
    "incomeTaxExpense": 299000000,
    "netIncome": 497000000,
    "netIncomeRatio": 0.045823345,
    "eps": 5,
    "epsdiluted": 4.96,
    "weightedAverageShsOut": 96500000,
    "weightedAverageShsOutDil": 97500000,
    "link": "https://www.sec.gov/Archives/edgar/data/1336920/000119312510073854/0001193125-10-073854-index.htm",
    "finalLink": "https://www.sec.gov/Archives/edgar/data/1336920/000119312510073854/d10k.htm"
  },
  {
    "date": "2009-01-31",
    "symbol": "LDOS",
    "reportedCurrency": "USD",
    "cik": "0001336920",
    "fillingDate": "2009-03-30",
    "acceptedDate": "2009-03-30 06:11:10",
    "calendarYear": "2008",
    "period": "FY",
    "revenue": 10070000000,
    "costOfRevenue": 8692000000,
    "grossProfit": 1378000000,
    "grossProfitRatio": 0.1368421053,
    "researchAndDevelopmentExpenses": 0,
    "generalAndAdministrativeExpenses": 602000000,
    "sellingAndMarketingExpenses": 0,
    "sellingGeneralAndAdministrativeExpenses": 602000000,
    "otherExpenses": 0,
    "operatingExpenses": 602000000,
    "costAndExpenses": 9294000000,
    "interestIncome": 20000000,
    "interestExpense": 74000000,
    "depreciationAndAmortization": 89000000,
    "ebitda": 870000000,
    "ebitdaratio": 0.0863952334,
    "operatingIncome": 776000000,
    "operatingIncomeRatio": 0.077060576,
    "totalOtherIncomeExpensesNet": -73000000,
    "incomeBeforeTax": 703000000,
    "incomeBeforeTaxRatio": 0.0698113208,
    "incomeTaxExpense": 256000000,
    "netIncome": 452000000,
    "netIncomeRatio": 0.0448857994,
    "eps": 4.44,
    "epsdiluted": 4.36,
    "weightedAverageShsOut": 98750000,
    "weightedAverageShsOutDil": 100500000,
    "link": "https://www.sec.gov/Archives/edgar/data/1336920/000119312509066772/0001193125-09-066772-index.htm",
    "finalLink": "https://www.sec.gov/Archives/edgar/data/1336920/000119312509066772/d10k.htm"
  },
  {
    "date": "2008-01-31",
    "symbol": "LDOS",
    "reportedCurrency": "USD",
    "cik": "0001336920",
    "fillingDate": "2008-03-28",
    "acceptedDate": "2008-03-27 20:13:42",
    "calendarYear": "2007",
    "period": "FY",
    "revenue": 8935000000,
    "costOfRevenue": 7698000000,
    "grossProfit": 1237000000,
    "grossProfitRatio": 0.1384443201,
    "researchAndDevelopmentExpenses": 0,
    "generalAndAdministrativeExpenses": 571000000,
    "sellingAndMarketingExpenses": 0,
    "sellingGeneralAndAdministrativeExpenses": 567000000,
    "otherExpenses": 0,
    "operatingExpenses": 567000000,
    "costAndExpenses": 8253000000,
    "interestIncome": 56000000,
    "interestExpense": 20000000,
    "depreciationAndAmortization": 80000000,
    "ebitda": 750000000,
    "ebitdaratio": 0.0839395635,
    "operatingIncome": 666000000,
    "operatingIncomeRatio": 0.0745383324,
    "totalOtherIncomeExpensesNet": -40000000,
    "incomeBeforeTax": 626000000,
    "incomeBeforeTaxRatio": 0.0700615557,
    "incomeTaxExpense": 240000000,
    "netIncome": 415000000,
    "netIncomeRatio": 0.0464465585,
    "eps": 4.12,
    "epsdiluted": 4,
    "weightedAverageShsOut": 101000000,
    "weightedAverageShsOutDil": 104250000,
    "link": "https://www.sec.gov/Archives/edgar/data/1336920/000119312508067632/0001193125-08-067632-index.htm",
    "finalLink": "https://www.sec.gov/Archives/edgar/data/1336920/000119312508067632/d10k.htm"
  },
  {
    "date": "2007-01-31",
    "symbol": "LDOS",
    "reportedCurrency": "USD",
    "cik": "0001336920",
    "fillingDate": "2007-04-12",
    "acceptedDate": "2007-04-12 16:23:20",
    "calendarYear": "2006",
    "period": "FY",
    "revenue": 8294000000,
    "costOfRevenue": 7184000000,
    "grossProfit": 1110000000,
    "grossProfitRatio": 0.1338316856,
    "researchAndDevelopmentExpenses": 0,
    "generalAndAdministrativeExpenses": 525000000,
    "sellingAndMarketingExpenses": 0,
    "sellingGeneralAndAdministrativeExpenses": 514000000,
    "otherExpenses": 0,
    "operatingExpenses": 514000000,
    "costAndExpenses": 7488000000,
    "interestIncome": 0,
    "interestExpense": 0,
    "depreciationAndAmortization": 72000000,
    "ebitda": 643000000,
    "ebitdaratio": 0.0775259224,
    "operatingIncome": 585000000,
    "operatingIncomeRatio": 0.0705329154,
    "totalOtherIncomeExpensesNet": 24000000,
    "incomeBeforeTax": 603000000,
    "incomeBeforeTaxRatio": 0.0727031589,
    "incomeTaxExpense": 234000000,
    "netIncome": 391000000,
    "netIncomeRatio": 0.0471425127,
    "eps": 4.44,
    "epsdiluted": 4.28,
    "weightedAverageShsOut": 88000000,
    "weightedAverageShsOutDil": 91000000,
    "link": "https://www.sec.gov/Archives/edgar/data/1336920/000119312507079805/0001193125-07-079805-index.htm",
    "finalLink": "https://www.sec.gov/Archives/edgar/data/1336920/000119312507079805/d10k.htm"
  },
  {
    "date": "2006-01-31",
    "symbol": "LDOS",
    "reportedCurrency": "USD",
    "cik": "0001336920",
    "fillingDate": "2006-05-01",
    "acceptedDate": "2006-05-01 15:05:04",
    "calendarYear": "2005",
    "period": "FY",
    "revenue": 7792000000,
    "costOfRevenue": 6801000000,
    "grossProfit": 991000000,
    "grossProfitRatio": 0.1271817248,
    "researchAndDevelopmentExpenses": 0,
    "generalAndAdministrativeExpenses": 0,
    "sellingAndMarketingExpenses": 0,
    "sellingGeneralAndAdministrativeExpenses": 480000000,
    "otherExpenses": 0,
    "operatingExpenses": 480000000,
    "costAndExpenses": 7048000000,
    "interestIncome": 0,
    "interestExpense": 0,
    "depreciationAndAmortization": 70000000,
    "ebitda": 538000000,
    "ebitdaratio": 0.0690451745,
    "operatingIncome": 497000000,
    "operatingIncomeRatio": 0.0637833676,
    "totalOtherIncomeExpensesNet": -2000000,
    "incomeBeforeTax": 484000000,
    "incomeBeforeTaxRatio": 0.0621149897,
    "incomeTaxExpense": 139000000,
    "netIncome": 927000000,
    "netIncomeRatio": 0.1189681725,
    "eps": 10.64,
    "epsdiluted": 10.32,
    "weightedAverageShsOut": 87000000,
    "weightedAverageShsOutDil": 89750000,
    "link": "https://www.sec.gov/Archives/edgar/data/1336920/000119312506094952/0001193125-06-094952-index.htm",
    "finalLink": "https://www.sec.gov/Archives/edgar/data/1336920/000119312506094952/d10k.htm"
  },
  {
    "date": "2005-01-31",
    "symbol": "LDOS",
    "reportedCurrency": "USD",
    "cik": "0001336920",
    "fillingDate": "2005-01-31",
    "acceptedDate": "2005-01-31 00:00:00",
    "calendarYear": "2004",
    "period": "FY",
    "revenue": 6910000000,
    "costOfRevenue": 6044000000,
    "grossProfit": 866000000,
    "grossProfitRatio": 0.1253256151,
    "researchAndDevelopmentExpenses": 0,
    "generalAndAdministrativeExpenses": 0,
    "sellingAndMarketingExpenses": 0,
    "sellingGeneralAndAdministrativeExpenses": 406000000,
    "otherExpenses": -2000000,
    "operatingExpenses": 404000000,
    "costAndExpenses": 6448000000,
    "interestIncome": 0,
    "interestExpense": 0,
    "depreciationAndAmortization": 146000000,
    "ebitda": 462000000,
    "ebitdaratio": 0.0668596237,
    "operatingIncome": 462000000,
    "operatingIncomeRatio": 0.0668596237,
    "totalOtherIncomeExpensesNet": -74000000,
    "incomeBeforeTax": 388000000,
    "incomeBeforeTaxRatio": 0.0561505065,
    "incomeTaxExpense": 125000000,
    "netIncome": 409000000,
    "netIncomeRatio": 0.0591895803,
    "eps": 4.48,
    "epsdiluted": 4.36,
    "weightedAverageShsOut": 91250000,
    "weightedAverageShsOutDil": 93750000,
    "link": null,
    "finalLink": null
  },
  {
    "date": "2004-01-31",
    "symbol": "LDOS",
    "reportedCurrency": "USD",
    "cik": "0001336920",
    "fillingDate": "2004-01-31",
    "acceptedDate": "2004-01-31 00:00:00",
    "calendarYear": "2003",
    "period": "FY",
    "revenue": 5573000000,
    "costOfRevenue": 4828000000,
    "grossProfit": 745000000,
    "grossProfitRatio": 0.133680244,
    "researchAndDevelopmentExpenses": 0,
    "generalAndAdministrativeExpenses": 0,
    "sellingAndMarketingExpenses": 0,
    "sellingGeneralAndAdministrativeExpenses": 365000000,
    "otherExpenses": 7000000,
    "operatingExpenses": 372000000,
    "costAndExpenses": 5200000000,
    "interestIncome": 0,
    "interestExpense": 0,
    "depreciationAndAmortization": 134000000,
    "ebitda": 373000000,
    "ebitdaratio": 0.0669298403,
    "operatingIncome": 373000000,
    "operatingIncomeRatio": 0.0669298403,
    "totalOtherIncomeExpensesNet": -21000000,
    "incomeBeforeTax": 352000000,
    "incomeBeforeTaxRatio": 0.0631616723,
    "incomeTaxExpense": 135000000,
    "netIncome": 351000000,
    "netIncomeRatio": 0.0629822358,
    "eps": 3.8,
    "epsdiluted": 3.72,
    "weightedAverageShsOut": 92500000,
    "weightedAverageShsOutDil": 94250000,
    "link": null,
    "finalLink": null
  },
  {
    "date": "2003-01-31",
    "symbol": "LDOS",
    "reportedCurrency": "USD",
    "cik": "0001336920",
    "fillingDate": "2003-01-31",
    "acceptedDate": "2003-01-31 00:00:00",
    "calendarYear": "2002",
    "period": "FY",
    "revenue": 4826000000,
    "costOfRevenue": 4163000000,
    "grossProfit": 663000000,
    "grossProfitRatio": 0.1373808537,
    "researchAndDevelopmentExpenses": 0,
    "generalAndAdministrativeExpenses": 0,
    "sellingAndMarketingExpenses": 0,
    "sellingGeneralAndAdministrativeExpenses": 342000000,
    "otherExpenses": 8000000,
    "operatingExpenses": 350000000,
    "costAndExpenses": 4513000000,
    "interestIncome": 0,
    "interestExpense": 116000000,
    "depreciationAndAmortization": 0,
    "ebitda": 313000000,
    "ebitdaratio": 0.0648570245,
    "operatingIncome": 313000000,
    "operatingIncomeRatio": 0.0648570245,
    "totalOtherIncomeExpensesNet": -144000000,
    "incomeBeforeTax": 169000000,
    "incomeBeforeTaxRatio": 0.035018649,
    "incomeTaxExpense": -62000000,
    "netIncome": 259000000,
    "netIncomeRatio": 0.0536676337,
    "eps": 2.64,
    "epsdiluted": 2.56,
    "weightedAverageShsOut": 98000000,
    "weightedAverageShsOutDil": 101500000,
    "link": null,
    "finalLink": null
  }
]