[
  {
    "date": "2024-11-30",
    "symbol": "LEN",
    "reportedCurrency": "USD",
    "cik": "0000920760",
    "fillingDate": "2025-01-23",
    "acceptedDate": "2025-01-23 17:25:12",
    "calendarYear": "2024",
    "period": "FY",
    "revenue": 35441452000,
    "costOfRevenue": 29942493000,
    "grossProfit": 5498959000,
    "grossProfitRatio": 0.1551561432,
    "researchAndDevelopmentExpenses": 0,
    "generalAndAdministrativeExpenses": 648986000,
    "sellingAndMarketingExpenses": 0,
    "sellingGeneralAndAdministrativeExpenses": 648986000,
    "otherExpenses": 0,
    "operatingExpenses": 648986000,
    "costAndExpenses": 30591479000,
    "interestIncome": 0,
    "interestExpense": 0,
    "depreciationAndAmortization": 115528000,
    "ebitda": 4965501000,
    "ebitdaratio": 0.1401043332,
    "operatingIncome": 4849973000,
    "operatingIncomeRatio": 0.1368446473,
    "totalOtherIncomeExpensesNet": 334935000,
    "incomeBeforeTax": 5184908000,
    "incomeBeforeTaxRatio": 0.146295022,
    "incomeTaxExpense": 1217253000,
    "netIncome": 3932533000,
    "netIncomeRatio": 0.1109585747,
    "eps": 14.31,
    "epsdiluted": 14.31,
    "weightedAverageShsOut": 272019000,
    "weightedAverageShsOutDil": 272019000,
    "link": "https://www.sec.gov/Archives/edgar/data/920760/000162828025002404/0001628280-25-002404-index.htm",
    "finalLink": "https://www.sec.gov/Archives/edgar/data/920760/000162828025002404/len-20241130.htm"
  },
  {
    "date": "2023-11-30",
    "symbol": "LEN",
    "reportedCurrency": "USD",
    "cik": "0000920760",
    "fillingDate": "2024-04-25",
    "acceptedDate": "2024-04-25 16:16:07",
    "calendarYear": "2023",
    "period": "FY",
    "revenue": 34233366000,
    "costOfRevenue": 28292382000,
    "grossProfit": 5940984000,
    "grossProfitRatio": 0.1735436708,
    "researchAndDevelopmentExpenses": 0,
    "generalAndAdministrativeExpenses": 501338000,
    "sellingAndMarketingExpenses": 0,
    "sellingGeneralAndAdministrativeExpenses": 501338000,
    "otherExpenses": 0,
    "operatingExpenses": 501338000,
    "costAndExpenses": 28793720000,
    "interestIncome": 0,
    "interestExpense": 0,
    "depreciationAndAmortization": 110164000,
    "ebitda": 5549810000,
    "ebitdaratio": 0.1621169826,
    "operatingIncome": 5439646000,
    "operatingIncomeRatio": 0.1588989526,
    "totalOtherIncomeExpensesNet": -237342000,
    "incomeBeforeTax": 5202304000,
    "incomeBeforeTaxRatio": 0.151965892,
    "incomeTaxExpense": 1241013000,
    "netIncome": 3938511000,
    "netIncomeRatio": 0.115048897,
    "eps": 13.73,
    "epsdiluted": 13.73,
    "weightedAverageShsOut": 283319000,
    "weightedAverageShsOutDil": 283319000,
    "link": "https://www.sec.gov/Archives/edgar/data/920760/000162828024002371/0001628280-24-002371-index.htm",
    "finalLink": "https://www.sec.gov/Archives/edgar/data/920760/000162828024002371/len-20231130.htm"
  },
  {
    "date": "2022-11-30",
    "symbol": "LEN",
    "reportedCurrency": "USD",
    "cik": "0000920760",
    "fillingDate": "2023-01-26",
    "acceptedDate": "2023-01-26 16:21:24",
    "calendarYear": "2022",
    "period": "FY",
    "revenue": 33671010000,
    "costOfRevenue": 26468866000,
    "grossProfit": 7202144000,
    "grossProfitRatio": 0.2138974744,
    "researchAndDevelopmentExpenses": 0,
    "generalAndAdministrativeExpenses": 414498000,
    "sellingAndMarketingExpenses": 0,
    "sellingGeneralAndAdministrativeExpenses": 414498000,
    "otherExpenses": 0,
    "operatingExpenses": 414498000,
    "costAndExpenses": 26883364000,
    "interestIncome": 0,
    "interestExpense": 0,
    "depreciationAndAmortization": 87075000,
    "ebitda": 6874721000,
    "ebitdaratio": 0.2041732933,
    "operatingIncome": 6787646000,
    "operatingIncomeRatio": 0.2015872408,
    "totalOtherIncomeExpensesNet": -773080000,
    "incomeBeforeTax": 6014566000,
    "incomeBeforeTaxRatio": 0.1786274305,
    "incomeTaxExpense": 1366065000,
    "netIncome": 4614125000,
    "netIncomeRatio": 0.1370355389,
    "eps": 15.74,
    "epsdiluted": 15.72,
    "weightedAverageShsOut": 289824000,
    "weightedAverageShsOutDil": 289824000,
    "link": "https://www.sec.gov/Archives/edgar/data/920760/000162828023001606/0001628280-23-001606-index.htm",
    "finalLink": "https://www.sec.gov/Archives/edgar/data/920760/000162828023001606/len-20221130.htm"
  },
  {
    "date": "2021-11-30",
    "symbol": "LEN",
    "reportedCurrency": "USD",
    "cik": "0000920760",
    "fillingDate": "2022-01-28",
    "acceptedDate": "2022-01-28 16:35:48",
    "calendarYear": "2021",
    "period": "FY",
    "revenue": 27130676000,
    "costOfRevenue": 21594037000,
    "grossProfit": 5536639000,
    "grossProfitRatio": 0.2040730205,
    "researchAndDevelopmentExpenses": 0,
    "generalAndAdministrativeExpenses": 398381000,
    "sellingAndMarketingExpenses": 0,
    "sellingGeneralAndAdministrativeExpenses": 398381000,
    "otherExpenses": 0,
    "operatingExpenses": 398381000,
    "costAndExpenses": 21992418000,
    "interestIncome": 0,
    "interestExpense": 0,
    "depreciationAndAmortization": 85954000,
    "ebitda": 5224212000,
    "ebitdaratio": 0.1925573841,
    "operatingIncome": 5138258000,
    "operatingIncomeRatio": 0.189389236,
    "totalOtherIncomeExpensesNet": 680800000,
    "incomeBeforeTax": 5819058000,
    "incomeBeforeTaxRatio": 0.2144826026,
    "incomeTaxExpense": 1362509000,
    "netIncome": 4430111000,
    "netIncomeRatio": 0.163287896,
    "eps": 14.28,
    "epsdiluted": 14.27,
    "weightedAverageShsOut": 306612000,
    "weightedAverageShsOutDil": 306612000,
    "link": "https://www.sec.gov/Archives/edgar/data/920760/000162828022001450/0001628280-22-001450-index.htm",
    "finalLink": "https://www.sec.gov/Archives/edgar/data/920760/000162828022001450/len-20211130.htm"
  },
  {
    "date": "2020-11-30",
    "symbol": "LEN",
    "reportedCurrency": "USD",
    "cik": "0000920760",
    "fillingDate": "2021-01-22",
    "acceptedDate": "2021-01-22 16:30:38",
    "calendarYear": "2020",
    "period": "FY",
    "revenue": 22488854000,
    "costOfRevenue": 19014746000,
    "grossProfit": 3474108000,
    "grossProfitRatio": 0.1544813266,
    "researchAndDevelopmentExpenses": 0,
    "generalAndAdministrativeExpenses": 333446000,
    "sellingAndMarketingExpenses": 0,
    "sellingGeneralAndAdministrativeExpenses": 333446000,
    "otherExpenses": 0,
    "operatingExpenses": 333446000,
    "costAndExpenses": 19348192000,
    "interestIncome": 0,
    "interestExpense": 22401000,
    "depreciationAndAmortization": 94553000,
    "ebitda": 3235215000,
    "ebitdaratio": 0.1438585977,
    "operatingIncome": 3140662000,
    "operatingIncomeRatio": 0.1396541593,
    "totalOtherIncomeExpensesNet": -16874000,
    "incomeBeforeTax": 3123788000,
    "incomeBeforeTaxRatio": 0.1389038321,
    "incomeTaxExpense": 656235000,
    "netIncome": 2465036000,
    "netIncomeRatio": 0.1096114546,
    "eps": 7.88,
    "epsdiluted": 7.85,
    "weightedAverageShsOut": 309406000,
    "weightedAverageShsOutDil": 309407000,
    "link": "https://www.sec.gov/Archives/edgar/data/920760/000162828021000722/0001628280-21-000722-index.htm",
    "finalLink": "https://www.sec.gov/Archives/edgar/data/920760/000162828021000722/len-20201130.htm"
  },
  {
    "date": "2019-11-30",
    "symbol": "LEN",
    "reportedCurrency": "USD",
    "cik": "0000920760",
    "fillingDate": "2020-01-27",
    "acceptedDate": "2020-01-27 16:40:35",
    "calendarYear": "2019",
    "period": "FY",
    "revenue": 22259561000,
    "costOfRevenue": 19457266000,
    "grossProfit": 2802295000,
    "grossProfitRatio": 0.125891746,
    "researchAndDevelopmentExpenses": 0,
    "generalAndAdministrativeExpenses": 321188000,
    "sellingAndMarketingExpenses": 0,
    "sellingGeneralAndAdministrativeExpenses": 321188000,
    "otherExpenses": 0,
    "operatingExpenses": 321188000,
    "costAndExpenses": 19778454000,
    "interestIncome": 0,
    "interestExpense": 17620000,
    "depreciationAndAmortization": 92200000,
    "ebitda": 2573307000,
    "ebitdaratio": 0.115604571,
    "operatingIncome": 2481107000,
    "operatingIncomeRatio": 0.1114625306,
    "totalOtherIncomeExpensesNet": -46815000,
    "incomeBeforeTax": 2434292000,
    "incomeBeforeTaxRatio": 0.1093593894,
    "incomeTaxExpense": 592173000,
    "netIncome": 1849052000,
    "netIncomeRatio": 0.0830677658,
    "eps": 5.76,
    "epsdiluted": 5.74,
    "weightedAverageShsOut": 318419000,
    "weightedAverageShsOutDil": 318422000,
    "link": "https://www.sec.gov/Archives/edgar/data/920760/000162828020000559/0001628280-20-000559-index.htm",
    "finalLink": "https://www.sec.gov/Archives/edgar/data/920760/000162828020000559/len-20191130x10k.htm"
  },
  {
    "date": "2018-11-30",
    "symbol": "LEN",
    "reportedCurrency": "USD",
    "cik": "0000920760",
    "fillingDate": "2019-01-28",
    "acceptedDate": "2019-01-28 17:11:06",
    "calendarYear": "2018",
    "period": "FY",
    "revenue": 20571631000,
    "costOfRevenue": 18237446000,
    "grossProfit": 2334185000,
    "grossProfitRatio": 0.1134662098,
    "researchAndDevelopmentExpenses": 0,
    "generalAndAdministrativeExpenses": 343934000,
    "sellingAndMarketingExpenses": 0,
    "sellingGeneralAndAdministrativeExpenses": 343934000,
    "otherExpenses": 0,
    "operatingExpenses": 343934000,
    "costAndExpenses": 18581380000,
    "interestIncome": 0,
    "interestExpense": 11258000,
    "depreciationAndAmortization": 91181000,
    "ebitda": 2081432000,
    "ebitdaratio": 0.1011797266,
    "operatingIncome": 1990251000,
    "operatingIncomeRatio": 0.0967473605,
    "totalOtherIncomeExpensesNet": 272433000,
    "incomeBeforeTax": 2262684000,
    "incomeBeforeTaxRatio": 0.109990501,
    "incomeTaxExpense": 545171000,
    "netIncome": 1695831000,
    "netIncomeRatio": 0.082435418,
    "eps": 5.46,
    "epsdiluted": 5.44,
    "weightedAverageShsOut": 307968000,
    "weightedAverageShsOutDil": 308565000,
    "link": "https://www.sec.gov/Archives/edgar/data/920760/000162828019000598/0001628280-19-000598-index.htm",
    "finalLink": "https://www.sec.gov/Archives/edgar/data/920760/000162828019000598/len-20181130x10k.htm"
  },
  {
    "date": "2017-11-30",
    "symbol": "LEN",
    "reportedCurrency": "USD",
    "cik": "0000920760",
    "fillingDate": "2018-01-25",
    "acceptedDate": "2018-01-24 18:43:27",
    "calendarYear": "2017",
    "period": "FY",
    "revenue": 12646365000,
    "costOfRevenue": 11021481000,
    "grossProfit": 1624884000,
    "grossProfitRatio": 0.1284862488,
    "researchAndDevelopmentExpenses": 0,
    "generalAndAdministrativeExpenses": 285889000,
    "sellingAndMarketingExpenses": 0,
    "sellingGeneralAndAdministrativeExpenses": 285889000,
    "otherExpenses": 0,
    "operatingExpenses": 285889000,
    "costAndExpenses": 11307370000,
    "interestIncome": 0,
    "interestExpense": 7164000,
    "depreciationAndAmortization": 66324000,
    "ebitda": 1405319000,
    "ebitdaratio": 0.1111243428,
    "operatingIncome": 1338995000,
    "operatingIncomeRatio": 0.1058798319,
    "totalOtherIncomeExpensesNet": -149384000,
    "incomeBeforeTax": 1189611000,
    "incomeBeforeTaxRatio": 0.0940674257,
    "incomeTaxExpense": 417857000,
    "netIncome": 810480000,
    "netIncomeRatio": 0.064087981,
    "eps": 3.38,
    "epsdiluted": 3.38,
    "weightedAverageShsOut": 237155000,
    "weightedAverageShsOutDil": 237156000,
    "link": "https://www.sec.gov/Archives/edgar/data/920760/000162828018000562/0001628280-18-000562-index.htm",
    "finalLink": "https://www.sec.gov/Archives/edgar/data/920760/000162828018000562/len-20171130x10k.htm"
  },
  {
    "date": "2016-11-30",
    "symbol": "LEN",
    "reportedCurrency": "USD",
    "cik": "0000920760",
    "fillingDate": "2017-01-20",
    "acceptedDate": "2017-01-20 16:27:11",
    "calendarYear": "2016",
    "period": "FY",
    "revenue": 10949999000,
    "costOfRevenue": 9455074000,
    "grossProfit": 1494925000,
    "grossProfitRatio": 0.1365228435,
    "researchAndDevelopmentExpenses": 0,
    "generalAndAdministrativeExpenses": 232562000,
    "sellingAndMarketingExpenses": 0,
    "sellingGeneralAndAdministrativeExpenses": 232562000,
    "otherExpenses": 0,
    "operatingExpenses": 232562000,
    "costAndExpenses": 9687636000,
    "interestIncome": 0,
    "interestExpense": 4626000,
    "depreciationAndAmortization": 50219000,
    "ebitda": 1312582000,
    "ebitdaratio": 0.1198705132,
    "operatingIncome": 1262363000,
    "operatingIncomeRatio": 0.1152843028,
    "totalOtherIncomeExpensesNet": 68106000,
    "incomeBeforeTax": 1330469000,
    "incomeBeforeTaxRatio": 0.1215040294,
    "incomeTaxExpense": 417378000,
    "netIncome": 911844000,
    "netIncomeRatio": 0.0832734323,
    "eps": 4.05,
    "epsdiluted": 3.85,
    "weightedAverageShsOut": 222789420,
    "weightedAverageShsOutDil": 235326240,
    "link": "https://www.sec.gov/Archives/edgar/data/920760/000162828017000327/0001628280-17-000327-index.htm",
    "finalLink": "https://www.sec.gov/Archives/edgar/data/920760/000162828017000327/len-20161130x10k.htm"
  },
  {
    "date": "2015-11-30",
    "symbol": "LEN",
    "reportedCurrency": "USD",
    "cik": "0000920760",
    "fillingDate": "2016-01-22",
    "acceptedDate": "2016-01-22 16:02:41",
    "calendarYear": "2015",
    "period": "FY",
    "revenue": 9474008000,
    "costOfRevenue": 8171748000,
    "grossProfit": 1302260000,
    "grossProfitRatio": 0.1374560798,
    "researchAndDevelopmentExpenses": 0,
    "generalAndAdministrativeExpenses": 216244000,
    "sellingAndMarketingExpenses": 0,
    "sellingGeneralAndAdministrativeExpenses": 216244000,
    "otherExpenses": 0,
    "operatingExpenses": 216244000,
    "costAndExpenses": 8387992000,
    "interestIncome": 0,
    "interestExpense": 12454000,
    "depreciationAndAmortization": 43666000,
    "ebitda": 1265736000,
    "ebitdaratio": 0.1336009005,
    "operatingIncome": 1086016000,
    "operatingIncomeRatio": 0.1146311044,
    "totalOtherIncomeExpensesNet": 123600000,
    "incomeBeforeTax": 1209616000,
    "incomeBeforeTaxRatio": 0.1276773252,
    "incomeTaxExpense": 390416000,
    "netIncome": 802894000,
    "netIncomeRatio": 0.0847470258,
    "eps": 3.79,
    "epsdiluted": 3.39,
    "weightedAverageShsOut": 209292780,
    "weightedAverageShsOutDil": 235428240,
    "link": "https://www.sec.gov/Archives/edgar/data/920760/000162828016010323/0001628280-16-010323-index.htm",
    "finalLink": "https://www.sec.gov/Archives/edgar/data/920760/000162828016010323/len-20151130x10k.htm"
  },
  {
    "date": "2014-11-30",
    "symbol": "LEN",
    "reportedCurrency": "USD",
    "cik": "0000920760",
    "fillingDate": "2015-01-23",
    "acceptedDate": "2015-01-23 08:51:37",
    "calendarYear": "2014",
    "period": "FY",
    "revenue": 7779812000,
    "costOfRevenue": 6680613000,
    "grossProfit": 1099199000,
    "grossProfitRatio": 0.1412886327,
    "researchAndDevelopmentExpenses": 0,
    "generalAndAdministrativeExpenses": 177161000,
    "sellingAndMarketingExpenses": 0,
    "sellingGeneralAndAdministrativeExpenses": 177161000,
    "otherExpenses": 0,
    "operatingExpenses": 177161000,
    "costAndExpenses": 6857774000,
    "interestIncome": 0,
    "interestExpense": 36551000,
    "depreciationAndAmortization": 38542000,
    "ebitda": 1044877000,
    "ebitdaratio": 0.1343062017,
    "operatingIncome": 922038000,
    "operatingIncomeRatio": 0.1185167456,
    "totalOtherIncomeExpensesNet": 47746000,
    "incomeBeforeTax": 969784000,
    "incomeBeforeTaxRatio": 0.1246539119,
    "incomeTaxExpense": 341091000,
    "netIncome": 638916000,
    "netIncomeRatio": 0.0821248637,
    "eps": 3.06,
    "epsdiluted": 2.75,
    "weightedAverageShsOut": 206253180,
    "weightedAverageShsOutDil": 232804800,
    "link": "https://www.sec.gov/Archives/edgar/data/920760/000162828015000218/0001628280-15-000218-index.htm",
    "finalLink": "https://www.sec.gov/Archives/edgar/data/920760/000162828015000218/len-20141130x10k.htm"
  },
  {
    "date": "2013-11-30",
    "symbol": "LEN",
    "reportedCurrency": "USD",
    "cik": "0000920760",
    "fillingDate": "2014-01-28",
    "acceptedDate": "2014-01-27 18:55:30",
    "calendarYear": "2013",
    "period": "FY",
    "revenue": 5935095000,
    "costOfRevenue": 5103199000,
    "grossProfit": 831896000,
    "grossProfitRatio": 0.1401655744,
    "researchAndDevelopmentExpenses": 0,
    "generalAndAdministrativeExpenses": 146060000,
    "sellingAndMarketingExpenses": 0,
    "sellingGeneralAndAdministrativeExpenses": 146060000,
    "otherExpenses": 0,
    "operatingExpenses": 146060000,
    "costAndExpenses": 5249259000,
    "interestIncome": 0,
    "interestExpense": 93913000,
    "depreciationAndAmortization": 30349000,
    "ebitda": 806203000,
    "ebitdaratio": 0.1358365789,
    "operatingIncome": 685836000,
    "operatingIncomeRatio": 0.1155560273,
    "totalOtherIncomeExpensesNet": -3895000,
    "incomeBeforeTax": 681941000,
    "incomeBeforeTaxRatio": 0.1148997615,
    "incomeTaxExpense": 177015000,
    "netIncome": 479674000,
    "netIncomeRatio": 0.0808199363,
    "eps": 2.43,
    "epsdiluted": 2.11,
    "weightedAverageShsOut": 194282460,
    "weightedAverageShsOutDil": 230438400,
    "link": "https://www.sec.gov/Archives/edgar/data/920760/000144530514000129/0001445305-14-000129-index.htm",
    "finalLink": "https://www.sec.gov/Archives/edgar/data/920760/000144530514000129/len-20131130x10k.htm"
  },
  {
    "date": "2012-11-30",
    "symbol": "LEN",
    "reportedCurrency": "USD",
    "cik": "0000920760",
    "fillingDate": "2013-02-06",
    "acceptedDate": "2013-02-06 16:55:50",
    "calendarYear": "2012",
    "period": "FY",
    "revenue": 4105132000,
    "costOfRevenue": 3661498000,
    "grossProfit": 443634000,
    "grossProfitRatio": 0.1080681449,
    "researchAndDevelopmentExpenses": 0,
    "generalAndAdministrativeExpenses": 127338000,
    "sellingAndMarketingExpenses": 0,
    "sellingGeneralAndAdministrativeExpenses": 127338000,
    "otherExpenses": 0,
    "operatingExpenses": 127338000,
    "costAndExpenses": 3788836000,
    "interestIncome": 0,
    "interestExpense": 94353000,
    "depreciationAndAmortization": 28081000,
    "ebitda": 344548000,
    "ebitdaratio": 0.0839310405,
    "operatingIncome": 316296000,
    "operatingIncomeRatio": 0.0770489232,
    "totalOtherIncomeExpensesNet": -94182000,
    "incomeBeforeTax": 222114000,
    "incomeBeforeTaxRatio": 0.0541064209,
    "incomeTaxExpense": -435218000,
    "netIncome": 679124000,
    "netIncomeRatio": 0.1654329264,
    "eps": 3.51,
    "epsdiluted": 3.05,
    "weightedAverageShsOut": 190395240,
    "weightedAverageShsOutDil": 223068900,
    "link": "https://www.sec.gov/Archives/edgar/data/920760/000144530513000166/0001445305-13-000166-index.htm",
    "finalLink": "https://www.sec.gov/Archives/edgar/data/920760/000144530513000166/len20121130-10ka.htm"
  },
  {
    "date": "2011-11-30",
    "symbol": "LEN",
    "reportedCurrency": "USD",
    "cik": "0000920760",
    "fillingDate": "2012-01-30",
    "acceptedDate": "2012-01-30 17:12:21",
    "calendarYear": "2011",
    "period": "FY",
    "revenue": 3095385000,
    "costOfRevenue": 2896656000,
    "grossProfit": 198729000,
    "grossProfitRatio": 0.0642017067,
    "researchAndDevelopmentExpenses": 0,
    "generalAndAdministrativeExpenses": 95256000,
    "sellingAndMarketingExpenses": 0,
    "sellingGeneralAndAdministrativeExpenses": 95256000,
    "otherExpenses": 0,
    "operatingExpenses": 95256000,
    "costAndExpenses": 2991912000,
    "interestIncome": 0,
    "interestExpense": 90650000,
    "depreciationAndAmortization": 21500000,
    "ebitda": 210124000,
    "ebitdaratio": 0.0678829936,
    "operatingIncome": 103473000,
    "operatingIncomeRatio": 0.0334281519,
    "totalOtherIncomeExpensesNet": -5499000,
    "incomeBeforeTax": 97974000,
    "incomeBeforeTaxRatio": 0.0316516362,
    "incomeTaxExpense": -14570000,
    "netIncome": 92199000,
    "netIncomeRatio": 0.0297859555,
    "eps": 0.48,
    "epsdiluted": 0.47,
    "weightedAverageShsOut": 188231820,
    "weightedAverageShsOutDil": 199088700,
    "link": "https://www.sec.gov/Archives/edgar/data/920760/000119312512029792/0001193125-12-029792-index.htm",
    "finalLink": "https://www.sec.gov/Archives/edgar/data/920760/000119312512029792/d257946d10k.htm"
  },
  {
    "date": "2010-11-30",
    "symbol": "LEN",
    "reportedCurrency": "USD",
    "cik": "0000920760",
    "fillingDate": "2011-01-31",
    "acceptedDate": "2011-01-31 16:43:34",
    "calendarYear": "2010",
    "period": "FY",
    "revenue": 3074022000,
    "costOfRevenue": 2855729000,
    "grossProfit": 218293000,
    "grossProfitRatio": 0.0710121788,
    "researchAndDevelopmentExpenses": 0,
    "generalAndAdministrativeExpenses": 0,
    "sellingAndMarketingExpenses": 0,
    "sellingGeneralAndAdministrativeExpenses": 93926000,
    "otherExpenses": 0,
    "operatingExpenses": 93926000,
    "costAndExpenses": 2949655000,
    "interestIncome": 0,
    "interestExpense": 70425000,
    "depreciationAndAmortization": 13520000,
    "ebitda": 178670000,
    "ebitdaratio": 0.0581225508,
    "operatingIncome": 124367000,
    "operatingIncomeRatio": 0.0404574203,
    "totalOtherIncomeExpensesNet": -29642000,
    "incomeBeforeTax": 94725000,
    "incomeBeforeTaxRatio": 0.0308146786,
    "incomeTaxExpense": -25734000,
    "netIncome": 95261000,
    "netIncomeRatio": 0.030989043,
    "eps": 0.5,
    "epsdiluted": 0.5,
    "weightedAverageShsOut": 186619200,
    "weightedAverageShsOutDil": 192634140,
    "link": "https://www.sec.gov/Archives/edgar/data/920760/000119312511018957/0001193125-11-018957-index.htm",
    "finalLink": "https://www.sec.gov/Archives/edgar/data/920760/000119312511018957/d10k.htm"
  },
  {
    "date": "2009-11-30",
    "symbol": "LEN",
    "reportedCurrency": "USD",
    "cik": "0000920760",
    "fillingDate": "2010-01-29",
    "acceptedDate": "2010-01-29 17:18:47",
    "calendarYear": "2009",
    "period": "FY",
    "revenue": 3119387000,
    "costOfRevenue": 3462034000,
    "grossProfit": -342647000,
    "grossProfitRatio": -0.109844338,
    "researchAndDevelopmentExpenses": 0,
    "generalAndAdministrativeExpenses": 0,
    "sellingAndMarketingExpenses": 0,
    "sellingGeneralAndAdministrativeExpenses": 117565000,
    "otherExpenses": 0,
    "operatingExpenses": 117565000,
    "costAndExpenses": 3579599000,
    "interestIncome": 28912000,
    "interestExpense": 70850000,
    "depreciationAndAmortization": 19905000,
    "ebitda": -669649000,
    "ebitdaratio": -0.2146732675,
    "operatingIncome": -460212000,
    "operatingIncomeRatio": -0.1475328326,
    "totalOtherIncomeExpensesNet": -300192000,
    "incomeBeforeTax": -760404000,
    "incomeBeforeTaxRatio": -0.2437671248,
    "incomeTaxExpense": -314345000,
    "netIncome": -417147000,
    "netIncomeRatio": -0.1337272355,
    "eps": -2.4,
    "epsdiluted": -2.4,
    "weightedAverageShsOut": 173947740,
    "weightedAverageShsOutDil": 173947740,
    "link": "https://www.sec.gov/Archives/edgar/data/920760/000119312510017215/0001193125-10-017215-index.htm",
    "finalLink": "https://www.sec.gov/Archives/edgar/data/920760/000119312510017215/d10k.htm"
  },
  {
    "date": "2008-11-30",
    "symbol": "LEN",
    "reportedCurrency": "USD",
    "cik": "0000920760",
    "fillingDate": "2009-01-27",
    "acceptedDate": "2009-01-27 07:29:21",
    "calendarYear": "2008",
    "period": "FY",
    "revenue": 4575417000,
    "costOfRevenue": 4885250000,
    "grossProfit": -309833000,
    "grossProfitRatio": -0.0677168879,
    "researchAndDevelopmentExpenses": 0,
    "generalAndAdministrativeExpenses": 0,
    "sellingAndMarketingExpenses": 0,
    "sellingGeneralAndAdministrativeExpenses": 129752000,
    "otherExpenses": 0,
    "operatingExpenses": 129752000,
    "costAndExpenses": 5015002000,
    "interestIncome": 0,
    "interestExpense": 27594000,
    "depreciationAndAmortization": 32399000,
    "ebitda": -505632000,
    "ebitdaratio": -0.110510583,
    "operatingIncome": -439585000,
    "operatingIncomeRatio": -0.096075396,
    "totalOtherIncomeExpensesNet": -126040000,
    "incomeBeforeTax": -565625000,
    "incomeBeforeTaxRatio": -0.1236226119,
    "incomeTaxExpense": 547557000,
    "netIncome": -1109085000,
    "netIncomeRatio": -0.2424008566,
    "eps": -6.86,
    "epsdiluted": -6.86,
    "weightedAverageShsOut": 161562900,
    "weightedAverageShsOutDil": 161562900,
    "link": "https://www.sec.gov/Archives/edgar/data/920760/000119312509011559/0001193125-09-011559-index.htm",
    "finalLink": "https://www.sec.gov/Archives/edgar/data/920760/000119312509011559/d10k.htm"
  },
  {
    "date": "2007-11-30",
    "symbol": "LEN",
    "reportedCurrency": "USD",
    "cik": "0000920760",
    "fillingDate": "2008-01-29",
    "acceptedDate": "2008-01-29 17:00:05",
    "calendarYear": "2007",
    "period": "FY",
    "revenue": 10186781000,
    "costOfRevenue": 12639486000,
    "grossProfit": -2452705000,
    "grossProfitRatio": -0.240773312,
    "researchAndDevelopmentExpenses": 0,
    "generalAndAdministrativeExpenses": 0,
    "sellingAndMarketingExpenses": 0,
    "sellingGeneralAndAdministrativeExpenses": 173202000,
    "otherExpenses": 0,
    "operatingExpenses": 173202000,
    "costAndExpenses": 12812688000,
    "interestIncome": 0,
    "interestExpense": 0,
    "depreciationAndAmortization": 56764000,
    "ebitda": -2569143000,
    "ebitdaratio": -0.2522036156,
    "operatingIncome": -2625907000,
    "operatingIncomeRatio": -0.2577759353,
    "totalOtherIncomeExpensesNet": -455174000,
    "incomeBeforeTax": -3081081000,
    "incomeBeforeTaxRatio": -0.3024587453,
    "incomeTaxExpense": -1140000000,
    "netIncome": -1941081000,
    "netIncomeRatio": -0.1905490066,
    "eps": -12.07,
    "epsdiluted": -12.07,
    "weightedAverageShsOut": 160836931,
    "weightedAverageShsOutDil": 160836931,
    "link": "https://www.sec.gov/Archives/edgar/data/920760/000119312508014540/0001193125-08-014540-index.htm",
    "finalLink": "https://www.sec.gov/Archives/edgar/data/920760/000119312508014540/d10k.htm"
  },
  {
    "date": "2006-11-30",
    "symbol": "LEN",
    "reportedCurrency": "USD",
    "cik": "0000920760",
    "fillingDate": "2007-02-08",
    "acceptedDate": "2007-02-08 17:23:27",
    "calendarYear": "2006",
    "period": "FY",
    "revenue": 16266662000,
    "costOfRevenue": 15171384000,
    "grossProfit": 1095278000,
    "grossProfitRatio": 0.0673326833,
    "researchAndDevelopmentExpenses": 0,
    "generalAndAdministrativeExpenses": 0,
    "sellingAndMarketingExpenses": 0,
    "sellingGeneralAndAdministrativeExpenses": 193307000,
    "otherExpenses": 0,
    "operatingExpenses": 193307000,
    "costAndExpenses": 15364691000,
    "interestIncome": 0,
    "interestExpense": 0,
    "depreciationAndAmortization": 50011000,
    "ebitda": 951982000,
    "ebitdaratio": 0.0585235004,
    "operatingIncome": 901971000,
    "operatingIncomeRatio": 0.0554490528,
    "totalOtherIncomeExpensesNet": 40678000,
    "incomeBeforeTax": 942649000,
    "incomeBeforeTaxRatio": 0.0579497502,
    "incomeTaxExpense": 348780000,
    "netIncome": 593869000,
    "netIncomeRatio": 0.0365083506,
    "eps": 3.69,
    "epsdiluted": 3.62,
    "weightedAverageShsOut": 161102761,
    "weightedAverageShsOutDil": 164158911,
    "link": "https://www.sec.gov/Archives/edgar/data/920760/000119312507024341/0001193125-07-024341-index.htm",
    "finalLink": "https://www.sec.gov/Archives/edgar/data/920760/000119312507024341/d10k.htm"
  },
  {
    "date": "2005-11-30",
    "symbol": "LEN",
    "reportedCurrency": "USD",
    "cik": "0000920760",
    "fillingDate": "2006-08-08",
    "acceptedDate": "2006-08-08 17:14:58",
    "calendarYear": "2005",
    "period": "FY",
    "revenue": 13866971000,
    "costOfRevenue": 11672848000,
    "grossProfit": 2194123000,
    "grossProfitRatio": 0.1582265514,
    "researchAndDevelopmentExpenses": 0,
    "generalAndAdministrativeExpenses": 0,
    "sellingAndMarketingExpenses": 0,
    "sellingGeneralAndAdministrativeExpenses": 187257000,
    "otherExpenses": 0,
    "operatingExpenses": 187257000,
    "costAndExpenses": 11860105000,
    "interestIncome": 0,
    "interestExpense": 0,
    "depreciationAndAmortization": 72642000,
    "ebitda": 2079508000,
    "ebitdaratio": 0.149961228,
    "operatingIncome": 2006866000,
    "operatingIncomeRatio": 0.1447227372,
    "totalOtherIncomeExpensesNet": 152828000,
    "incomeBeforeTax": 2159694000,
    "incomeBeforeTaxRatio": 0.1557437453,
    "incomeTaxExpense": 815284000,
    "netIncome": 1355155000,
    "netIncomeRatio": 0.0977253792,
    "eps": 8.43,
    "epsdiluted": 8.07,
    "weightedAverageShsOut": 157895184,
    "weightedAverageShsOutDil": 167953597,
    "link": "https://www.sec.gov/Archives/edgar/data/920760/000119312506165938/0001193125-06-165938-index.htm",
    "finalLink": "https://www.sec.gov/Archives/edgar/data/920760/000119312506165938/d10ka.htm"
  },
  {
    "date": "2004-11-30",
    "symbol": "LEN",
    "reportedCurrency": "USD",
    "cik": "0000920760",
    "fillingDate": "2005-02-14",
    "acceptedDate": "2005-02-11 21:32:09",
    "calendarYear": "2004",
    "period": "FY",
    "revenue": 10500968000,
    "costOfRevenue": 9019372000,
    "grossProfit": 1481596000,
    "grossProfitRatio": 0.1410913737,
    "researchAndDevelopmentExpenses": 0,
    "generalAndAdministrativeExpenses": 0,
    "sellingAndMarketingExpenses": 0,
    "sellingGeneralAndAdministrativeExpenses": 141722000,
    "otherExpenses": 0,
    "operatingExpenses": 141722000,
    "costAndExpenses": 9161094000,
    "interestIncome": 0,
    "interestExpense": 0,
    "depreciationAndAmortization": 73286000,
    "ebitda": 1413160000,
    "ebitdaratio": 0.1345742602,
    "operatingIncome": 1339874000,
    "operatingIncomeRatio": 0.1275952845,
    "totalOtherIncomeExpensesNet": 177623000,
    "incomeBeforeTax": 1517497000,
    "incomeBeforeTaxRatio": 0.1445102013,
    "incomeTaxExpense": 572855000,
    "netIncome": 945619000,
    "netIncomeRatio": 0.0900506506,
    "eps": 5.97,
    "epsdiluted": 5.59,
    "weightedAverageShsOut": 158379537,
    "weightedAverageShsOutDil": 169216032,
    "link": "https://www.sec.gov/Archives/edgar/data/920760/000119312505027428/0001193125-05-027428-index.htm",
    "finalLink": "https://www.sec.gov/Archives/edgar/data/920760/000119312505027428/d10k.htm"
  },
  {
    "date": "2003-11-30",
    "symbol": "LEN",
    "reportedCurrency": "USD",
    "cik": "0000920760",
    "fillingDate": "2004-03-01",
    "acceptedDate": "2004-03-01 16:43:17",
    "calendarYear": "2003",
    "period": "FY",
    "revenue": 8907619000,
    "costOfRevenue": 7692877000,
    "grossProfit": 1214742000,
    "grossProfitRatio": 0.1363711223,
    "researchAndDevelopmentExpenses": 0,
    "generalAndAdministrativeExpenses": 0,
    "sellingAndMarketingExpenses": 0,
    "sellingGeneralAndAdministrativeExpenses": 111488000,
    "otherExpenses": 0,
    "operatingExpenses": 111488000,
    "costAndExpenses": 7804365000,
    "interestIncome": 0,
    "interestExpense": 0,
    "depreciationAndAmortization": 75911000,
    "ebitda": 1179165000,
    "ebitdaratio": 0.1323771257,
    "operatingIncome": 1103254000,
    "operatingIncomeRatio": 0.1238550953,
    "totalOtherIncomeExpensesNet": 103800000,
    "incomeBeforeTax": 1207054000,
    "incomeBeforeTaxRatio": 0.1355080409,
    "incomeTaxExpense": 455663000,
    "netIncome": 751391000,
    "netIncomeRatio": 0.0843537426,
    "eps": 5,
    "epsdiluted": 4.56,
    "weightedAverageShsOut": 150278200,
    "weightedAverageShsOutDil": 164821252,
    "link": "https://www.sec.gov/Archives/edgar/data/920760/000119312504032317/0001193125-04-032317-index.htm",
    "finalLink": "https://www.sec.gov/Archives/edgar/data/920760/000119312504032317/d10k.htm"
  },
  {
    "date": "2002-11-30",
    "symbol": "LEN",
    "reportedCurrency": "USD",
    "cik": "0000920760",
    "fillingDate": "2003-02-28",
    "acceptedDate": "2003-02-28 17:21:00",
    "calendarYear": "2002",
    "period": "FY",
    "revenue": 7235520000,
    "costOfRevenue": 6349817000,
    "grossProfit": 885703000,
    "grossProfitRatio": 0.1224104142,
    "researchAndDevelopmentExpenses": 0,
    "generalAndAdministrativeExpenses": 0,
    "sellingAndMarketingExpenses": 0,
    "sellingGeneralAndAdministrativeExpenses": 85958000,
    "otherExpenses": 0,
    "operatingExpenses": 85958000,
    "costAndExpenses": 6435775000,
    "interestIncome": 0,
    "interestExpense": 0,
    "depreciationAndAmortization": 72389000,
    "ebitda": 872134000,
    "ebitdaratio": 0.1205350825,
    "operatingIncome": 799745000,
    "operatingIncomeRatio": 0.1105304111,
    "totalOtherIncomeExpensesNet": 75964000,
    "incomeBeforeTax": 875709000,
    "incomeBeforeTaxRatio": 0.1210291727,
    "incomeTaxExpense": 330580000,
    "netIncome": 545129000,
    "netIncomeRatio": 0.0753406804,
    "eps": 3.8,
    "epsdiluted": 3.44,
    "weightedAverageShsOut": 143307108,
    "weightedAverageShsOutDil": 158413556,
    "link": "https://www.sec.gov/Archives/edgar/data/920760/000093176303000421/0000931763-03-000421-index.htm",
    "finalLink": "https://www.sec.gov/Archives/edgar/data/920760/000093176303000421/d10k.htm"
  },
  {
    "date": "2001-11-30",
    "symbol": "LEN",
    "reportedCurrency": "USD",
    "cik": "0000920760",
    "fillingDate": "2002-02-28",
    "acceptedDate": "2002-02-28 00:00:00",
    "calendarYear": "2001",
    "period": "FY",
    "revenue": 5980101000,
    "costOfRevenue": 5270294000,
    "grossProfit": 709807000,
    "grossProfitRatio": 0.118694818,
    "researchAndDevelopmentExpenses": 0,
    "generalAndAdministrativeExpenses": 0,
    "sellingAndMarketingExpenses": 0,
    "sellingGeneralAndAdministrativeExpenses": 75831000,
    "otherExpenses": 0,
    "operatingExpenses": 75831000,
    "costAndExpenses": 5346125000,
    "interestIncome": 0,
    "interestExpense": 0,
    "depreciationAndAmortization": 68670000,
    "ebitda": 702646000,
    "ebitdaratio": 0.1174973466,
    "operatingIncome": 633976000,
    "operatingIncomeRatio": 0.106014263,
    "totalOtherIncomeExpensesNet": 45447000,
    "incomeBeforeTax": 679423000,
    "incomeBeforeTaxRatio": 0.1136139674,
    "incomeTaxExpense": 261578000,
    "netIncome": 417845000,
    "netIncomeRatio": 0.0698725657,
    "eps": 2.97,
    "epsdiluted": 2.68,
    "weightedAverageShsOut": 140576400,
    "weightedAverageShsOutDil": 156117912,
    "link": "https://www.sec.gov/Archives/edgar/data/920760/000093176302000536/0000931763-02-000536-index.htm",
    "finalLink": "https://www.sec.gov/Archives/edgar/data/920760/000093176302000536/d10k.txt"
  },
  {
    "date": "2000-11-30",
    "symbol": "LEN",
    "reportedCurrency": "USD",
    "cik": "0000920760",
    "fillingDate": "2001-02-28",
    "acceptedDate": "2001-02-28 00:00:00",
    "calendarYear": "2000",
    "period": "FY",
    "revenue": 4706968000,
    "costOfRevenue": 4124046000,
    "grossProfit": 582922000,
    "grossProfitRatio": 0.1238423546,
    "researchAndDevelopmentExpenses": 0,
    "generalAndAdministrativeExpenses": 0,
    "sellingAndMarketingExpenses": 0,
    "sellingGeneralAndAdministrativeExpenses": 50155000,
    "otherExpenses": 58531000,
    "operatingExpenses": 108686000,
    "costAndExpenses": 4232732000,
    "interestIncome": 0,
    "interestExpense": 0,
    "depreciationAndAmortization": 58531000,
    "ebitda": 532767000,
    "ebitdaratio": 0.1131868753,
    "operatingIncome": 474236000,
    "operatingIncomeRatio": 0.1007519065,
    "totalOtherIncomeExpensesNet": -98601000,
    "incomeBeforeTax": 375635000,
    "incomeBeforeTaxRatio": 0.0798040267,
    "incomeTaxExpense": 146498000,
    "netIncome": 229137000,
    "netIncomeRatio": 0.0486803819,
    "eps": 1.78,
    "epsdiluted": 1.62,
    "weightedAverageShsOut": 128545857,
    "weightedAverageShsOutDil": 141259184,
    "link": "https://www.sec.gov/Archives/edgar/data/920760/000095017001000281/0000950170-01-000281-index.htm",
    "finalLink": "https://www.sec.gov/Archives/edgar/data/920760/000095017001000281/0000950170-01-000281-0001.txt"
  },
  {
    "date": "1999-11-30",
    "symbol": "LEN",
    "reportedCurrency": "USD",
    "cik": "0000920760",
    "fillingDate": "2000-02-28",
    "acceptedDate": "2000-02-28 00:00:00",
    "calendarYear": "1999",
    "period": "FY",
    "revenue": 3118500000,
    "costOfRevenue": 2698900000,
    "grossProfit": 419600000,
    "grossProfitRatio": 0.1345518679,
    "researchAndDevelopmentExpenses": 0,
    "generalAndAdministrativeExpenses": 0,
    "sellingAndMarketingExpenses": 0,
    "sellingGeneralAndAdministrativeExpenses": 37600000,
    "otherExpenses": 47700000,
    "operatingExpenses": 85300000,
    "costAndExpenses": 2784200000,
    "interestIncome": 0,
    "interestExpense": 0,
    "depreciationAndAmortization": 47700000,
    "ebitda": 382000000,
    "ebitdaratio": 0.1224947892,
    "operatingIncome": 334300000,
    "operatingIncomeRatio": 0.1071989739,
    "totalOtherIncomeExpensesNet": -48800000,
    "incomeBeforeTax": 285500000,
    "incomeBeforeTaxRatio": 0.0915504249,
    "incomeTaxExpense": 112800000,
    "netIncome": 172700000,
    "netIncomeRatio": 0.0553791887,
    "eps": 1.32,
    "epsdiluted": 1.22,
    "weightedAverageShsOut": 130484444,
    "weightedAverageShsOutDil": 141437518,
    "link": "https://www.sec.gov/Archives/edgar/data/920760/000095017000000300/0000950170-00-000300-index.htm",
    "finalLink": "https://www.sec.gov/Archives/edgar/data/920760/000095017000000300/"
  },
  {
    "date": "1998-11-30",
    "symbol": "LEN",
    "reportedCurrency": "USD",
    "cik": "0000920760",
    "fillingDate": "1998-11-30",
    "acceptedDate": "1998-11-29 19:00:00",
    "calendarYear": "1998",
    "period": "FY",
    "revenue": 2416900000,
    "costOfRevenue": 2075800000,
    "grossProfit": 341100000,
    "grossProfitRatio": 0.1411312011,
    "researchAndDevelopmentExpenses": 0,
    "generalAndAdministrativeExpenses": 0,
    "sellingAndMarketingExpenses": 0,
    "sellingGeneralAndAdministrativeExpenses": 29000000,
    "otherExpenses": 24400000,
    "operatingExpenses": 53400000,
    "costAndExpenses": 2129200000,
    "interestIncome": 0,
    "interestExpense": 0,
    "depreciationAndAmortization": 24400000,
    "ebitda": 312100000,
    "ebitdaratio": 0.1291323596,
    "operatingIncome": 287700000,
    "operatingIncomeRatio": 0.1190367827,
    "totalOtherIncomeExpensesNet": -47600000,
    "incomeBeforeTax": 240100000,
    "incomeBeforeTaxRatio": 0.0993421325,
    "incomeTaxExpense": 96000000,
    "netIncome": 144100000,
    "netIncomeRatio": 0.0596218296,
    "eps": 1.27,
    "epsdiluted": 1.22,
    "weightedAverageShsOut": 113499614,
    "weightedAverageShsOutDil": 118057831,
    "link": "",
    "finalLink": ""
  },
  {
    "date": "1997-11-30",
    "symbol": "LEN",
    "reportedCurrency": "USD",
    "cik": "0000920760",
    "fillingDate": "1997-11-30",
    "acceptedDate": "1997-11-29 19:00:00",
    "calendarYear": "1997",
    "period": "FY",
    "revenue": 1303100000,
    "costOfRevenue": 1138300000,
    "grossProfit": 164800000,
    "grossProfitRatio": 0.1264676541,
    "researchAndDevelopmentExpenses": 0,
    "generalAndAdministrativeExpenses": 0,
    "sellingAndMarketingExpenses": 0,
    "sellingGeneralAndAdministrativeExpenses": 15900000,
    "otherExpenses": 9000000,
    "operatingExpenses": 24900000,
    "costAndExpenses": 1163200000,
    "interestIncome": 0,
    "interestExpense": 0,
    "depreciationAndAmortization": 9000000,
    "ebitda": 148900000,
    "ebitdaratio": 0.1142659811,
    "operatingIncome": 139900000,
    "operatingIncomeRatio": 0.1073593738,
    "totalOtherIncomeExpensesNet": -54200000,
    "incomeBeforeTax": 85700000,
    "incomeBeforeTaxRatio": 0.0657662497,
    "incomeTaxExpense": 35100000,
    "netIncome": 84400000,
    "netIncomeRatio": 0.0647686287,
    "eps": 1.1,
    "epsdiluted": 1.09,
    "weightedAverageShsOut": 76522667,
    "weightedAverageShsOutDil": 77208969,
    "link": "",
    "finalLink": ""
  },
  {
    "date": "1996-12-31",
    "symbol": "LEN",
    "reportedCurrency": "USD",
    "cik": "0000920760",
    "fillingDate": "1997-09-26",
    "acceptedDate": "1997-09-26 00:00:00",
    "calendarYear": "1996",
    "period": "FY",
    "revenue": 1041700000,
    "costOfRevenue": 909900000,
    "grossProfit": 131800000,
    "grossProfitRatio": 0.1265239512,
    "researchAndDevelopmentExpenses": 0,
    "generalAndAdministrativeExpenses": 0,
    "sellingAndMarketingExpenses": 0,
    "sellingGeneralAndAdministrativeExpenses": 12400000,
    "otherExpenses": 12000000,
    "operatingExpenses": 24400000,
    "costAndExpenses": 934300000,
    "interestIncome": 0,
    "interestExpense": 0,
    "depreciationAndAmortization": 12000000,
    "ebitda": 119400000,
    "ebitdaratio": 0.1146203321,
    "operatingIncome": 107400000,
    "operatingIncomeRatio": 0.1031007008,
    "totalOtherIncomeExpensesNet": -23000000,
    "incomeBeforeTax": 84400000,
    "incomeBeforeTaxRatio": 0.0810214073,
    "incomeTaxExpense": 32900000,
    "netIncome": 88000000,
    "netIncomeRatio": 0.0844772967,
    "eps": 1.2,
    "epsdiluted": 1.19,
    "weightedAverageShsOut": 73273469,
    "weightedAverageShsOutDil": 73876543,
    "link": "https://www.sec.gov/Archives/edgar/data/920760/000091205797004075/0000912057-97-004075-index.htm",
    "finalLink": "https://www.sec.gov/Archives/edgar/data/920760/000091205797004075/"
  },
  {
    "date": "1995-11-30",
    "symbol": "LEN",
    "reportedCurrency": "USD",
    "cik": "0000920760",
    "fillingDate": "1995-11-30",
    "acceptedDate": "1995-11-30 00:00:00",
    "calendarYear": "1995",
    "period": "FY",
    "revenue": 870500000,
    "costOfRevenue": 714900000,
    "grossProfit": 155600000,
    "grossProfitRatio": 0.1787478461,
    "researchAndDevelopmentExpenses": 0,
    "generalAndAdministrativeExpenses": 0,
    "sellingAndMarketingExpenses": 0,
    "sellingGeneralAndAdministrativeExpenses": 10500000,
    "otherExpenses": 10300000,
    "operatingExpenses": 20800000,
    "costAndExpenses": 735700000,
    "interestIncome": 0,
    "interestExpense": 0,
    "depreciationAndAmortization": 10300000,
    "ebitda": 145100000,
    "ebitdaratio": 0.1666858128,
    "operatingIncome": 134800000,
    "operatingIncomeRatio": 0.1548535325,
    "totalOtherIncomeExpensesNet": -19400000,
    "incomeBeforeTax": 115400000,
    "incomeBeforeTaxRatio": 0.1325674899,
    "incomeTaxExpense": 45000000,
    "netIncome": 70400000,
    "netIncomeRatio": 0.0808730615,
    "eps": 0.96,
    "epsdiluted": 0.96,
    "weightedAverageShsOut": 73649231,
    "weightedAverageShsOutDil": 73649231,
    "link": null,
    "finalLink": null
  },
  {
    "date": "1994-11-30",
    "symbol": "LEN",
    "reportedCurrency": "USD",
    "cik": "0000920760",
    "fillingDate": "1994-11-30",
    "acceptedDate": "1994-11-30 00:00:00",
    "calendarYear": "1994",
    "period": "FY",
    "revenue": 817900000,
    "costOfRevenue": 672000000,
    "grossProfit": 145900000,
    "grossProfitRatio": 0.1783836655,
    "researchAndDevelopmentExpenses": 0,
    "generalAndAdministrativeExpenses": 0,
    "sellingAndMarketingExpenses": 0,
    "sellingGeneralAndAdministrativeExpenses": 10300000,
    "otherExpenses": 8400000,
    "operatingExpenses": 18700000,
    "costAndExpenses": 690700000,
    "interestIncome": 0,
    "interestExpense": 0,
    "depreciationAndAmortization": 8400000,
    "ebitda": 135600000,
    "ebitdaratio": 0.1657904389,
    "operatingIncome": 127200000,
    "operatingIncomeRatio": 0.1555202347,
    "totalOtherIncomeExpensesNet": -15400000,
    "incomeBeforeTax": 111800000,
    "incomeBeforeTaxRatio": 0.1366915271,
    "incomeTaxExpense": 43600000,
    "netIncome": 69200000,
    "netIncomeRatio": 0.0846069202,
    "eps": 0.94,
    "epsdiluted": 0.94,
    "weightedAverageShsOut": 73525000,
    "weightedAverageShsOutDil": 73525000,
    "link": null,
    "finalLink": null
  },
  {
    "date": "1993-11-30",
    "symbol": "LEN",
    "reportedCurrency": "USD",
    "cik": "0000920760",
    "fillingDate": "1993-11-30",
    "acceptedDate": "1993-11-30 00:00:00",
    "calendarYear": "1993",
    "period": "FY",
    "revenue": 666900000,
    "costOfRevenue": 546800000,
    "grossProfit": 120100000,
    "grossProfitRatio": 0.1800869696,
    "researchAndDevelopmentExpenses": 0,
    "generalAndAdministrativeExpenses": 0,
    "sellingAndMarketingExpenses": 0,
    "sellingGeneralAndAdministrativeExpenses": 28100000,
    "otherExpenses": 10000000,
    "operatingExpenses": 38100000,
    "costAndExpenses": 584900000,
    "interestIncome": 0,
    "interestExpense": 0,
    "depreciationAndAmortization": 10000000,
    "ebitda": 92000000,
    "ebitdaratio": 0.1379517169,
    "operatingIncome": 82000000,
    "operatingIncomeRatio": 0.1229569651,
    "totalOtherIncomeExpensesNet": 0,
    "incomeBeforeTax": 82000000,
    "incomeBeforeTaxRatio": 0.1229569651,
    "incomeTaxExpense": 29500000,
    "netIncome": 52500000,
    "netIncomeRatio": 0.0787224471,
    "eps": 0.74,
    "epsdiluted": 0.74,
    "weightedAverageShsOut": 70927152,
    "weightedAverageShsOutDil": 70927152,
    "link": null,
    "finalLink": null
  },
  {
    "date": "1992-11-30",
    "symbol": "LEN",
    "reportedCurrency": "USD",
    "cik": "0000920760",
    "fillingDate": "1992-11-30",
    "acceptedDate": "1992-11-30 00:00:00",
    "calendarYear": "1992",
    "period": "FY",
    "revenue": 429400000,
    "costOfRevenue": 345400000,
    "grossProfit": 84000000,
    "grossProfitRatio": 0.1956217979,
    "researchAndDevelopmentExpenses": 0,
    "generalAndAdministrativeExpenses": 0,
    "sellingAndMarketingExpenses": 0,
    "sellingGeneralAndAdministrativeExpenses": 20400000,
    "otherExpenses": 10600000,
    "operatingExpenses": 31000000,
    "costAndExpenses": 376400000,
    "interestIncome": 0,
    "interestExpense": 0,
    "depreciationAndAmortization": 10600000,
    "ebitda": 63600000,
    "ebitdaratio": 0.1481136469,
    "operatingIncome": 53000000,
    "operatingIncomeRatio": 0.1234280391,
    "totalOtherIncomeExpensesNet": -7700000,
    "incomeBeforeTax": 45300000,
    "incomeBeforeTaxRatio": 0.105496041,
    "incomeTaxExpense": 16200000,
    "netIncome": 29100000,
    "netIncomeRatio": 0.06776898,
    "eps": 0.47,
    "epsdiluted": 0.47,
    "weightedAverageShsOut": 62488421,
    "weightedAverageShsOutDil": 62488421,
    "link": null,
    "finalLink": null
  },
  {
    "date": "1991-11-30",
    "symbol": "LEN",
    "reportedCurrency": "USD",
    "cik": "0000920760",
    "fillingDate": "1991-11-30",
    "acceptedDate": "1991-11-30 00:00:00",
    "calendarYear": "1991",
    "period": "FY",
    "revenue": 325700000,
    "costOfRevenue": 268100000,
    "grossProfit": 57600000,
    "grossProfitRatio": 0.1768498618,
    "researchAndDevelopmentExpenses": 0,
    "generalAndAdministrativeExpenses": 0,
    "sellingAndMarketingExpenses": 0,
    "sellingGeneralAndAdministrativeExpenses": 17300000,
    "otherExpenses": 7300000,
    "operatingExpenses": 24600000,
    "costAndExpenses": 292700000,
    "interestIncome": 0,
    "interestExpense": 0,
    "depreciationAndAmortization": 7300000,
    "ebitda": 40300000,
    "ebitdaratio": 0.1237334971,
    "operatingIncome": 33000000,
    "operatingIncomeRatio": 0.1013202333,
    "totalOtherIncomeExpensesNet": 0,
    "incomeBeforeTax": 33000000,
    "incomeBeforeTaxRatio": 0.1013202333,
    "incomeTaxExpense": 11900000,
    "netIncome": 21100000,
    "netIncomeRatio": 0.0647835431,
    "eps": 0.34,
    "epsdiluted": 0.34,
    "weightedAverageShsOut": 61491429,
    "weightedAverageShsOutDil": 61491429,
    "link": null,
    "finalLink": null
  },
  {
    "date": "1990-11-30",
    "symbol": "LEN",
    "reportedCurrency": "USD",
    "cik": "0000920760",
    "fillingDate": "1990-11-30",
    "acceptedDate": "1990-11-30 00:00:00",
    "calendarYear": "1990",
    "period": "FY",
    "revenue": 350900000,
    "costOfRevenue": 302700000,
    "grossProfit": 48200000,
    "grossProfitRatio": 0.1373610715,
    "researchAndDevelopmentExpenses": 0,
    "generalAndAdministrativeExpenses": 0,
    "sellingAndMarketingExpenses": 0,
    "sellingGeneralAndAdministrativeExpenses": 20500000,
    "otherExpenses": 6500000,
    "operatingExpenses": 27000000,
    "costAndExpenses": 329700000,
    "interestIncome": 0,
    "interestExpense": 0,
    "depreciationAndAmortization": 6500000,
    "ebitda": 27700000,
    "ebitdaratio": 0.0789398689,
    "operatingIncome": 21200000,
    "operatingIncomeRatio": 0.060416073,
    "totalOtherIncomeExpensesNet": -100000,
    "incomeBeforeTax": 21100000,
    "incomeBeforeTaxRatio": 0.0601310915,
    "incomeTaxExpense": 7400000,
    "netIncome": 13700000,
    "netIncomeRatio": 0.0390424622,
    "eps": 0.22,
    "epsdiluted": 0.22,
    "weightedAverageShsOut": 62106667,
    "weightedAverageShsOutDil": 62106667,
    "link": null,
    "finalLink": null
  },
  {
    "date": "1989-11-30",
    "symbol": "LEN",
    "reportedCurrency": "USD",
    "cik": "0000920760",
    "fillingDate": "1989-11-30",
    "acceptedDate": "1989-11-30 00:00:00",
    "calendarYear": "1989",
    "period": "FY",
    "revenue": 440300000,
    "costOfRevenue": 0,
    "grossProfit": 440300000,
    "grossProfitRatio": 1,
    "researchAndDevelopmentExpenses": 0,
    "generalAndAdministrativeExpenses": 0,
    "sellingAndMarketingExpenses": 0,
    "sellingGeneralAndAdministrativeExpenses": 0,
    "otherExpenses": 397800000,
    "operatingExpenses": 397800000,
    "costAndExpenses": 397800000,
    "interestIncome": 0,
    "interestExpense": 0,
    "depreciationAndAmortization": 0,
    "ebitda": 42500000,
    "ebitdaratio": 0.0965250965,
    "operatingIncome": 42500000,
    "operatingIncomeRatio": 0.0965250965,
    "totalOtherIncomeExpensesNet": 100000,
    "incomeBeforeTax": 42600000,
    "incomeBeforeTaxRatio": 0.0967522144,
    "incomeTaxExpense": 14500000,
    "netIncome": 28100000,
    "netIncomeRatio": 0.0638201226,
    "eps": 0.46,
    "epsdiluted": 0.46,
    "weightedAverageShsOut": 61200000,
    "weightedAverageShsOutDil": 61200000,
    "link": null,
    "finalLink": null
  },
  {
    "date": "1988-11-30",
    "symbol": "LEN",
    "reportedCurrency": "USD",
    "cik": "0000920760",
    "fillingDate": "1988-11-30",
    "acceptedDate": "1988-11-29 19:00:00",
    "calendarYear": "1988",
    "period": "FY",
    "revenue": 380500000,
    "costOfRevenue": 0,
    "grossProfit": 380500000,
    "grossProfitRatio": 1,
    "researchAndDevelopmentExpenses": 0,
    "generalAndAdministrativeExpenses": 0,
    "sellingAndMarketingExpenses": 0,
    "sellingGeneralAndAdministrativeExpenses": 0,
    "otherExpenses": 339900000,
    "operatingExpenses": 339900000,
    "costAndExpenses": 339900000,
    "interestIncome": 0,
    "interestExpense": 0,
    "depreciationAndAmortization": 0,
    "ebitda": 40600000,
    "ebitdaratio": 0.1067017083,
    "operatingIncome": 40600000,
    "operatingIncomeRatio": 0.1067017083,
    "totalOtherIncomeExpensesNet": 0,
    "incomeBeforeTax": 40600000,
    "incomeBeforeTaxRatio": 0.1067017083,
    "incomeTaxExpense": 13000000,
    "netIncome": 27600000,
    "netIncomeRatio": 0.0725361367,
    "eps": 0.46,
    "epsdiluted": 0.46,
    "weightedAverageShsOut": 60541935,
    "weightedAverageShsOutDil": 60541935,
    "link": "",
    "finalLink": ""
  },
  {
    "date": "1987-11-30",
    "symbol": "LEN",
    "reportedCurrency": "USD",
    "cik": "0000920760",
    "fillingDate": "1987-11-30",
    "acceptedDate": "1987-11-29 19:00:00",
    "calendarYear": "1987",
    "period": "FY",
    "revenue": 331400000,
    "costOfRevenue": 0,
    "grossProfit": 331400000,
    "grossProfitRatio": 1,
    "researchAndDevelopmentExpenses": 0,
    "generalAndAdministrativeExpenses": 0,
    "sellingAndMarketingExpenses": 0,
    "sellingGeneralAndAdministrativeExpenses": 0,
    "otherExpenses": 294300000,
    "operatingExpenses": 294300000,
    "costAndExpenses": 294300000,
    "interestIncome": 0,
    "interestExpense": 0,
    "depreciationAndAmortization": 0,
    "ebitda": 37100000,
    "ebitdaratio": 0.111949306,
    "operatingIncome": 37100000,
    "operatingIncomeRatio": 0.111949306,
    "totalOtherIncomeExpensesNet": 0,
    "incomeBeforeTax": 37100000,
    "incomeBeforeTaxRatio": 0.111949306,
    "incomeTaxExpense": 14100000,
    "netIncome": 23000000,
    "netIncomeRatio": 0.0694025347,
    "eps": 0.41,
    "epsdiluted": 0.41,
    "weightedAverageShsOut": 56530120,
    "weightedAverageShsOutDil": 56530120,
    "link": "",
    "finalLink": ""
  },
  {
    "date": "1986-11-30",
    "symbol": "LEN",
    "reportedCurrency": "USD",
    "cik": "0000920760",
    "fillingDate": "1986-11-30",
    "acceptedDate": "1986-11-29 19:00:00",
    "calendarYear": "1986",
    "period": "FY",
    "revenue": 222600000,
    "costOfRevenue": 0,
    "grossProfit": 222600000,
    "grossProfitRatio": 1,
    "researchAndDevelopmentExpenses": 0,
    "generalAndAdministrativeExpenses": 0,
    "sellingAndMarketingExpenses": 0,
    "sellingGeneralAndAdministrativeExpenses": 0,
    "otherExpenses": 199500000,
    "operatingExpenses": 199500000,
    "costAndExpenses": 199500000,
    "interestIncome": 0,
    "interestExpense": 0,
    "depreciationAndAmortization": 0,
    "ebitda": 23100000,
    "ebitdaratio": 0.1037735849,
    "operatingIncome": 23100000,
    "operatingIncomeRatio": 0.1037735849,
    "totalOtherIncomeExpensesNet": 100000,
    "incomeBeforeTax": 23200000,
    "incomeBeforeTaxRatio": 0.1042228212,
    "incomeTaxExpense": 10700000,
    "netIncome": 12500000,
    "netIncomeRatio": 0.0561545373,
    "eps": 0.24,
    "epsdiluted": 0.24,
    "weightedAverageShsOut": 53125000,
    "weightedAverageShsOutDil": 53125000,
    "link": "",
    "finalLink": ""
  },
  {
    "date": "1985-11-30",
    "symbol": "LEN",
    "reportedCurrency": "USD",
    "cik": "0000920760",
    "fillingDate": "1985-11-30",
    "acceptedDate": "1985-11-29 19:00:00",
    "calendarYear": "1985",
    "period": "FY",
    "revenue": 232000000,
    "costOfRevenue": 0,
    "grossProfit": 232000000,
    "grossProfitRatio": 1,
    "researchAndDevelopmentExpenses": 0,
    "generalAndAdministrativeExpenses": 0,
    "sellingAndMarketingExpenses": 0,
    "sellingGeneralAndAdministrativeExpenses": 0,
    "otherExpenses": 210400000,
    "operatingExpenses": 210400000,
    "costAndExpenses": 210400000,
    "interestIncome": 0,
    "interestExpense": 0,
    "depreciationAndAmortization": 0,
    "ebitda": 21600000,
    "ebitdaratio": 0.0931034483,
    "operatingIncome": 21600000,
    "operatingIncomeRatio": 0.0931034483,
    "totalOtherIncomeExpensesNet": 100000,
    "incomeBeforeTax": 21700000,
    "incomeBeforeTaxRatio": 0.0935344828,
    "incomeTaxExpense": 10000000,
    "netIncome": 11700000,
    "netIncomeRatio": 0.0504310345,
    "eps": 0.21,
    "epsdiluted": 0.21,
    "weightedAverageShsOut": 55506977,
    "weightedAverageShsOutDil": 55506977,
    "link": "",
    "finalLink": ""
  }
]