[
  {
    "date": "2025-06-30",
    "symbol": "LH",
    "reportedCurrency": "USD",
    "cik": "0000920148",
    "fillingDate": "2025-08-01",
    "acceptedDate": "2025-08-01 13:25:28",
    "calendarYear": "2025",
    "period": "Q2",
    "revenue": 3527300000,
    "costOfRevenue": 2481100000,
    "grossProfit": 1046200000,
    "grossProfitRatio": 0.2966007995,
    "researchAndDevelopmentExpenses": 0,
    "generalAndAdministrativeExpenses": 0,
    "sellingAndMarketingExpenses": 0,
    "sellingGeneralAndAdministrativeExpenses": 579300000,
    "otherExpenses": 72400000,
    "operatingExpenses": 651700000,
    "costAndExpenses": 3132800000,
    "interestIncome": 1700000,
    "interestExpense": 57100000,
    "depreciationAndAmortization": 170300000,
    "ebitda": 532100000,
    "ebitdaratio": 0.1508519264,
    "operatingIncome": 394500000,
    "operatingIncomeRatio": 0.1118419187,
    "totalOtherIncomeExpensesNet": -89800000,
    "incomeBeforeTax": 304700000,
    "incomeBeforeTaxRatio": 0.0863833527,
    "incomeTaxExpense": 66400000,
    "netIncome": 237900000,
    "netIncomeRatio": 0.0674453548,
    "eps": 2.86,
    "epsdiluted": 2.84,
    "weightedAverageShsOut": 83500000,
    "weightedAverageShsOutDil": 84100000,
    "link": "https://www.sec.gov/Archives/edgar/data/920148/000092014825000081/0000920148-25-000081-index.htm",
    "finalLink": "https://www.sec.gov/Archives/edgar/data/920148/000092014825000081/lh-20250630.htm"
  },
  {
    "date": "2025-03-31",
    "symbol": "LH",
    "reportedCurrency": "USD",
    "cik": "0000920148",
    "fillingDate": "2025-04-29",
    "acceptedDate": "2025-04-29 11:34:58",
    "calendarYear": "2025",
    "period": "Q1",
    "revenue": 3345100000,
    "costOfRevenue": 2397100000,
    "grossProfit": 948000000,
    "grossProfitRatio": 0.2833995994,
    "researchAndDevelopmentExpenses": 0,
    "generalAndAdministrativeExpenses": 0,
    "sellingAndMarketingExpenses": 0,
    "sellingGeneralAndAdministrativeExpenses": 546000000,
    "otherExpenses": 76000000,
    "operatingExpenses": 622000000,
    "costAndExpenses": 3019100000,
    "interestIncome": 0,
    "interestExpense": 56000000,
    "depreciationAndAmortization": 166800000,
    "ebitda": 498000000,
    "ebitdaratio": 0.1488744731,
    "operatingIncome": 326000000,
    "operatingIncomeRatio": 0.0974559804,
    "totalOtherIncomeExpensesNet": -50800000,
    "incomeBeforeTax": 275200000,
    "incomeBeforeTaxRatio": 0.0822695884,
    "incomeTaxExpense": 62200000,
    "netIncome": 212800000,
    "netIncomeRatio": 0.0636154375,
    "eps": 2.54,
    "epsdiluted": 2.52,
    "weightedAverageShsOut": 83600000,
    "weightedAverageShsOutDil": 84300000,
    "link": "https://www.sec.gov/Archives/edgar/data/920148/000092014825000059/0000920148-25-000059-index.htm",
    "finalLink": "https://www.sec.gov/Archives/edgar/data/920148/000092014825000059/lh-20250331.htm"
  },
  {
    "date": "2024-12-31",
    "symbol": "LH",
    "reportedCurrency": "USD",
    "cik": "0000920148",
    "fillingDate": "2025-02-25",
    "acceptedDate": "2025-02-25 12:58:30",
    "calendarYear": "2024",
    "period": "Q4",
    "revenue": 3329400000,
    "costOfRevenue": 2433100000,
    "grossProfit": 896300000,
    "grossProfitRatio": 0.269207665,
    "researchAndDevelopmentExpenses": 0,
    "generalAndAdministrativeExpenses": 0,
    "sellingAndMarketingExpenses": 0,
    "sellingGeneralAndAdministrativeExpenses": 595200000,
    "otherExpenses": 84600000,
    "operatingExpenses": 679800000,
    "costAndExpenses": 3112900000,
    "interestIncome": 0,
    "interestExpense": 63400000,
    "depreciationAndAmortization": 170600000,
    "ebitda": 417800000,
    "ebitdaratio": 0.1254880759,
    "operatingIncome": 216500000,
    "operatingIncomeRatio": 0.0650267315,
    "totalOtherIncomeExpensesNet": -32700000,
    "incomeBeforeTax": 183800000,
    "incomeBeforeTaxRatio": 0.0552051421,
    "incomeTaxExpense": 40200000,
    "netIncome": 143400000,
    "netIncomeRatio": 0.0430708236,
    "eps": 1.72,
    "epsdiluted": 1.7,
    "weightedAverageShsOut": 83600000,
    "weightedAverageShsOutDil": 84200000,
    "link": "https://www.sec.gov/Archives/edgar/data/920148/000092014825000032/0000920148-25-000032-index.htm",
    "finalLink": "https://www.sec.gov/Archives/edgar/data/920148/000092014825000032/lh-20241231.htm"
  },
  {
    "date": "2024-09-30",
    "symbol": "LH",
    "reportedCurrency": "USD",
    "cik": "0000920148",
    "fillingDate": "2024-10-29",
    "acceptedDate": "2024-10-29 11:35:49",
    "calendarYear": "2024",
    "period": "Q3",
    "revenue": 3282000000,
    "costOfRevenue": 2377600000,
    "grossProfit": 904400000,
    "grossProfitRatio": 0.2755636807,
    "researchAndDevelopmentExpenses": 0,
    "generalAndAdministrativeExpenses": 0,
    "sellingAndMarketingExpenses": 0,
    "sellingGeneralAndAdministrativeExpenses": 568600000,
    "otherExpenses": 81700000,
    "operatingExpenses": 650300000,
    "costAndExpenses": 3027900000,
    "interestIncome": 0,
    "interestExpense": 50400000,
    "depreciationAndAmortization": 161500000,
    "ebitda": 422500000,
    "ebitdaratio": 0.1287324802,
    "operatingIncome": 254100000,
    "operatingIncomeRatio": 0.0774223035,
    "totalOtherIncomeExpensesNet": -43500000,
    "incomeBeforeTax": 210600000,
    "incomeBeforeTaxRatio": 0.0641681901,
    "incomeTaxExpense": 41000000,
    "netIncome": 169300000,
    "netIncomeRatio": 0.0515843998,
    "eps": 2.02,
    "epsdiluted": 2.01,
    "weightedAverageShsOut": 84000000,
    "weightedAverageShsOutDil": 84400000,
    "link": "https://www.sec.gov/Archives/edgar/data/920148/000092014824000118/0000920148-24-000118-index.htm",
    "finalLink": "https://www.sec.gov/Archives/edgar/data/920148/000092014824000118/lh-20240930.htm"
  },
  {
    "date": "2024-06-30",
    "symbol": "LH",
    "reportedCurrency": "USD",
    "cik": "0000920148",
    "fillingDate": "2024-08-02",
    "acceptedDate": "2024-08-02 14:37:18",
    "calendarYear": "2024",
    "period": "Q2",
    "revenue": 3220900000,
    "costOfRevenue": 2294500000,
    "grossProfit": 926400000,
    "grossProfitRatio": 0.2876214723,
    "researchAndDevelopmentExpenses": 0,
    "generalAndAdministrativeExpenses": 0,
    "sellingAndMarketingExpenses": 0,
    "sellingGeneralAndAdministrativeExpenses": 557800000,
    "otherExpenses": 73800000,
    "operatingExpenses": 631600000,
    "costAndExpenses": 2926100000,
    "interestIncome": 0,
    "interestExpense": 47600000,
    "depreciationAndAmortization": 156900000,
    "ebitda": 472200000,
    "ebitdaratio": 0.1466049862,
    "operatingIncome": 294800000,
    "operatingIncomeRatio": 0.0915272129,
    "totalOtherIncomeExpensesNet": -27100000,
    "incomeBeforeTax": 267700000,
    "incomeBeforeTaxRatio": 0.0831134155,
    "incomeTaxExpense": 62100000,
    "netIncome": 205300000,
    "netIncomeRatio": 0.0637399485,
    "eps": 2.44,
    "epsdiluted": 2.44,
    "weightedAverageShsOut": 84100000,
    "weightedAverageShsOutDil": 84300000,
    "link": "https://www.sec.gov/Archives/edgar/data/920148/000092014824000099/0000920148-24-000099-index.htm",
    "finalLink": "https://www.sec.gov/Archives/edgar/data/920148/000092014824000099/lh-20240630.htm"
  },
  {
    "date": "2024-03-31",
    "symbol": "LH",
    "reportedCurrency": "USD",
    "cik": "0000920148",
    "fillingDate": "2024-04-30",
    "acceptedDate": "2024-04-30 12:18:21",
    "calendarYear": "2024",
    "period": "Q1",
    "revenue": 3176600000,
    "costOfRevenue": 2279300000,
    "grossProfit": 897300000,
    "grossProfitRatio": 0.2824718252,
    "researchAndDevelopmentExpenses": 0,
    "generalAndAdministrativeExpenses": 0,
    "sellingAndMarketingExpenses": 0,
    "sellingGeneralAndAdministrativeExpenses": 508400000,
    "otherExpenses": 67600000,
    "operatingExpenses": 576000000,
    "costAndExpenses": 2855300000,
    "interestIncome": 0,
    "interestExpense": 46900000,
    "depreciationAndAmortization": 154500000,
    "ebitda": 498800000,
    "ebitdaratio": 0.1570232324,
    "operatingIncome": 321300000,
    "operatingIncomeRatio": 0.1011458792,
    "totalOtherIncomeExpensesNet": -23900000,
    "incomeBeforeTax": 297400000,
    "incomeBeforeTaxRatio": 0.0936221117,
    "incomeTaxExpense": 69100000,
    "netIncome": 228000000,
    "netIncomeRatio": 0.0717748536,
    "eps": 2.71,
    "epsdiluted": 2.69,
    "weightedAverageShsOut": 84100000,
    "weightedAverageShsOutDil": 84700000,
    "link": "https://www.sec.gov/Archives/edgar/data/920148/000092014824000032/0000920148-24-000032-index.htm",
    "finalLink": "https://www.sec.gov/Archives/edgar/data/920148/000092014824000032/lh-20240331.htm"
  },
  {
    "date": "2023-12-31",
    "symbol": "LH",
    "reportedCurrency": "USD",
    "cik": "0000920148",
    "fillingDate": "2024-02-26",
    "acceptedDate": "2024-02-26 15:35:03",
    "calendarYear": "2023",
    "period": "Q4",
    "revenue": 3033300000,
    "costOfRevenue": 2211900000,
    "grossProfit": 821400000,
    "grossProfitRatio": 0.2707941846,
    "researchAndDevelopmentExpenses": 2000000,
    "generalAndAdministrativeExpenses": 0,
    "sellingAndMarketingExpenses": 0,
    "sellingGeneralAndAdministrativeExpenses": 532900000,
    "otherExpenses": 409300000,
    "operatingExpenses": 944200000,
    "costAndExpenses": 3156100000,
    "interestIncome": 0,
    "interestExpense": 48800000,
    "depreciationAndAmortization": 76900000,
    "ebitda": 295300000,
    "ebitdaratio": 0.0973527182,
    "operatingIncome": -122800000,
    "operatingIncomeRatio": -0.0404839614,
    "totalOtherIncomeExpensesNet": -24300000,
    "incomeBeforeTax": -147100000,
    "incomeBeforeTaxRatio": -0.0484950384,
    "incomeTaxExpense": 19700000,
    "netIncome": -167100000,
    "netIncomeRatio": -0.0550885175,
    "eps": -1.97,
    "epsdiluted": -1.97,
    "weightedAverageShsOut": 84900000,
    "weightedAverageShsOutDil": 84900000,
    "link": "https://www.sec.gov/Archives/edgar/data/920148/000092014824000014/0000920148-24-000014-index.htm",
    "finalLink": "https://www.sec.gov/Archives/edgar/data/920148/000092014824000014/lh-20231231.htm"
  },
  {
    "date": "2023-09-30",
    "symbol": "LH",
    "reportedCurrency": "USD",
    "cik": "0000920148",
    "fillingDate": "2023-10-30",
    "acceptedDate": "2023-10-30 15:27:21",
    "calendarYear": "2023",
    "period": "Q3",
    "revenue": 3056800000,
    "costOfRevenue": 2205600000,
    "grossProfit": 851200000,
    "grossProfitRatio": 0.2784611358,
    "researchAndDevelopmentExpenses": 0,
    "generalAndAdministrativeExpenses": 0,
    "sellingAndMarketingExpenses": 0,
    "sellingGeneralAndAdministrativeExpenses": 525500000,
    "otherExpenses": 73400000,
    "operatingExpenses": 598900000,
    "costAndExpenses": 2804500000,
    "interestIncome": 0,
    "interestExpense": 50300000,
    "depreciationAndAmortization": 189300000,
    "ebitda": 478300000,
    "ebitdaratio": 0.1564708192,
    "operatingIncome": 252300000,
    "operatingIncomeRatio": 0.0825372939,
    "totalOtherIncomeExpensesNet": -13600000,
    "incomeBeforeTax": 238700000,
    "incomeBeforeTaxRatio": 0.0780881968,
    "incomeTaxExpense": 55100000,
    "netIncome": 183300000,
    "netIncomeRatio": 0.0599646689,
    "eps": 2.12,
    "epsdiluted": 2.11,
    "weightedAverageShsOut": 86600000,
    "weightedAverageShsOutDil": 87000000,
    "link": "https://www.sec.gov/Archives/edgar/data/920148/000092014823000081/0000920148-23-000081-index.htm",
    "finalLink": "https://www.sec.gov/Archives/edgar/data/920148/000092014823000081/lh-20230930.htm"
  },
  {
    "date": "2023-06-30",
    "symbol": "LH",
    "reportedCurrency": "USD",
    "cik": "0000920148",
    "fillingDate": "2023-08-04",
    "acceptedDate": "2023-08-04 15:39:06",
    "calendarYear": "2023",
    "period": "Q2",
    "revenue": 3033700000,
    "costOfRevenue": 2191500000,
    "grossProfit": 842200000,
    "grossProfitRatio": 0.2776147938,
    "researchAndDevelopmentExpenses": 0,
    "generalAndAdministrativeExpenses": 0,
    "sellingAndMarketingExpenses": 0,
    "sellingGeneralAndAdministrativeExpenses": 505800000,
    "otherExpenses": 70100000,
    "operatingExpenses": 575900000,
    "costAndExpenses": 2767400000,
    "interestIncome": 0,
    "interestExpense": 49800000,
    "depreciationAndAmortization": 156400000,
    "ebitda": 411200000,
    "ebitdaratio": 0.1355440551,
    "operatingIncome": 266300000,
    "operatingIncomeRatio": 0.0877805979,
    "totalOtherIncomeExpensesNet": -61300000,
    "incomeBeforeTax": 205000000,
    "incomeBeforeTaxRatio": 0.0675742493,
    "incomeTaxExpense": 49800000,
    "netIncome": 188900000,
    "netIncomeRatio": 0.0622671985,
    "eps": 2.13,
    "epsdiluted": 2.12,
    "weightedAverageShsOut": 88700000,
    "weightedAverageShsOutDil": 89000000,
    "link": "https://www.sec.gov/Archives/edgar/data/920148/000092014823000063/0000920148-23-000063-index.htm",
    "finalLink": "https://www.sec.gov/Archives/edgar/data/920148/000092014823000063/lh-20230630.htm"
  },
  {
    "date": "2023-03-31",
    "symbol": "LH",
    "reportedCurrency": "USD",
    "cik": "0000920148",
    "fillingDate": "2023-05-04",
    "acceptedDate": "2023-05-04 13:38:26",
    "calendarYear": "2023",
    "period": "Q1",
    "revenue": 3037800000,
    "costOfRevenue": 2187700000,
    "grossProfit": 850100000,
    "grossProfitRatio": 0.2798406742,
    "researchAndDevelopmentExpenses": 0,
    "generalAndAdministrativeExpenses": 0,
    "sellingAndMarketingExpenses": 0,
    "sellingGeneralAndAdministrativeExpenses": 457200000,
    "otherExpenses": 63100000,
    "operatingExpenses": 520300000,
    "costAndExpenses": 2708000000,
    "interestIncome": 0,
    "interestExpense": 50700000,
    "depreciationAndAmortization": 142100000,
    "ebitda": 465100000,
    "ebitdaratio": 0.1531042202,
    "operatingIncome": 329800000,
    "operatingIncomeRatio": 0.1085654092,
    "totalOtherIncomeExpensesNet": -57500000,
    "incomeBeforeTax": 272300000,
    "incomeBeforeTaxRatio": 0.0896372375,
    "incomeTaxExpense": 63900000,
    "netIncome": 212900000,
    "netIncomeRatio": 0.0700836131,
    "eps": 2.41,
    "epsdiluted": 2.39,
    "weightedAverageShsOut": 88400000,
    "weightedAverageShsOutDil": 89000000,
    "link": "https://www.sec.gov/Archives/edgar/data/920148/000092014823000030/0000920148-23-000030-index.htm",
    "finalLink": "https://www.sec.gov/Archives/edgar/data/920148/000092014823000030/lh-20230331.htm"
  },
  {
    "date": "2022-12-31",
    "symbol": "LH",
    "reportedCurrency": "USD",
    "cik": "0000920148",
    "fillingDate": "2023-02-28",
    "acceptedDate": "2023-02-28 14:06:04",
    "calendarYear": "2022",
    "period": "Q4",
    "revenue": 3674200000,
    "costOfRevenue": 2704400000,
    "grossProfit": 969800000,
    "grossProfitRatio": 0.2639486147,
    "researchAndDevelopmentExpenses": 0,
    "generalAndAdministrativeExpenses": 0,
    "sellingAndMarketingExpenses": 0,
    "sellingGeneralAndAdministrativeExpenses": 536500000,
    "otherExpenses": 342600000,
    "operatingExpenses": 879100000,
    "costAndExpenses": 3583500000,
    "interestIncome": 0,
    "interestExpense": 49300000,
    "depreciationAndAmortization": 156200000,
    "ebitda": 250000000,
    "ebitdaratio": 0.0680420228,
    "operatingIncome": 90700000,
    "operatingIncomeRatio": 0.0246856459,
    "totalOtherIncomeExpensesNet": -46200000,
    "incomeBeforeTax": 44500000,
    "incomeBeforeTaxRatio": 0.0121114801,
    "incomeTaxExpense": -31900000,
    "netIncome": 76100000,
    "netIncomeRatio": 0.0207119917,
    "eps": 0.86,
    "epsdiluted": 0.86,
    "weightedAverageShsOut": 88500000,
    "weightedAverageShsOutDil": 89000000,
    "link": "https://www.sec.gov/Archives/edgar/data/920148/000092014823000017/0000920148-23-000017-index.htm",
    "finalLink": "https://www.sec.gov/Archives/edgar/data/920148/000092014823000017/lh-20221231.htm"
  },
  {
    "date": "2022-09-30",
    "symbol": "LH",
    "reportedCurrency": "USD",
    "cik": "0000920148",
    "fillingDate": "2022-11-01",
    "acceptedDate": "2022-11-01 12:54:42",
    "calendarYear": "2022",
    "period": "Q3",
    "revenue": 2866800000,
    "costOfRevenue": 1980600000,
    "grossProfit": 886200000,
    "grossProfitRatio": 0.309125157,
    "researchAndDevelopmentExpenses": 0,
    "generalAndAdministrativeExpenses": 0,
    "sellingAndMarketingExpenses": 0,
    "sellingGeneralAndAdministrativeExpenses": 453200000,
    "otherExpenses": 59000000,
    "operatingExpenses": 512200000,
    "costAndExpenses": 2492800000,
    "interestIncome": 0,
    "interestExpense": 46300000,
    "depreciationAndAmortization": 134100000,
    "ebitda": 495900000,
    "ebitdaratio": 0.1729803265,
    "operatingIncome": 374000000,
    "operatingIncomeRatio": 0.1304590484,
    "totalOtherIncomeExpensesNet": -58500000,
    "incomeBeforeTax": 315500000,
    "incomeBeforeTaxRatio": 0.1100530208,
    "incomeTaxExpense": 38200000,
    "netIncome": 352800000,
    "netIncomeRatio": 0.1230640435,
    "eps": 3.91,
    "epsdiluted": 3.89,
    "weightedAverageShsOut": 90200000,
    "weightedAverageShsOutDil": 90700000,
    "link": "https://www.sec.gov/Archives/edgar/data/920148/000092014822000060/0000920148-22-000060-index.htm",
    "finalLink": "https://www.sec.gov/Archives/edgar/data/920148/000092014822000060/lh-20220930.htm"
  },
  {
    "date": "2022-06-30",
    "symbol": "LH",
    "reportedCurrency": "USD",
    "cik": "0000920148",
    "fillingDate": "2022-08-01",
    "acceptedDate": "2022-08-01 14:31:29",
    "calendarYear": "2022",
    "period": "Q2",
    "revenue": 2923000000,
    "costOfRevenue": 1980500000,
    "grossProfit": 942500000,
    "grossProfitRatio": 0.3224426959,
    "researchAndDevelopmentExpenses": 0,
    "generalAndAdministrativeExpenses": 0,
    "sellingAndMarketingExpenses": 0,
    "sellingGeneralAndAdministrativeExpenses": 432400000,
    "otherExpenses": 81300000,
    "operatingExpenses": 513700000,
    "costAndExpenses": 2494200000,
    "interestIncome": 0,
    "interestExpense": 42500000,
    "depreciationAndAmortization": 111200000,
    "ebitda": 513600000,
    "ebitdaratio": 0.1757098871,
    "operatingIncome": 428800000,
    "operatingIncomeRatio": 0.1466985973,
    "totalOtherIncomeExpensesNet": -68700000,
    "incomeBeforeTax": 360100000,
    "incomeBeforeTaxRatio": 0.1231953472,
    "incomeTaxExpense": 92100000,
    "netIncome": 358600000,
    "netIncomeRatio": 0.1226821758,
    "eps": 3.89,
    "epsdiluted": 3.87,
    "weightedAverageShsOut": 92185090,
    "weightedAverageShsOutDil": 92700000,
    "link": "https://www.sec.gov/Archives/edgar/data/920148/000092014822000041/0000920148-22-000041-index.htm",
    "finalLink": "https://www.sec.gov/Archives/edgar/data/920148/000092014822000041/lh-20220630.htm"
  },
  {
    "date": "2022-03-31",
    "symbol": "LH",
    "reportedCurrency": "USD",
    "cik": "0000920148",
    "fillingDate": "2022-04-29",
    "acceptedDate": "2022-04-29 11:55:23",
    "calendarYear": "2022",
    "period": "Q1",
    "revenue": 3899600000,
    "costOfRevenue": 2666700000,
    "grossProfit": 1232900000,
    "grossProfitRatio": 0.3161606319,
    "researchAndDevelopmentExpenses": 0,
    "generalAndAdministrativeExpenses": 0,
    "sellingAndMarketingExpenses": 0,
    "sellingGeneralAndAdministrativeExpenses": 464100000,
    "otherExpenses": 80900000,
    "operatingExpenses": 545000000,
    "costAndExpenses": 3211700000,
    "interestIncome": 0,
    "interestExpense": 42200000,
    "depreciationAndAmortization": 210400000,
    "ebitda": 892700000,
    "ebitdaratio": 0.228920915,
    "operatingIncome": 687900000,
    "operatingIncomeRatio": 0.176402708,
    "totalOtherIncomeExpensesNet": -47800000,
    "incomeBeforeTax": 640100000,
    "incomeBeforeTaxRatio": 0.1641450405,
    "incomeTaxExpense": 148000000,
    "netIncome": 491600000,
    "netIncomeRatio": 0.1260642117,
    "eps": 5.27,
    "epsdiluted": 5.23,
    "weightedAverageShsOut": 93200000,
    "weightedAverageShsOutDil": 94000000,
    "link": "https://www.sec.gov/Archives/edgar/data/920148/000092014822000025/0000920148-22-000025-index.htm",
    "finalLink": "https://www.sec.gov/Archives/edgar/data/920148/000092014822000025/lh-20220331.htm"
  },
  {
    "date": "2021-12-31",
    "symbol": "LH",
    "reportedCurrency": "USD",
    "cik": "0000920148",
    "fillingDate": "2022-02-25",
    "acceptedDate": "2022-02-25 14:26:04",
    "calendarYear": "2021",
    "period": "Q4",
    "revenue": 4056100000,
    "costOfRevenue": 2681100000,
    "grossProfit": 1375000000,
    "grossProfitRatio": 0.3389955869,
    "researchAndDevelopmentExpenses": 0,
    "generalAndAdministrativeExpenses": 0,
    "sellingAndMarketingExpenses": 0,
    "sellingGeneralAndAdministrativeExpenses": 543700000,
    "otherExpenses": 100700000,
    "operatingExpenses": 644400000,
    "costAndExpenses": 3325500000,
    "interestIncome": 0,
    "interestExpense": 43100000,
    "depreciationAndAmortization": 237600000,
    "ebitda": 966700000,
    "ebitdaratio": 0.2383323883,
    "operatingIncome": 730600000,
    "operatingIncomeRatio": 0.1801237642,
    "totalOtherIncomeExpensesNet": -44600000,
    "incomeBeforeTax": 686000000,
    "incomeBeforeTaxRatio": 0.1691279801,
    "incomeTaxExpense": 132400000,
    "netIncome": 553000000,
    "netIncomeRatio": 0.1363378615,
    "eps": 5.8,
    "epsdiluted": 5.75,
    "weightedAverageShsOut": 95300000,
    "weightedAverageShsOutDil": 96200000,
    "link": "https://www.sec.gov/Archives/edgar/data/920148/000092014822000015/0000920148-22-000015-index.htm",
    "finalLink": "https://www.sec.gov/Archives/edgar/data/920148/000092014822000015/lh-20211231.htm"
  },
  {
    "date": "2021-09-30",
    "symbol": "LH",
    "reportedCurrency": "USD",
    "cik": "0000920148",
    "fillingDate": "2021-11-02",
    "acceptedDate": "2021-11-02 14:46:10",
    "calendarYear": "2021",
    "period": "Q3",
    "revenue": 4062600000,
    "costOfRevenue": 2677100000,
    "grossProfit": 1385500000,
    "grossProfitRatio": 0.3410377591,
    "researchAndDevelopmentExpenses": 0,
    "generalAndAdministrativeExpenses": 0,
    "sellingAndMarketingExpenses": 0,
    "sellingGeneralAndAdministrativeExpenses": 519900000,
    "otherExpenses": 98700000,
    "operatingExpenses": 618600000,
    "costAndExpenses": 3295700000,
    "interestIncome": 0,
    "interestExpense": 42200000,
    "depreciationAndAmortization": 235100000,
    "ebitda": 1045500000,
    "ebitdaratio": 0.2573475114,
    "operatingIncome": 766900000,
    "operatingIncomeRatio": 0.188770738,
    "totalOtherIncomeExpensesNet": 1300000,
    "incomeBeforeTax": 768200000,
    "incomeBeforeTaxRatio": 0.1890907301,
    "incomeTaxExpense": 180400000,
    "netIncome": 587300000,
    "netIncomeRatio": 0.1445625954,
    "eps": 6.1,
    "epsdiluted": 6.05,
    "weightedAverageShsOut": 96300000,
    "weightedAverageShsOutDil": 97100000,
    "link": "https://www.sec.gov/Archives/edgar/data/920148/000092014821000070/0000920148-21-000070-index.htm",
    "finalLink": "https://www.sec.gov/Archives/edgar/data/920148/000092014821000070/lh-20210930.htm"
  },
  {
    "date": "2021-06-30",
    "symbol": "LH",
    "reportedCurrency": "USD",
    "cik": "0000920148",
    "fillingDate": "2021-08-05",
    "acceptedDate": "2021-08-05 12:57:40",
    "calendarYear": "2021",
    "period": "Q2",
    "revenue": 3840700000,
    "costOfRevenue": 2575900000,
    "grossProfit": 1264800000,
    "grossProfitRatio": 0.3293149686,
    "researchAndDevelopmentExpenses": 0,
    "generalAndAdministrativeExpenses": 0,
    "sellingAndMarketingExpenses": 0,
    "sellingGeneralAndAdministrativeExpenses": 458700000,
    "otherExpenses": 102000000,
    "operatingExpenses": 560700000,
    "costAndExpenses": 3136600000,
    "interestIncome": 0,
    "interestExpense": 78300000,
    "depreciationAndAmortization": 235100000,
    "ebitda": 964000000,
    "ebitdaratio": 0.2509959122,
    "operatingIncome": 704100000,
    "operatingIncomeRatio": 0.1833259562,
    "totalOtherIncomeExpensesNet": -53500000,
    "incomeBeforeTax": 650600000,
    "incomeBeforeTaxRatio": 0.1693962038,
    "incomeTaxExpense": 182600000,
    "netIncome": 467400000,
    "netIncomeRatio": 0.1216965657,
    "eps": 4.8,
    "epsdiluted": 4.76,
    "weightedAverageShsOut": 97400000,
    "weightedAverageShsOutDil": 98200000,
    "link": "https://www.sec.gov/Archives/edgar/data/920148/000092014821000051/0000920148-21-000051-index.htm",
    "finalLink": "https://www.sec.gov/Archives/edgar/data/920148/000092014821000051/lh-20210630.htm"
  },
  {
    "date": "2021-03-31",
    "symbol": "LH",
    "reportedCurrency": "USD",
    "cik": "0000920148",
    "fillingDate": "2021-05-04",
    "acceptedDate": "2021-05-04 15:54:03",
    "calendarYear": "2021",
    "period": "Q1",
    "revenue": 4161500000,
    "costOfRevenue": 2562500000,
    "grossProfit": 1599000000,
    "grossProfitRatio": 0.3842364532,
    "researchAndDevelopmentExpenses": 0,
    "generalAndAdministrativeExpenses": 0,
    "sellingAndMarketingExpenses": 0,
    "sellingGeneralAndAdministrativeExpenses": 429800000,
    "otherExpenses": 111300000,
    "operatingExpenses": 541100000,
    "costAndExpenses": 3103600000,
    "interestIncome": 0,
    "interestExpense": 48500000,
    "depreciationAndAmortization": 232200000,
    "ebitda": 1302500000,
    "ebitdaratio": 0.3129881053,
    "operatingIncome": 1057900000,
    "operatingIncomeRatio": 0.2542112219,
    "totalOtherIncomeExpensesNet": -36100000,
    "incomeBeforeTax": 1021800000,
    "incomeBeforeTaxRatio": 0.2455364652,
    "incomeTaxExpense": 251700000,
    "netIncome": 769600000,
    "netIncomeRatio": 0.1849333173,
    "eps": 7.88,
    "epsdiluted": 7.82,
    "weightedAverageShsOut": 97600000,
    "weightedAverageShsOutDil": 98500000,
    "link": "https://www.sec.gov/Archives/edgar/data/920148/000092014821000041/0000920148-21-000041-index.htm",
    "finalLink": "https://www.sec.gov/Archives/edgar/data/920148/000092014821000041/lh-20210331.htm"
  },
  {
    "date": "2020-12-31",
    "symbol": "LH",
    "reportedCurrency": "USD",
    "cik": "0000920148",
    "fillingDate": "2021-02-25",
    "acceptedDate": "2021-02-25 15:19:26",
    "calendarYear": "2020",
    "period": "Q4",
    "revenue": 4489800000,
    "costOfRevenue": 2584900000,
    "grossProfit": 1904900000,
    "grossProfitRatio": 0.4242727961,
    "researchAndDevelopmentExpenses": 0,
    "generalAndAdministrativeExpenses": 0,
    "sellingAndMarketingExpenses": 0,
    "sellingGeneralAndAdministrativeExpenses": 518000000,
    "otherExpenses": 93700000,
    "operatingExpenses": 608800000,
    "costAndExpenses": 3193700000,
    "interestIncome": 0,
    "interestExpense": 48300000,
    "depreciationAndAmortization": 183900000,
    "ebitda": 1474900000,
    "ebitdaratio": 0.3285001559,
    "operatingIncome": 1293200000,
    "operatingIncomeRatio": 0.2880306472,
    "totalOtherIncomeExpensesNet": -50500000,
    "incomeBeforeTax": 1242700000,
    "incomeBeforeTaxRatio": 0.2767829302,
    "incomeTaxExpense": 304100000,
    "netIncome": 938300000,
    "netIncomeRatio": 0.20898481,
    "eps": 9.62,
    "epsdiluted": 9.54,
    "weightedAverageShsOut": 97500000,
    "weightedAverageShsOutDil": 98300000,
    "link": "https://www.sec.gov/Archives/edgar/data/920148/000092014821000018/0000920148-21-000018-index.htm",
    "finalLink": "https://www.sec.gov/Archives/edgar/data/920148/000092014821000018/lh-20201231.htm"
  },
  {
    "date": "2020-09-30",
    "symbol": "LH",
    "reportedCurrency": "USD",
    "cik": "0000920148",
    "fillingDate": "2020-10-29",
    "acceptedDate": "2020-10-29 09:54:01",
    "calendarYear": "2020",
    "period": "Q3",
    "revenue": 3896100000,
    "costOfRevenue": 2336700000,
    "grossProfit": 1559400000,
    "grossProfitRatio": 0.4002464002,
    "researchAndDevelopmentExpenses": 0,
    "generalAndAdministrativeExpenses": 0,
    "sellingAndMarketingExpenses": 0,
    "sellingGeneralAndAdministrativeExpenses": 419500000,
    "otherExpenses": 92800000,
    "operatingExpenses": 512300000,
    "costAndExpenses": 2849000000,
    "interestIncome": 0,
    "interestExpense": 51400000,
    "depreciationAndAmortization": 152300000,
    "ebitda": 1150800000,
    "ebitdaratio": 0.2953722954,
    "operatingIncome": 1047100000,
    "operatingIncomeRatio": 0.2687559354,
    "totalOtherIncomeExpensesNet": -100000000,
    "incomeBeforeTax": 947100000,
    "incomeBeforeTaxRatio": 0.2430892431,
    "incomeTaxExpense": 243400000,
    "netIncome": 703400000,
    "netIncomeRatio": 0.1805395139,
    "eps": 7.22,
    "epsdiluted": 7.17,
    "weightedAverageShsOut": 97400000,
    "weightedAverageShsOutDil": 98100000,
    "link": "https://www.sec.gov/Archives/edgar/data/920148/000092014820000058/0000920148-20-000058-index.htm",
    "finalLink": "https://www.sec.gov/Archives/edgar/data/920148/000092014820000058/lh-20200930.htm"
  },
  {
    "date": "2020-06-30",
    "symbol": "LH",
    "reportedCurrency": "USD",
    "cik": "0000920148",
    "fillingDate": "2020-07-31",
    "acceptedDate": "2020-07-31 16:27:13",
    "calendarYear": "2020",
    "period": "Q2",
    "revenue": 2768800000,
    "costOfRevenue": 2008300000,
    "grossProfit": 760500000,
    "grossProfitRatio": 0.2746677261,
    "researchAndDevelopmentExpenses": 0,
    "generalAndAdministrativeExpenses": 0,
    "sellingAndMarketingExpenses": 0,
    "sellingGeneralAndAdministrativeExpenses": 396300000,
    "otherExpenses": 66500000,
    "operatingExpenses": 462800000,
    "costAndExpenses": 2471100000,
    "interestIncome": 0,
    "interestExpense": 52700000,
    "depreciationAndAmortization": 143900000,
    "ebitda": 450500000,
    "ebitdaratio": 0.1627058654,
    "operatingIncome": 297700000,
    "operatingIncomeRatio": 0.107519503,
    "totalOtherIncomeExpensesNet": -700000,
    "incomeBeforeTax": 297000000,
    "incomeBeforeTaxRatio": 0.1072666859,
    "incomeTaxExpense": 65400000,
    "netIncome": 231600000,
    "netIncomeRatio": 0.083646345,
    "eps": 2.38,
    "epsdiluted": 2.37,
    "weightedAverageShsOut": 97300000,
    "weightedAverageShsOutDil": 97700000,
    "link": "https://www.sec.gov/Archives/edgar/data/920148/000092014820000043/0000920148-20-000043-index.htm",
    "finalLink": "https://www.sec.gov/Archives/edgar/data/920148/000092014820000043/lh-20200630.htm"
  },
  {
    "date": "2020-03-31",
    "symbol": "LH",
    "reportedCurrency": "USD",
    "cik": "0000920148",
    "fillingDate": "2020-05-08",
    "acceptedDate": "2020-05-08 17:10:01",
    "calendarYear": "2020",
    "period": "Q1",
    "revenue": 2823800000,
    "costOfRevenue": 2095800000,
    "grossProfit": 728000000,
    "grossProfitRatio": 0.2578086267,
    "researchAndDevelopmentExpenses": 0,
    "generalAndAdministrativeExpenses": 0,
    "sellingAndMarketingExpenses": 0,
    "sellingGeneralAndAdministrativeExpenses": 395500000,
    "otherExpenses": 525100000,
    "operatingExpenses": 920600000,
    "costAndExpenses": 3016400000,
    "interestIncome": 0,
    "interestExpense": 55000000,
    "depreciationAndAmortization": 144600000,
    "ebitda": -68100000,
    "ebitdaratio": -0.0241164388,
    "operatingIncome": -192600000,
    "operatingIncomeRatio": -0.0682059636,
    "totalOtherIncomeExpensesNet": -75100000,
    "incomeBeforeTax": -267700000,
    "incomeBeforeTaxRatio": -0.0948013315,
    "incomeTaxExpense": 49200000,
    "netIncome": -317200000,
    "netIncomeRatio": -0.1123309016,
    "eps": -3.27,
    "epsdiluted": -3.26,
    "weightedAverageShsOut": 97003058,
    "weightedAverageShsOutDil": 97200000,
    "link": "https://www.sec.gov/Archives/edgar/data/920148/000092014820000029/0000920148-20-000029-index.htm",
    "finalLink": "https://www.sec.gov/Archives/edgar/data/920148/000092014820000029/lh202010-qq1projectfile.htm"
  },
  {
    "date": "2019-12-31",
    "symbol": "LH",
    "reportedCurrency": "USD",
    "cik": "0000920148",
    "fillingDate": "2020-02-28",
    "acceptedDate": "2020-02-28 14:42:51",
    "calendarYear": "2019",
    "period": "Q4",
    "revenue": 2953400000,
    "costOfRevenue": 2132700000,
    "grossProfit": 820700000,
    "grossProfitRatio": 0.2778831178,
    "researchAndDevelopmentExpenses": 0,
    "generalAndAdministrativeExpenses": 0,
    "sellingAndMarketingExpenses": 0,
    "sellingGeneralAndAdministrativeExpenses": 413900000,
    "otherExpenses": 15000000,
    "operatingExpenses": 478100000,
    "costAndExpenses": 2610800000,
    "interestIncome": 0,
    "interestExpense": 64400000,
    "depreciationAndAmortization": 155800000,
    "ebitda": 513100000,
    "ebitdaratio": 0.1737319699,
    "operatingIncome": 336400000,
    "operatingIncomeRatio": 0.1139026207,
    "totalOtherIncomeExpensesNet": -43500000,
    "incomeBeforeTax": 292900000,
    "incomeBeforeTaxRatio": 0.0991738335,
    "incomeTaxExpense": 65600000,
    "netIncome": 227100000,
    "netIncomeRatio": 0.0768944268,
    "eps": 2.34,
    "epsdiluted": 2.32,
    "weightedAverageShsOut": 97200000,
    "weightedAverageShsOutDil": 98000000,
    "link": "https://www.sec.gov/Archives/edgar/data/920148/000092014820000011/0000920148-20-000011-index.htm",
    "finalLink": "https://www.sec.gov/Archives/edgar/data/920148/000092014820000011/lh10-k2019.htm"
  },
  {
    "date": "2019-09-30",
    "symbol": "LH",
    "reportedCurrency": "USD",
    "cik": "0000920148",
    "fillingDate": "2019-10-31",
    "acceptedDate": "2019-10-31 16:27:27",
    "calendarYear": "2019",
    "period": "Q3",
    "revenue": 2928500000,
    "costOfRevenue": 2111200000,
    "grossProfit": 817300000,
    "grossProfitRatio": 0.2790848557,
    "researchAndDevelopmentExpenses": 0,
    "generalAndAdministrativeExpenses": 0,
    "sellingAndMarketingExpenses": 0,
    "sellingGeneralAndAdministrativeExpenses": 401500000,
    "otherExpenses": 2700000,
    "operatingExpenses": 463200000,
    "costAndExpenses": 2574400000,
    "interestIncome": 0,
    "interestExpense": 60500000,
    "depreciationAndAmortization": 144300000,
    "ebitda": 501800000,
    "ebitdaratio": 0.1713505207,
    "operatingIncome": 339900000,
    "operatingIncomeRatio": 0.1160662455,
    "totalOtherIncomeExpensesNet": -52500000,
    "incomeBeforeTax": 287400000,
    "incomeBeforeTaxRatio": 0.098138979,
    "incomeTaxExpense": 66400000,
    "netIncome": 220700000,
    "netIncomeRatio": 0.0753628137,
    "eps": 2.26,
    "epsdiluted": 2.25,
    "weightedAverageShsOut": 97600000,
    "weightedAverageShsOutDil": 98300000,
    "link": "https://www.sec.gov/Archives/edgar/data/920148/000092014819000092/0000920148-19-000092-index.htm",
    "finalLink": "https://www.sec.gov/Archives/edgar/data/920148/000092014819000092/lh201910-qq3projectfile.htm"
  },
  {
    "date": "2019-06-30",
    "symbol": "LH",
    "reportedCurrency": "USD",
    "cik": "0000920148",
    "fillingDate": "2019-08-08",
    "acceptedDate": "2019-08-08 16:13:14",
    "calendarYear": "2019",
    "period": "Q2",
    "revenue": 2881700000,
    "costOfRevenue": 2056900000,
    "grossProfit": 824800000,
    "grossProfitRatio": 0.2862199396,
    "researchAndDevelopmentExpenses": 0,
    "generalAndAdministrativeExpenses": 0,
    "sellingAndMarketingExpenses": 0,
    "sellingGeneralAndAdministrativeExpenses": 415300000,
    "otherExpenses": -10500000,
    "operatingExpenses": 475500000,
    "costAndExpenses": 2532400000,
    "interestIncome": 0,
    "interestExpense": 59100000,
    "depreciationAndAmortization": 210100000,
    "ebitda": 468900000,
    "ebitdaratio": 0.1627164521,
    "operatingIncome": 335700000,
    "operatingIncomeRatio": 0.1164937363,
    "totalOtherIncomeExpensesNet": -65700000,
    "incomeBeforeTax": 270000000,
    "incomeBeforeTaxRatio": 0.0936946941,
    "incomeTaxExpense": 79300000,
    "netIncome": 190400000,
    "netIncomeRatio": 0.0660721102,
    "eps": 1.94,
    "epsdiluted": 1.93,
    "weightedAverageShsOut": 98100000,
    "weightedAverageShsOutDil": 98800000,
    "link": "https://www.sec.gov/Archives/edgar/data/920148/000092014819000076/0000920148-19-000076-index.htm",
    "finalLink": "https://www.sec.gov/Archives/edgar/data/920148/000092014819000076/lh201910-qq2.htm"
  },
  {
    "date": "2019-03-31",
    "symbol": "LH",
    "reportedCurrency": "USD",
    "cik": "0000920148",
    "fillingDate": "2019-05-03",
    "acceptedDate": "2019-05-03 14:28:36",
    "calendarYear": "2019",
    "period": "Q1",
    "revenue": 2791200000,
    "costOfRevenue": 2001500000,
    "grossProfit": 789700000,
    "grossProfitRatio": 0.2829249069,
    "researchAndDevelopmentExpenses": 0,
    "generalAndAdministrativeExpenses": 0,
    "sellingAndMarketingExpenses": 0,
    "sellingGeneralAndAdministrativeExpenses": 393800000,
    "otherExpenses": -10400000,
    "operatingExpenses": 450900000,
    "costAndExpenses": 2452400000,
    "interestIncome": 0,
    "interestExpense": 56700000,
    "depreciationAndAmortization": 198500000,
    "ebitda": 511700000,
    "ebitdaratio": 0.183326168,
    "operatingIncome": 318200000,
    "operatingIncomeRatio": 0.1140011465,
    "totalOtherIncomeExpensesNet": -63500000,
    "incomeBeforeTax": 254700000,
    "incomeBeforeTaxRatio": 0.0912510748,
    "incomeTaxExpense": 68800000,
    "netIncome": 185600000,
    "netIncomeRatio": 0.0664946976,
    "eps": 1.88,
    "epsdiluted": 1.86,
    "weightedAverageShsOut": 98600000,
    "weightedAverageShsOutDil": 99500000,
    "link": "https://www.sec.gov/Archives/edgar/data/920148/000092014819000053/0000920148-19-000053-index.htm",
    "finalLink": "https://www.sec.gov/Archives/edgar/data/920148/000092014819000053/lh201910-qq1.htm"
  },
  {
    "date": "2018-12-31",
    "symbol": "LH",
    "reportedCurrency": "USD",
    "cik": "0000920148",
    "fillingDate": "2019-02-28",
    "acceptedDate": "2019-02-28 15:06:10",
    "calendarYear": "2018",
    "period": "Q4",
    "revenue": 2787500000,
    "costOfRevenue": 2015100000,
    "grossProfit": 772400000,
    "grossProfitRatio": 0.2770941704,
    "researchAndDevelopmentExpenses": 0,
    "generalAndAdministrativeExpenses": 0,
    "sellingAndMarketingExpenses": 0,
    "sellingGeneralAndAdministrativeExpenses": 396900000,
    "otherExpenses": -41400000,
    "operatingExpenses": 453100000,
    "costAndExpenses": 2468200000,
    "interestIncome": 0,
    "interestExpense": 58200000,
    "depreciationAndAmortization": 137700000,
    "ebitda": 410400000,
    "ebitdaratio": 0.1472286996,
    "operatingIncome": 307700000,
    "operatingIncomeRatio": 0.1103856502,
    "totalOtherIncomeExpensesNet": -93200000,
    "incomeBeforeTax": 214500000,
    "incomeBeforeTaxRatio": 0.0769506726,
    "incomeTaxExpense": 56300000,
    "netIncome": 157900000,
    "netIncomeRatio": 0.0566457399,
    "eps": 1.58,
    "epsdiluted": 1.56,
    "weightedAverageShsOut": 100200000,
    "weightedAverageShsOutDil": 101200000,
    "link": "https://www.sec.gov/Archives/edgar/data/920148/000092014819000033/0000920148-19-000033-index.htm",
    "finalLink": "https://www.sec.gov/Archives/edgar/data/920148/000092014819000033/lh10-k2018.htm"
  },
  {
    "date": "2018-09-30",
    "symbol": "LH",
    "reportedCurrency": "USD",
    "cik": "0000920148",
    "fillingDate": "2018-10-30",
    "acceptedDate": "2018-10-30 14:04:24",
    "calendarYear": "2018",
    "period": "Q3",
    "revenue": 2831300000,
    "costOfRevenue": 2041400000,
    "grossProfit": 789900000,
    "grossProfitRatio": 0.2789884505,
    "researchAndDevelopmentExpenses": 0,
    "generalAndAdministrativeExpenses": 0,
    "sellingAndMarketingExpenses": 0,
    "sellingGeneralAndAdministrativeExpenses": 381800000,
    "otherExpenses": 209800000,
    "operatingExpenses": 436500000,
    "costAndExpenses": 2477900000,
    "interestIncome": 0,
    "interestExpense": 59400000,
    "depreciationAndAmortization": 133100000,
    "ebitda": 494900000,
    "ebitdaratio": 0.1747960301,
    "operatingIncome": 343400000,
    "operatingIncomeRatio": 0.1212870413,
    "totalOtherIncomeExpensesNet": 156200000,
    "incomeBeforeTax": 499600000,
    "incomeBeforeTaxRatio": 0.1764560449,
    "incomeTaxExpense": 108600000,
    "netIncome": 390800000,
    "netIncomeRatio": 0.1380284675,
    "eps": 3.14,
    "epsdiluted": 3.1,
    "weightedAverageShsOut": 101600000,
    "weightedAverageShsOutDil": 102700000,
    "link": "https://www.sec.gov/Archives/edgar/data/920148/000092014818000130/0000920148-18-000130-index.htm",
    "finalLink": "https://www.sec.gov/Archives/edgar/data/920148/000092014818000130/lh201810-qq3.htm"
  },
  {
    "date": "2018-06-30",
    "symbol": "LH",
    "reportedCurrency": "USD",
    "cik": "0000920148",
    "fillingDate": "2018-07-27",
    "acceptedDate": "2018-07-27 13:30:47",
    "calendarYear": "2018",
    "period": "Q2",
    "revenue": 2866300000,
    "costOfRevenue": 2031200000,
    "grossProfit": 835100000,
    "grossProfitRatio": 0.2913512193,
    "researchAndDevelopmentExpenses": 0,
    "generalAndAdministrativeExpenses": 0,
    "sellingAndMarketingExpenses": 0,
    "sellingGeneralAndAdministrativeExpenses": 395200000,
    "otherExpenses": 2800000,
    "operatingExpenses": 453700000,
    "costAndExpenses": 2484900000,
    "interestIncome": 0,
    "interestExpense": 63100000,
    "depreciationAndAmortization": 138500000,
    "ebitda": 543400000,
    "ebitdaratio": 0.1895823884,
    "operatingIncome": 369200000,
    "operatingIncomeRatio": 0.128807173,
    "totalOtherIncomeExpensesNet": -56500000,
    "incomeBeforeTax": 312700000,
    "incomeBeforeTaxRatio": 0.1090953494,
    "incomeTaxExpense": 78600000,
    "netIncome": 233800000,
    "netIncomeRatio": 0.0815685727,
    "eps": 2.29,
    "epsdiluted": 2.27,
    "weightedAverageShsOut": 101900000,
    "weightedAverageShsOutDil": 103000000,
    "link": "https://www.sec.gov/Archives/edgar/data/920148/000092014818000097/0000920148-18-000097-index.htm",
    "finalLink": "https://www.sec.gov/Archives/edgar/data/920148/000092014818000097/lh201810-qq2.htm"
  },
  {
    "date": "2018-03-31",
    "symbol": "LH",
    "reportedCurrency": "USD",
    "cik": "0000920148",
    "fillingDate": "2018-05-01",
    "acceptedDate": "2018-05-01 15:34:48",
    "calendarYear": "2018",
    "period": "Q1",
    "revenue": 2848300000,
    "costOfRevenue": 2069300000,
    "grossProfit": 779000000,
    "grossProfitRatio": 0.2734964716,
    "researchAndDevelopmentExpenses": 0,
    "generalAndAdministrativeExpenses": 0,
    "sellingAndMarketingExpenses": 0,
    "sellingGeneralAndAdministrativeExpenses": 397000000,
    "otherExpenses": -3500000,
    "operatingExpenses": 459300000,
    "costAndExpenses": 2528600000,
    "interestIncome": 0,
    "interestExpense": 63500000,
    "depreciationAndAmortization": 142800000,
    "ebitda": 485300000,
    "ebitdaratio": 0.1703823333,
    "operatingIncome": 305400000,
    "operatingIncomeRatio": 0.1072218516,
    "totalOtherIncomeExpensesNet": -63900000,
    "incomeBeforeTax": 241500000,
    "incomeBeforeTaxRatio": 0.0847874171,
    "incomeTaxExpense": 69000000,
    "netIncome": 173200000,
    "netIncomeRatio": 0.0608082014,
    "eps": 1.7,
    "epsdiluted": 1.67,
    "weightedAverageShsOut": 101900000,
    "weightedAverageShsOutDil": 103400000,
    "link": "https://www.sec.gov/Archives/edgar/data/920148/000092014818000062/0000920148-18-000062-index.htm",
    "finalLink": "https://www.sec.gov/Archives/edgar/data/920148/000092014818000062/lh201810-qq1_new.htm"
  },
  {
    "date": "2017-12-31",
    "symbol": "LH",
    "reportedCurrency": "USD",
    "cik": "0000920148",
    "fillingDate": "2018-02-27",
    "acceptedDate": "2018-02-27 15:06:05",
    "calendarYear": "2017",
    "period": "Q4",
    "revenue": 2796300000,
    "costOfRevenue": 1880500000,
    "grossProfit": 915800000,
    "grossProfitRatio": 0.327504202,
    "researchAndDevelopmentExpenses": 0,
    "generalAndAdministrativeExpenses": 0,
    "sellingAndMarketingExpenses": 0,
    "sellingGeneralAndAdministrativeExpenses": 492400000,
    "otherExpenses": 600000,
    "operatingExpenses": 555300000,
    "costAndExpenses": 2435800000,
    "interestIncome": 0,
    "interestExpense": 67800000,
    "depreciationAndAmortization": 145000000,
    "ebitda": 501800000,
    "ebitdaratio": 0.1794514179,
    "operatingIncome": 354200000,
    "operatingIncomeRatio": 0.1266673819,
    "totalOtherIncomeExpensesNet": -65200000,
    "incomeBeforeTax": 289000000,
    "incomeBeforeTaxRatio": 0.1033508565,
    "incomeTaxExpense": -420200000,
    "netIncome": 706800000,
    "netIncomeRatio": 0.2527625791,
    "eps": 6.91,
    "epsdiluted": 6.81,
    "weightedAverageShsOut": 102200000,
    "weightedAverageShsOutDil": 103700000,
    "link": "https://www.sec.gov/Archives/edgar/data/920148/000092014818000024/0000920148-18-000024-index.htm",
    "finalLink": "https://www.sec.gov/Archives/edgar/data/920148/000092014818000024/lh10-k2017.htm"
  },
  {
    "date": "2017-09-30",
    "symbol": "LH",
    "reportedCurrency": "USD",
    "cik": "0000920148",
    "fillingDate": "2017-11-02",
    "acceptedDate": "2017-11-02 13:54:37",
    "calendarYear": "2017",
    "period": "Q3",
    "revenue": 2655200000,
    "costOfRevenue": 1772400000,
    "grossProfit": 882800000,
    "grossProfitRatio": 0.3324796625,
    "researchAndDevelopmentExpenses": 0,
    "generalAndAdministrativeExpenses": 0,
    "sellingAndMarketingExpenses": 0,
    "sellingGeneralAndAdministrativeExpenses": 465300000,
    "otherExpenses": -4200000,
    "operatingExpenses": 519900000,
    "costAndExpenses": 2292300000,
    "interestIncome": 0,
    "interestExpense": 59900000,
    "depreciationAndAmortization": 133100000,
    "ebitda": 459800000,
    "ebitdaratio": 0.1731696294,
    "operatingIncome": 341300000,
    "operatingIncomeRatio": 0.128540223,
    "totalOtherIncomeExpensesNet": -45600000,
    "incomeBeforeTax": 281100000,
    "incomeBeforeTaxRatio": 0.1058677312,
    "incomeTaxExpense": 97700000,
    "netIncome": 180600000,
    "netIncomeRatio": 0.0680174751,
    "eps": 1.77,
    "epsdiluted": 1.74,
    "weightedAverageShsOut": 102300000,
    "weightedAverageShsOutDil": 103700000,
    "link": "https://www.sec.gov/Archives/edgar/data/920148/000092014817000112/0000920148-17-000112-index.htm",
    "finalLink": "https://www.sec.gov/Archives/edgar/data/920148/000092014817000112/lh201710-qq3_new.htm"
  },
  {
    "date": "2017-06-30",
    "symbol": "LH",
    "reportedCurrency": "USD",
    "cik": "0000920148",
    "fillingDate": "2017-08-02",
    "acceptedDate": "2017-08-02 07:03:55",
    "calendarYear": "2017",
    "period": "Q2",
    "revenue": 2542900000,
    "costOfRevenue": 1681100000,
    "grossProfit": 861800000,
    "grossProfitRatio": 0.3389044005,
    "researchAndDevelopmentExpenses": 0,
    "generalAndAdministrativeExpenses": 0,
    "sellingAndMarketingExpenses": 0,
    "sellingGeneralAndAdministrativeExpenses": 435300000,
    "otherExpenses": -800000,
    "operatingExpenses": 486700000,
    "costAndExpenses": 2167800000,
    "interestIncome": 0,
    "interestExpense": 55000000,
    "depreciationAndAmortization": 127000000,
    "ebitda": 506700000,
    "ebitdaratio": 0.1992606866,
    "operatingIncome": 336000000,
    "operatingIncomeRatio": 0.1321326045,
    "totalOtherIncomeExpensesNet": -44700000,
    "incomeBeforeTax": 285100000,
    "incomeBeforeTaxRatio": 0.1121160879,
    "incomeTaxExpense": 96200000,
    "netIncome": 188600000,
    "netIncomeRatio": 0.0741672893,
    "eps": 1.84,
    "epsdiluted": 1.82,
    "weightedAverageShsOut": 102400000,
    "weightedAverageShsOutDil": 103700000,
    "link": "https://www.sec.gov/Archives/edgar/data/920148/000092014817000079/0000920148-17-000079-index.htm",
    "finalLink": "https://www.sec.gov/Archives/edgar/data/920148/000092014817000079/lh201710-qq2_new.htm"
  },
  {
    "date": "2017-03-31",
    "symbol": "LH",
    "reportedCurrency": "USD",
    "cik": "0000920148",
    "fillingDate": "2017-04-28",
    "acceptedDate": "2017-04-28 10:00:38",
    "calendarYear": "2017",
    "period": "Q1",
    "revenue": 2447000000,
    "costOfRevenue": 1643400000,
    "grossProfit": 803600000,
    "grossProfitRatio": 0.3284021251,
    "researchAndDevelopmentExpenses": 0,
    "generalAndAdministrativeExpenses": 0,
    "sellingAndMarketingExpenses": 0,
    "sellingGeneralAndAdministrativeExpenses": 419400000,
    "otherExpenses": -3200000,
    "operatingExpenses": 467000000,
    "costAndExpenses": 2110400000,
    "interestIncome": 0,
    "interestExpense": 52400000,
    "depreciationAndAmortization": 128100000,
    "ebitda": 457200000,
    "ebitdaratio": 0.1868410298,
    "operatingIncome": 332700000,
    "operatingIncomeRatio": 0.1359624029,
    "totalOtherIncomeExpensesNet": -38400000,
    "incomeBeforeTax": 279700000,
    "incomeBeforeTaxRatio": 0.1143032284,
    "incomeTaxExpense": 87200000,
    "netIncome": 192200000,
    "netIncomeRatio": 0.0785451573,
    "eps": 1.87,
    "epsdiluted": 1.84,
    "weightedAverageShsOut": 102500000,
    "weightedAverageShsOutDil": 104300000,
    "link": "https://www.sec.gov/Archives/edgar/data/920148/000092014817000044/0000920148-17-000044-index.htm",
    "finalLink": "https://www.sec.gov/Archives/edgar/data/920148/000092014817000044/lh201710-qq1.htm"
  },
  {
    "date": "2016-12-31",
    "symbol": "LH",
    "reportedCurrency": "USD",
    "cik": "0000920148",
    "fillingDate": "2017-02-27",
    "acceptedDate": "2017-02-27 07:24:14",
    "calendarYear": "2016",
    "period": "Q4",
    "revenue": 2428400000,
    "costOfRevenue": 1640400000,
    "grossProfit": 788000000,
    "grossProfitRatio": 0.3244934937,
    "researchAndDevelopmentExpenses": 0,
    "generalAndAdministrativeExpenses": 0,
    "sellingAndMarketingExpenses": 0,
    "sellingGeneralAndAdministrativeExpenses": 406000000,
    "otherExpenses": 3900000,
    "operatingExpenses": 454800000,
    "costAndExpenses": 2095200000,
    "interestIncome": 0,
    "interestExpense": 52900000,
    "depreciationAndAmortization": 130300000,
    "ebitda": 454200000,
    "ebitdaratio": 0.187036732,
    "operatingIncome": 323400000,
    "operatingIncomeRatio": 0.1331741064,
    "totalOtherIncomeExpensesNet": -46800000,
    "incomeBeforeTax": 276600000,
    "incomeBeforeTaxRatio": 0.1139021578,
    "incomeTaxExpense": 92000000,
    "netIncome": 184400000,
    "netIncomeRatio": 0.0759347719,
    "eps": 1.79,
    "epsdiluted": 1.75,
    "weightedAverageShsOut": 103300000,
    "weightedAverageShsOutDil": 105100000,
    "link": "https://www.sec.gov/Archives/edgar/data/920148/000092014817000018/0000920148-17-000018-index.htm",
    "finalLink": "https://www.sec.gov/Archives/edgar/data/920148/000092014817000018/lh10-k2016.htm"
  },
  {
    "date": "2016-09-30",
    "symbol": "LH",
    "reportedCurrency": "USD",
    "cik": "0000920148",
    "fillingDate": "2016-10-28",
    "acceptedDate": "2016-10-28 08:52:03",
    "calendarYear": "2016",
    "period": "Q3",
    "revenue": 2414700000,
    "costOfRevenue": 1626300000,
    "grossProfit": 788400000,
    "grossProfitRatio": 0.3265001864,
    "researchAndDevelopmentExpenses": 0,
    "generalAndAdministrativeExpenses": 0,
    "sellingAndMarketingExpenses": 0,
    "sellingGeneralAndAdministrativeExpenses": 400500000,
    "otherExpenses": -5600000,
    "operatingExpenses": 441600000,
    "costAndExpenses": 2067900000,
    "interestIncome": 0,
    "interestExpense": 58200000,
    "depreciationAndAmortization": 121100000,
    "ebitda": 484100000,
    "ebitdaratio": 0.2004803909,
    "operatingIncome": 324000000,
    "operatingIncomeRatio": 0.1341781588,
    "totalOtherIncomeExpensesNet": -60600000,
    "incomeBeforeTax": 263400000,
    "incomeBeforeTaxRatio": 0.1090818735,
    "incomeTaxExpense": 83600000,
    "netIncome": 179500000,
    "netIncomeRatio": 0.0743363565,
    "eps": 1.74,
    "epsdiluted": 1.71,
    "weightedAverageShsOut": 102900000,
    "weightedAverageShsOutDil": 104900000,
    "link": "https://www.sec.gov/Archives/edgar/data/920148/000092014816000248/0000920148-16-000248-index.htm",
    "finalLink": "https://www.sec.gov/Archives/edgar/data/920148/000092014816000248/lh201610-qq3.htm"
  },
  {
    "date": "2016-06-30",
    "symbol": "LH",
    "reportedCurrency": "USD",
    "cik": "0000920148",
    "fillingDate": "2016-07-29",
    "acceptedDate": "2016-07-29 10:04:39",
    "calendarYear": "2016",
    "period": "Q2",
    "revenue": 2430700000,
    "costOfRevenue": 1603900000,
    "grossProfit": 826800000,
    "grossProfitRatio": 0.3401489283,
    "researchAndDevelopmentExpenses": 0,
    "generalAndAdministrativeExpenses": 0,
    "sellingAndMarketingExpenses": 0,
    "sellingGeneralAndAdministrativeExpenses": 408000000,
    "otherExpenses": -2400000,
    "operatingExpenses": 453300000,
    "costAndExpenses": 2057200000,
    "interestIncome": 0,
    "interestExpense": 53500000,
    "depreciationAndAmortization": 125400000,
    "ebitda": 505400000,
    "ebitdaratio": 0.2079236434,
    "operatingIncome": 366900000,
    "operatingIncomeRatio": 0.1509441725,
    "totalOtherIncomeExpensesNet": -53600000,
    "incomeBeforeTax": 313300000,
    "incomeBeforeTaxRatio": 0.1288929115,
    "incomeTaxExpense": 114800000,
    "netIncome": 198200000,
    "netIncomeRatio": 0.081540297,
    "eps": 1.94,
    "epsdiluted": 1.91,
    "weightedAverageShsOut": 102200000,
    "weightedAverageShsOutDil": 103900000,
    "link": "https://www.sec.gov/Archives/edgar/data/920148/000092014816000220/0000920148-16-000220-index.htm",
    "finalLink": "https://www.sec.gov/Archives/edgar/data/920148/000092014816000220/lh201610-qq2.htm"
  },
  {
    "date": "2016-03-31",
    "symbol": "LH",
    "reportedCurrency": "USD",
    "cik": "0000920148",
    "fillingDate": "2016-05-06",
    "acceptedDate": "2016-05-06 14:28:31",
    "calendarYear": "2016",
    "period": "Q1",
    "revenue": 2368000000,
    "costOfRevenue": 1590700000,
    "grossProfit": 777300000,
    "grossProfitRatio": 0.3282516892,
    "researchAndDevelopmentExpenses": 0,
    "generalAndAdministrativeExpenses": 0,
    "sellingAndMarketingExpenses": 0,
    "sellingGeneralAndAdministrativeExpenses": 411900000,
    "otherExpenses": 6700000,
    "operatingExpenses": 456200000,
    "costAndExpenses": 2046900000,
    "interestIncome": 0,
    "interestExpense": 54500000,
    "depreciationAndAmortization": 122400000,
    "ebitda": 451200000,
    "ebitdaratio": 0.1905405405,
    "operatingIncome": 301900000,
    "operatingIncomeRatio": 0.1274915541,
    "totalOtherIncomeExpensesNet": -45900000,
    "incomeBeforeTax": 256000000,
    "incomeBeforeTaxRatio": 0.1081081081,
    "incomeTaxExpense": 95500000,
    "netIncome": 160200000,
    "netIncomeRatio": 0.067652027,
    "eps": 1.58,
    "epsdiluted": 1.55,
    "weightedAverageShsOut": 101600000,
    "weightedAverageShsOutDil": 103600000,
    "link": "https://www.sec.gov/Archives/edgar/data/920148/000092014816000193/0000920148-16-000193-index.htm",
    "finalLink": "https://www.sec.gov/Archives/edgar/data/920148/000092014816000193/lh201610-qq1.htm"
  },
  {
    "date": "2015-12-31",
    "symbol": "LH",
    "reportedCurrency": "USD",
    "cik": "0000920148",
    "fillingDate": "2016-02-29",
    "acceptedDate": "2016-02-29 08:35:48",
    "calendarYear": "2015",
    "period": "Q4",
    "revenue": 2300500000,
    "costOfRevenue": 1559800000,
    "grossProfit": 740700000,
    "grossProfitRatio": 0.321973484,
    "researchAndDevelopmentExpenses": 0,
    "generalAndAdministrativeExpenses": 0,
    "sellingAndMarketingExpenses": 0,
    "sellingGeneralAndAdministrativeExpenses": 404900000,
    "otherExpenses": -3500000,
    "operatingExpenses": 443200000,
    "costAndExpenses": 2003000000,
    "interestIncome": 0,
    "interestExpense": 56800000,
    "depreciationAndAmortization": 113300000,
    "ebitda": 356200000,
    "ebitdaratio": 0.1548359052,
    "operatingIncome": 243500000,
    "operatingIncomeRatio": 0.1058465551,
    "totalOtherIncomeExpensesNet": -58400000,
    "incomeBeforeTax": 186200000,
    "incomeBeforeTaxRatio": 0.0809389263,
    "incomeTaxExpense": 71700000,
    "netIncome": 114200000,
    "netIncomeRatio": 0.0496413823,
    "eps": 1.13,
    "epsdiluted": 1.11,
    "weightedAverageShsOut": 101300000,
    "weightedAverageShsOutDil": 103200000,
    "link": "https://www.sec.gov/Archives/edgar/data/920148/000092014816000162/0000920148-16-000162-index.htm",
    "finalLink": "https://www.sec.gov/Archives/edgar/data/920148/000092014816000162/lh10-k2015.htm"
  },
  {
    "date": "2015-09-30",
    "symbol": "LH",
    "reportedCurrency": "USD",
    "cik": "0000920148",
    "fillingDate": "2015-10-30",
    "acceptedDate": "2015-10-30 13:45:36",
    "calendarYear": "2015",
    "period": "Q3",
    "revenue": 2317300000,
    "costOfRevenue": 1554400000,
    "grossProfit": 762900000,
    "grossProfitRatio": 0.3292193501,
    "researchAndDevelopmentExpenses": 0,
    "generalAndAdministrativeExpenses": 0,
    "sellingAndMarketingExpenses": 0,
    "sellingGeneralAndAdministrativeExpenses": 382500000,
    "otherExpenses": -3200000,
    "operatingExpenses": 429600000,
    "costAndExpenses": 1984000000,
    "interestIncome": 0,
    "interestExpense": 55800000,
    "depreciationAndAmortization": 121400000,
    "ebitda": 458900000,
    "ebitdaratio": 0.1980321926,
    "operatingIncome": 306900000,
    "operatingIncomeRatio": 0.1324386139,
    "totalOtherIncomeExpensesNet": -56600000,
    "incomeBeforeTax": 250400000,
    "incomeBeforeTaxRatio": 0.1080567902,
    "incomeTaxExpense": 97300000,
    "netIncome": 152800000,
    "netIncomeRatio": 0.0659388081,
    "eps": 1.51,
    "epsdiluted": 1.49,
    "weightedAverageShsOut": 101100000,
    "weightedAverageShsOutDil": 102900000,
    "link": "https://www.sec.gov/Archives/edgar/data/920148/000092014815000133/0000920148-15-000133-index.htm",
    "finalLink": "https://www.sec.gov/Archives/edgar/data/920148/000092014815000133/lh201510-qq3.htm"
  },
  {
    "date": "2015-06-30",
    "symbol": "LH",
    "reportedCurrency": "USD",
    "cik": "0000920148",
    "fillingDate": "2015-07-30",
    "acceptedDate": "2015-07-30 15:53:03",
    "calendarYear": "2015",
    "period": "Q2",
    "revenue": 2269100000,
    "costOfRevenue": 1494500000,
    "grossProfit": 774600000,
    "grossProfitRatio": 0.3413688246,
    "researchAndDevelopmentExpenses": 0,
    "generalAndAdministrativeExpenses": 0,
    "sellingAndMarketingExpenses": 0,
    "sellingGeneralAndAdministrativeExpenses": 392400000,
    "otherExpenses": -2300000,
    "operatingExpenses": 439000000,
    "costAndExpenses": 1933500000,
    "interestIncome": 0,
    "interestExpense": 57900000,
    "depreciationAndAmortization": 119200000,
    "ebitda": 463700000,
    "ebitdaratio": 0.2043541492,
    "operatingIncome": 321300000,
    "operatingIncomeRatio": 0.1415979904,
    "totalOtherIncomeExpensesNet": -57000000,
    "incomeBeforeTax": 264300000,
    "incomeBeforeTaxRatio": 0.1164778987,
    "incomeTaxExpense": 95600000,
    "netIncome": 168400000,
    "netIncomeRatio": 0.0742144463,
    "eps": 1.67,
    "epsdiluted": 1.64,
    "weightedAverageShsOut": 100700000,
    "weightedAverageShsOutDil": 102500000,
    "link": "https://www.sec.gov/Archives/edgar/data/920148/000092014815000097/0000920148-15-000097-index.htm",
    "finalLink": "https://www.sec.gov/Archives/edgar/data/920148/000092014815000097/lh201510-qq2.htm"
  },
  {
    "date": "2015-03-31",
    "symbol": "LH",
    "reportedCurrency": "USD",
    "cik": "0000920148",
    "fillingDate": "2015-05-04",
    "acceptedDate": "2015-05-04 15:49:45",
    "calendarYear": "2015",
    "period": "Q1",
    "revenue": 1793200000,
    "costOfRevenue": 1197200000,
    "grossProfit": 596000000,
    "grossProfitRatio": 0.3323667187,
    "researchAndDevelopmentExpenses": 0,
    "generalAndAdministrativeExpenses": 0,
    "sellingAndMarketingExpenses": 0,
    "sellingGeneralAndAdministrativeExpenses": 415100000,
    "otherExpenses": 1100000,
    "operatingExpenses": 446500000,
    "costAndExpenses": 1643700000,
    "interestIncome": 0,
    "interestExpense": 104300000,
    "depreciationAndAmortization": 104700000,
    "ebitda": 373700000,
    "ebitdaratio": 0.2083983939,
    "operatingIncome": 130200000,
    "operatingIncomeRatio": 0.0726076288,
    "totalOtherIncomeExpensesNet": -99900000,
    "incomeBeforeTax": 30300000,
    "incomeBeforeTaxRatio": 0.0168971671,
    "incomeTaxExpense": 29300000,
    "netIncome": 700000,
    "netIncomeRatio": 0.0003903636,
    "eps": 0.01,
    "epsdiluted": 0.01,
    "weightedAverageShsOut": 91900000,
    "weightedAverageShsOutDil": 93800000,
    "link": "https://www.sec.gov/Archives/edgar/data/920148/000092014815000057/0000920148-15-000057-index.htm",
    "finalLink": "https://www.sec.gov/Archives/edgar/data/920148/000092014815000057/lh201510-qq1.htm"
  },
  {
    "date": "2014-12-31",
    "symbol": "LH",
    "reportedCurrency": "USD",
    "cik": "0000920148",
    "fillingDate": "2015-02-26",
    "acceptedDate": "2015-02-26 17:25:15",
    "calendarYear": "2014",
    "period": "Q4",
    "revenue": 1512700000,
    "costOfRevenue": 966200000,
    "grossProfit": 546500000,
    "grossProfitRatio": 0.3612745422,
    "researchAndDevelopmentExpenses": 0,
    "generalAndAdministrativeExpenses": 0,
    "sellingAndMarketingExpenses": 0,
    "sellingGeneralAndAdministrativeExpenses": 309700000,
    "otherExpenses": -3500000,
    "operatingExpenses": 325100000,
    "costAndExpenses": 1291300000,
    "interestIncome": 0,
    "interestExpense": 32100000,
    "depreciationAndAmortization": 63500000,
    "ebitda": 283100000,
    "ebitdaratio": 0.1871488068,
    "operatingIncome": 219000000,
    "operatingIncomeRatio": 0.1447742447,
    "totalOtherIncomeExpensesNet": -31500000,
    "incomeBeforeTax": 187500000,
    "incomeBeforeTaxRatio": 0.123950552,
    "incomeTaxExpense": 67600000,
    "netIncome": 119600000,
    "netIncomeRatio": 0.0790639254,
    "eps": 1.41,
    "epsdiluted": 1.39,
    "weightedAverageShsOut": 84600000,
    "weightedAverageShsOutDil": 86300000,
    "link": "https://www.sec.gov/Archives/edgar/data/920148/000092014815000020/0000920148-15-000020-index.htm",
    "finalLink": "https://www.sec.gov/Archives/edgar/data/920148/000092014815000020/lh10-k2014.htm"
  },
  {
    "date": "2014-09-30",
    "symbol": "LH",
    "reportedCurrency": "USD",
    "cik": "0000920148",
    "fillingDate": "2014-11-10",
    "acceptedDate": "2014-11-10 11:18:40",
    "calendarYear": "2014",
    "period": "Q3",
    "revenue": 1551800000,
    "costOfRevenue": 980600000,
    "grossProfit": 571200000,
    "grossProfitRatio": 0.3680886712,
    "researchAndDevelopmentExpenses": 0,
    "generalAndAdministrativeExpenses": 0,
    "sellingAndMarketingExpenses": 0,
    "sellingGeneralAndAdministrativeExpenses": 305700000,
    "otherExpenses": -500000,
    "operatingExpenses": 324000000,
    "costAndExpenses": 1304600000,
    "interestIncome": 0,
    "interestExpense": 25900000,
    "depreciationAndAmortization": 58500000,
    "ebitda": 315800000,
    "ebitdaratio": 0.2035056064,
    "operatingIncome": 241400000,
    "operatingIncomeRatio": 0.1555612837,
    "totalOtherIncomeExpensesNet": -22400000,
    "incomeBeforeTax": 219000000,
    "incomeBeforeTaxRatio": 0.1411264338,
    "incomeTaxExpense": 81500000,
    "netIncome": 137200000,
    "netIncomeRatio": 0.0884134553,
    "eps": 1.62,
    "epsdiluted": 1.59,
    "weightedAverageShsOut": 84900000,
    "weightedAverageShsOutDil": 86500000,
    "link": "https://www.sec.gov/Archives/edgar/data/920148/000092014814000098/0000920148-14-000098-index.htm",
    "finalLink": "https://www.sec.gov/Archives/edgar/data/920148/000092014814000098/lh201410-qq3.htm"
  },
  {
    "date": "2014-06-30",
    "symbol": "LH",
    "reportedCurrency": "USD",
    "cik": "0000920148",
    "fillingDate": "2014-07-29",
    "acceptedDate": "2014-07-29 14:29:08",
    "calendarYear": "2014",
    "period": "Q2",
    "revenue": 1516400000,
    "costOfRevenue": 947800000,
    "grossProfit": 568600000,
    "grossProfitRatio": 0.3749670272,
    "researchAndDevelopmentExpenses": 0,
    "generalAndAdministrativeExpenses": 0,
    "sellingAndMarketingExpenses": 0,
    "sellingGeneralAndAdministrativeExpenses": 297900000,
    "otherExpenses": 7500000,
    "operatingExpenses": 319900000,
    "costAndExpenses": 1267700000,
    "interestIncome": 0,
    "interestExpense": 25800000,
    "depreciationAndAmortization": 62800000,
    "ebitda": 316200000,
    "ebitdaratio": 0.2085201794,
    "operatingIncome": 246700000,
    "operatingIncomeRatio": 0.1626879451,
    "totalOtherIncomeExpensesNet": -14200000,
    "incomeBeforeTax": 232500000,
    "incomeBeforeTaxRatio": 0.1533236613,
    "incomeTaxExpense": 90800000,
    "netIncome": 141300000,
    "netIncomeRatio": 0.0931812187,
    "eps": 1.67,
    "epsdiluted": 1.64,
    "weightedAverageShsOut": 84700000,
    "weightedAverageShsOutDil": 86300000,
    "link": "https://www.sec.gov/Archives/edgar/data/920148/000092014814000074/0000920148-14-000074-index.htm",
    "finalLink": "https://www.sec.gov/Archives/edgar/data/920148/000092014814000074/lh201410-qq2.htm"
  },
  {
    "date": "2014-03-31",
    "symbol": "LH",
    "reportedCurrency": "USD",
    "cik": "0000920148",
    "fillingDate": "2014-04-29",
    "acceptedDate": "2014-04-29 13:52:56",
    "calendarYear": "2014",
    "period": "Q1",
    "revenue": 1430700000,
    "costOfRevenue": 913900000,
    "grossProfit": 516800000,
    "grossProfitRatio": 0.3612217795,
    "researchAndDevelopmentExpenses": 0,
    "generalAndAdministrativeExpenses": 0,
    "sellingAndMarketingExpenses": 0,
    "sellingGeneralAndAdministrativeExpenses": 284900000,
    "otherExpenses": 6900000,
    "operatingExpenses": 305900000,
    "costAndExpenses": 1219800000,
    "interestIncome": 0,
    "interestExpense": 25700000,
    "depreciationAndAmortization": 21000000,
    "ebitda": 271600000,
    "ebitdaratio": 0.1898371427,
    "operatingIncome": 203300000,
    "operatingIncomeRatio": 0.1420982736,
    "totalOtherIncomeExpensesNet": -15600000,
    "incomeBeforeTax": 187700000,
    "incomeBeforeTaxRatio": 0.1311945202,
    "incomeTaxExpense": 74200000,
    "netIncome": 113100000,
    "netIncomeRatio": 0.0790522122,
    "eps": 1.33,
    "epsdiluted": 1.31,
    "weightedAverageShsOut": 84800000,
    "weightedAverageShsOutDil": 86600000,
    "link": "https://www.sec.gov/Archives/edgar/data/920148/000092014814000046/0000920148-14-000046-index.htm",
    "finalLink": "https://www.sec.gov/Archives/edgar/data/920148/000092014814000046/lh201410-qq1.htm"
  },
  {
    "date": "2013-12-31",
    "symbol": "LH",
    "reportedCurrency": "USD",
    "cik": "0000920148",
    "fillingDate": "2014-02-25",
    "acceptedDate": "2014-02-25 15:27:12",
    "calendarYear": "2013",
    "period": "Q4",
    "revenue": 1437000000,
    "costOfRevenue": 910900000,
    "grossProfit": 526100000,
    "grossProfitRatio": 0.3661099513,
    "researchAndDevelopmentExpenses": 0,
    "generalAndAdministrativeExpenses": 0,
    "sellingAndMarketingExpenses": 0,
    "sellingGeneralAndAdministrativeExpenses": 285700000,
    "otherExpenses": -1200000,
    "operatingExpenses": 307100000,
    "costAndExpenses": 1218000000,
    "interestIncome": 0,
    "interestExpense": 31400000,
    "depreciationAndAmortization": 21400000,
    "ebitda": 278200000,
    "ebitdaratio": 0.1935977731,
    "operatingIncome": 215000000,
    "operatingIncomeRatio": 0.1496172582,
    "totalOtherIncomeExpensesNet": -20800000,
    "incomeBeforeTax": 194200000,
    "incomeBeforeTaxRatio": 0.1351426583,
    "incomeTaxExpense": 67500000,
    "netIncome": 126300000,
    "netIncomeRatio": 0.0878914405,
    "eps": 1.47,
    "epsdiluted": 1.43,
    "weightedAverageShsOut": 85700000,
    "weightedAverageShsOutDil": 88300000,
    "link": "https://www.sec.gov/Archives/edgar/data/920148/000092014814000021/0000920148-14-000021-index.htm",
    "finalLink": "https://www.sec.gov/Archives/edgar/data/920148/000092014814000021/lh10-k2013.htm"
  },
  {
    "date": "2013-09-30",
    "symbol": "LH",
    "reportedCurrency": "USD",
    "cik": "0000920148",
    "fillingDate": "2013-10-28",
    "acceptedDate": "2013-10-28 09:02:07",
    "calendarYear": "2013",
    "period": "Q3",
    "revenue": 1462200000,
    "costOfRevenue": 914600000,
    "grossProfit": 547600000,
    "grossProfitRatio": 0.3745041718,
    "researchAndDevelopmentExpenses": 0,
    "generalAndAdministrativeExpenses": 0,
    "sellingAndMarketingExpenses": 0,
    "sellingGeneralAndAdministrativeExpenses": 279000000,
    "otherExpenses": 4700000,
    "operatingExpenses": 299300000,
    "costAndExpenses": 1213900000,
    "interestIncome": 0,
    "interestExpense": 24700000,
    "depreciationAndAmortization": 20300000,
    "ebitda": 306200000,
    "ebitdaratio": 0.2094104774,
    "operatingIncome": 244600000,
    "operatingIncomeRatio": 0.1672821775,
    "totalOtherIncomeExpensesNet": -14600000,
    "incomeBeforeTax": 230000000,
    "incomeBeforeTaxRatio": 0.1572972234,
    "incomeTaxExpense": 81300000,
    "netIncome": 148300000,
    "netIncomeRatio": 0.101422514,
    "eps": 1.69,
    "epsdiluted": 1.63,
    "weightedAverageShsOut": 87800000,
    "weightedAverageShsOutDil": 90900000,
    "link": "https://www.sec.gov/Archives/edgar/data/920148/000092014813000096/0000920148-13-000096-index.htm",
    "finalLink": "https://www.sec.gov/Archives/edgar/data/920148/000092014813000096/lh201310-qq3.htm"
  },
  {
    "date": "2013-06-30",
    "symbol": "LH",
    "reportedCurrency": "USD",
    "cik": "0000920148",
    "fillingDate": "2013-07-30",
    "acceptedDate": "2013-07-30 09:49:18",
    "calendarYear": "2013",
    "period": "Q2",
    "revenue": 1468200000,
    "costOfRevenue": 890900000,
    "grossProfit": 577300000,
    "grossProfitRatio": 0.393202561,
    "researchAndDevelopmentExpenses": 0,
    "generalAndAdministrativeExpenses": 0,
    "sellingAndMarketingExpenses": 0,
    "sellingGeneralAndAdministrativeExpenses": 280900000,
    "otherExpenses": -800000,
    "operatingExpenses": 301400000,
    "costAndExpenses": 1192300000,
    "interestIncome": 0,
    "interestExpense": 23100000,
    "depreciationAndAmortization": 20500000,
    "ebitda": 300000000,
    "ebitdaratio": 0.2043318349,
    "operatingIncome": 269300000,
    "operatingIncomeRatio": 0.1834218771,
    "totalOtherIncomeExpensesNet": -19300000,
    "incomeBeforeTax": 250000000,
    "incomeBeforeTaxRatio": 0.1702765291,
    "incomeTaxExpense": 97700000,
    "netIncome": 151900000,
    "netIncomeRatio": 0.1034600191,
    "eps": 1.68,
    "epsdiluted": 1.62,
    "weightedAverageShsOut": 90500000,
    "weightedAverageShsOutDil": 93700000,
    "link": "https://www.sec.gov/Archives/edgar/data/920148/000092014813000072/0000920148-13-000072-index.htm",
    "finalLink": "https://www.sec.gov/Archives/edgar/data/920148/000092014813000072/lh201310-qq2.htm"
  },
  {
    "date": "2013-03-31",
    "symbol": "LH",
    "reportedCurrency": "USD",
    "cik": "0000920148",
    "fillingDate": "2013-05-01",
    "acceptedDate": "2013-05-01 11:51:30",
    "calendarYear": "2013",
    "period": "Q1",
    "revenue": 1440900000,
    "costOfRevenue": 868700000,
    "grossProfit": 572200000,
    "grossProfitRatio": 0.3971129155,
    "researchAndDevelopmentExpenses": 0,
    "generalAndAdministrativeExpenses": 0,
    "sellingAndMarketingExpenses": 0,
    "sellingGeneralAndAdministrativeExpenses": 283200000,
    "otherExpenses": -600000,
    "operatingExpenses": 302700000,
    "costAndExpenses": 1171400000,
    "interestIncome": 0,
    "interestExpense": 24500000,
    "depreciationAndAmortization": 19500000,
    "ebitda": 292700000,
    "ebitdaratio": 0.2031369283,
    "operatingIncome": 262000000,
    "operatingIncomeRatio": 0.1818308002,
    "totalOtherIncomeExpensesNet": -20600000,
    "incomeBeforeTax": 241400000,
    "incomeBeforeTaxRatio": 0.16753418,
    "incomeTaxExpense": 93800000,
    "netIncome": 147200000,
    "netIncomeRatio": 0.1021583732,
    "eps": 1.59,
    "epsdiluted": 1.56,
    "weightedAverageShsOut": 92800000,
    "weightedAverageShsOutDil": 94500000,
    "link": "https://www.sec.gov/Archives/edgar/data/920148/000092014813000044/0000920148-13-000044-index.htm",
    "finalLink": "https://www.sec.gov/Archives/edgar/data/920148/000092014813000044/lh201310-qq1.htm"
  },
  {
    "date": "2012-12-31",
    "symbol": "LH",
    "reportedCurrency": "USD",
    "cik": "0000920148",
    "fillingDate": "2013-02-26",
    "acceptedDate": "2013-02-26 13:25:55",
    "calendarYear": "2012",
    "period": "Q4",
    "revenue": 1405300000,
    "costOfRevenue": 867300000,
    "grossProfit": 538000000,
    "grossProfitRatio": 0.382836405,
    "researchAndDevelopmentExpenses": 0,
    "generalAndAdministrativeExpenses": 0,
    "sellingAndMarketingExpenses": 0,
    "sellingGeneralAndAdministrativeExpenses": 278800000,
    "otherExpenses": -500000,
    "operatingExpenses": 302000000,
    "costAndExpenses": 1169300000,
    "interestIncome": 27300000,
    "interestExpense": 0,
    "depreciationAndAmortization": 23200000,
    "ebitda": 278500000,
    "ebitdaratio": 0.1981783249,
    "operatingIncome": 215300000,
    "operatingIncomeRatio": 0.1532057212,
    "totalOtherIncomeExpensesNet": -23800000,
    "incomeBeforeTax": 191500000,
    "incomeBeforeTaxRatio": 0.1362698356,
    "incomeTaxExpense": 70900000,
    "netIncome": 120200000,
    "netIncomeRatio": 0.0855333381,
    "eps": 1.29,
    "epsdiluted": 1.26,
    "weightedAverageShsOut": 93500000,
    "weightedAverageShsOutDil": 95300000,
    "link": "https://www.sec.gov/Archives/edgar/data/920148/000092014813000022/0000920148-13-000022-index.htm",
    "finalLink": "https://www.sec.gov/Archives/edgar/data/920148/000092014813000022/lh10-k2012.htm"
  },
  {
    "date": "2012-09-30",
    "symbol": "LH",
    "reportedCurrency": "USD",
    "cik": "0000920148",
    "fillingDate": "2012-10-30",
    "acceptedDate": "2012-10-30 09:24:44",
    "calendarYear": "2012",
    "period": "Q3",
    "revenue": 1419400000,
    "costOfRevenue": 863300000,
    "grossProfit": 556100000,
    "grossProfitRatio": 0.3917852614,
    "researchAndDevelopmentExpenses": 0,
    "generalAndAdministrativeExpenses": 0,
    "sellingAndMarketingExpenses": 0,
    "sellingGeneralAndAdministrativeExpenses": 285100000,
    "otherExpenses": 21100000,
    "operatingExpenses": 306200000,
    "costAndExpenses": 1169500000,
    "interestIncome": 300000,
    "interestExpense": 24100000,
    "depreciationAndAmortization": 21100000,
    "ebitda": 276400000,
    "ebitdaratio": 0.1947301677,
    "operatingIncome": 245100000,
    "operatingIncomeRatio": 0.1726785966,
    "totalOtherIncomeExpensesNet": -18200000,
    "incomeBeforeTax": 226900000,
    "incomeBeforeTaxRatio": 0.1598562773,
    "incomeTaxExpense": 78500000,
    "netIncome": 148000000,
    "netIncomeRatio": 0.1042694096,
    "eps": 1.56,
    "epsdiluted": 1.53,
    "weightedAverageShsOut": 94900000,
    "weightedAverageShsOutDil": 96800000,
    "link": "https://www.sec.gov/Archives/edgar/data/920148/000092014812000123/0000920148-12-000123-index.htm",
    "finalLink": "https://www.sec.gov/Archives/edgar/data/920148/000092014812000123/lh10-qq3.htm"
  },
  {
    "date": "2012-06-30",
    "symbol": "LH",
    "reportedCurrency": "USD",
    "cik": "0000920148",
    "fillingDate": "2012-08-02",
    "acceptedDate": "2012-08-02 14:02:02",
    "calendarYear": "2012",
    "period": "Q2",
    "revenue": 1423400000,
    "costOfRevenue": 843900000,
    "grossProfit": 579500000,
    "grossProfitRatio": 0.4071237881,
    "researchAndDevelopmentExpenses": 0,
    "generalAndAdministrativeExpenses": 0,
    "sellingAndMarketingExpenses": 0,
    "sellingGeneralAndAdministrativeExpenses": 279500000,
    "otherExpenses": 20600000,
    "operatingExpenses": 300100000,
    "costAndExpenses": 1144000000,
    "interestIncome": 200000,
    "interestExpense": 21300000,
    "depreciationAndAmortization": 20600000,
    "ebitda": 308200000,
    "ebitdaratio": 0.2165238162,
    "operatingIncome": 276000000,
    "operatingIncomeRatio": 0.193901925,
    "totalOtherIncomeExpensesNet": -19800000,
    "incomeBeforeTax": 256200000,
    "incomeBeforeTaxRatio": 0.1799915695,
    "incomeTaxExpense": 102400000,
    "netIncome": 153300000,
    "netIncomeRatio": 0.1076998735,
    "eps": 1.6,
    "epsdiluted": 1.56,
    "weightedAverageShsOut": 95800000,
    "weightedAverageShsOutDil": 98000000,
    "link": "https://www.sec.gov/Archives/edgar/data/920148/000092014812000095/0000920148-12-000095-index.htm",
    "finalLink": "https://www.sec.gov/Archives/edgar/data/920148/000092014812000095/lh10-qq2.htm"
  },
  {
    "date": "2012-03-31",
    "symbol": "LH",
    "reportedCurrency": "USD",
    "cik": "0000920148",
    "fillingDate": "2012-04-27",
    "acceptedDate": "2012-04-27 11:40:37",
    "calendarYear": "2012",
    "period": "Q1",
    "revenue": 1423300000,
    "costOfRevenue": 847200000,
    "grossProfit": 576100000,
    "grossProfitRatio": 0.4047635776,
    "researchAndDevelopmentExpenses": 0,
    "generalAndAdministrativeExpenses": 0,
    "sellingAndMarketingExpenses": 0,
    "sellingGeneralAndAdministrativeExpenses": 271200000,
    "otherExpenses": 21400000,
    "operatingExpenses": 292600000,
    "costAndExpenses": 1139800000,
    "interestIncome": 200000,
    "interestExpense": 21500000,
    "depreciationAndAmortization": 21400000,
    "ebitda": 309400000,
    "ebitdaratio": 0.2173821401,
    "operatingIncome": 287100000,
    "operatingIncomeRatio": 0.2017143259,
    "totalOtherIncomeExpensesNet": -17500000,
    "incomeBeforeTax": 269600000,
    "incomeBeforeTaxRatio": 0.1894189559,
    "incomeTaxExpense": 107600000,
    "netIncome": 161600000,
    "netIncomeRatio": 0.1135389588,
    "eps": 1.66,
    "epsdiluted": 1.63,
    "weightedAverageShsOut": 97100000,
    "weightedAverageShsOutDil": 99100000,
    "link": "https://www.sec.gov/Archives/edgar/data/920148/000092014812000057/0000920148-12-000057-index.htm",
    "finalLink": "https://www.sec.gov/Archives/edgar/data/920148/000092014812000057/lh10-qq1.htm"
  },
  {
    "date": "2011-12-31",
    "symbol": "LH",
    "reportedCurrency": "USD",
    "cik": "0000920148",
    "fillingDate": "2012-02-24",
    "acceptedDate": "2012-02-23 19:22:58",
    "calendarYear": "2011",
    "period": "Q4",
    "revenue": 1366100000,
    "costOfRevenue": 816500000,
    "grossProfit": 549600000,
    "grossProfitRatio": 0.4023131542,
    "researchAndDevelopmentExpenses": 0,
    "generalAndAdministrativeExpenses": 0,
    "sellingAndMarketingExpenses": 0,
    "sellingGeneralAndAdministrativeExpenses": 270300000,
    "otherExpenses": 21200000,
    "operatingExpenses": 291500000,
    "costAndExpenses": 1108000000,
    "interestIncome": 0,
    "interestExpense": 22200000,
    "depreciationAndAmortization": 57800000,
    "ebitda": 305000000,
    "ebitdaratio": 0.2232633043,
    "operatingIncome": 247500000,
    "operatingIncomeRatio": 0.1811726814,
    "totalOtherIncomeExpensesNet": -22500000,
    "incomeBeforeTax": 225000000,
    "incomeBeforeTaxRatio": 0.1647024376,
    "incomeTaxExpense": 86800000,
    "netIncome": 135400000,
    "netIncomeRatio": 0.0991142669,
    "eps": 1.39,
    "epsdiluted": 1.39,
    "weightedAverageShsOut": 97100000,
    "weightedAverageShsOutDil": 97100000,
    "link": "https://www.sec.gov/Archives/edgar/data/920148/000092014812000039/0000920148-12-000039-index.htm",
    "finalLink": "https://www.sec.gov/Archives/edgar/data/920148/000092014812000039/lh10k2.htm"
  },
  {
    "date": "2011-09-30",
    "symbol": "LH",
    "reportedCurrency": "USD",
    "cik": "0000920148",
    "fillingDate": "2011-10-31",
    "acceptedDate": "2011-10-31 17:13:01",
    "calendarYear": "2011",
    "period": "Q3",
    "revenue": 1404500000,
    "costOfRevenue": 836000000,
    "grossProfit": 568500000,
    "grossProfitRatio": 0.4047703809,
    "researchAndDevelopmentExpenses": 0,
    "generalAndAdministrativeExpenses": 0,
    "sellingAndMarketingExpenses": 0,
    "sellingGeneralAndAdministrativeExpenses": 283800000,
    "otherExpenses": 21200000,
    "operatingExpenses": 305000000,
    "costAndExpenses": 1141000000,
    "interestIncome": 200000,
    "interestExpense": 20300000,
    "depreciationAndAmortization": 21200000,
    "ebitda": 298100000,
    "ebitdaratio": 0.212246351,
    "operatingIncome": 239400000,
    "operatingIncomeRatio": 0.1704521182,
    "totalOtherIncomeExpensesNet": -19300000,
    "incomeBeforeTax": 220100000,
    "incomeBeforeTaxRatio": 0.1567105732,
    "incomeTaxExpense": 82500000,
    "netIncome": 134300000,
    "netIncomeRatio": 0.0956212175,
    "eps": 1.35,
    "epsdiluted": 1.31,
    "weightedAverageShsOut": 99700000,
    "weightedAverageShsOutDil": 102200000,
    "link": "https://www.sec.gov/Archives/edgar/data/920148/000092014811000095/0000920148-11-000095-index.htm",
    "finalLink": "https://www.sec.gov/Archives/edgar/data/920148/000092014811000095/labcorp10q.htm"
  },
  {
    "date": "2011-06-30",
    "symbol": "LH",
    "reportedCurrency": "USD",
    "cik": "0000920148",
    "fillingDate": "2011-08-02",
    "acceptedDate": "2011-08-02 16:36:27",
    "calendarYear": "2011",
    "period": "Q2",
    "revenue": 1403300000,
    "costOfRevenue": 815100000,
    "grossProfit": 588200000,
    "grossProfitRatio": 0.4191548493,
    "researchAndDevelopmentExpenses": 0,
    "generalAndAdministrativeExpenses": 0,
    "sellingAndMarketingExpenses": 0,
    "sellingGeneralAndAdministrativeExpenses": 322700000,
    "otherExpenses": 21500000,
    "operatingExpenses": 344200000,
    "costAndExpenses": 1159300000,
    "interestIncome": 200000,
    "interestExpense": 21000000,
    "depreciationAndAmortization": 21500000,
    "ebitda": 286100000,
    "ebitdaratio": 0.2038765766,
    "operatingIncome": 225700000,
    "operatingIncomeRatio": 0.1608351742,
    "totalOtherIncomeExpensesNet": -18400000,
    "incomeBeforeTax": 207300000,
    "incomeBeforeTaxRatio": 0.1477232238,
    "incomeTaxExpense": 80600000,
    "netIncome": 122900000,
    "netIncomeRatio": 0.0875792774,
    "eps": 1.2,
    "epsdiluted": 1.2,
    "weightedAverageShsOut": 102800000,
    "weightedAverageShsOutDil": 102800000,
    "link": "https://www.sec.gov/Archives/edgar/data/920148/000092014811000071/0000920148-11-000071-index.htm",
    "finalLink": "https://www.sec.gov/Archives/edgar/data/920148/000092014811000071/labcorp10q.htm"
  },
  {
    "date": "2011-03-31",
    "symbol": "LH",
    "reportedCurrency": "USD",
    "cik": "0000920148",
    "fillingDate": "2011-05-04",
    "acceptedDate": "2011-05-04 15:49:50",
    "calendarYear": "2011",
    "period": "Q1",
    "revenue": 1368400000,
    "costOfRevenue": 800000000,
    "grossProfit": 568400000,
    "grossProfitRatio": 0.4153756212,
    "researchAndDevelopmentExpenses": 0,
    "generalAndAdministrativeExpenses": 0,
    "sellingAndMarketingExpenses": 0,
    "sellingGeneralAndAdministrativeExpenses": 282800000,
    "otherExpenses": 21900000,
    "operatingExpenses": 304700000,
    "costAndExpenses": 1104700000,
    "interestIncome": 300000,
    "interestExpense": 24000000,
    "depreciationAndAmortization": 21900000,
    "ebitda": 295800000,
    "ebitdaratio": 0.2161648641,
    "operatingIncome": 235800000,
    "operatingIncomeRatio": 0.1723180357,
    "totalOtherIncomeExpensesNet": -22100000,
    "incomeBeforeTax": 213700000,
    "incomeBeforeTaxRatio": 0.1561677872,
    "incomeTaxExpense": 83100000,
    "netIncome": 127100000,
    "netIncomeRatio": 0.0928821982,
    "eps": 1.27,
    "epsdiluted": 1.23,
    "weightedAverageShsOut": 100200000,
    "weightedAverageShsOutDil": 103200000,
    "link": "https://www.sec.gov/Archives/edgar/data/920148/000092014811000043/0000920148-11-000043-index.htm",
    "finalLink": "https://www.sec.gov/Archives/edgar/data/920148/000092014811000043/labcorp10q.htm"
  },
  {
    "date": "2010-12-31",
    "symbol": "LH",
    "reportedCurrency": "USD",
    "cik": "0000920148",
    "fillingDate": "2011-03-01",
    "acceptedDate": "2011-03-01 17:11:32",
    "calendarYear": "2010",
    "period": "Q4",
    "revenue": 1295400000,
    "costOfRevenue": 765800000,
    "grossProfit": 529600000,
    "grossProfitRatio": 0.408831249,
    "researchAndDevelopmentExpenses": 0,
    "generalAndAdministrativeExpenses": 0,
    "sellingAndMarketingExpenses": 0,
    "sellingGeneralAndAdministrativeExpenses": 272400000,
    "otherExpenses": 19600000,
    "operatingExpenses": 292000000,
    "costAndExpenses": 1057800000,
    "interestIncome": 300000,
    "interestExpense": 19300000,
    "depreciationAndAmortization": 52900000,
    "ebitda": 288100000,
    "ebitdaratio": 0.2224023468,
    "operatingIncome": 238800000,
    "operatingIncomeRatio": 0.184344604,
    "totalOtherIncomeExpensesNet": -22900000,
    "incomeBeforeTax": 215900000,
    "incomeBeforeTaxRatio": 0.1666666667,
    "incomeTaxExpense": 80800000,
    "netIncome": 131800000,
    "netIncomeRatio": 0.1017446349,
    "eps": 1.32,
    "epsdiluted": 1.32,
    "weightedAverageShsOut": 100200000,
    "weightedAverageShsOutDil": 100200000,
    "link": "https://www.sec.gov/Archives/edgar/data/920148/000092014811000021/0000920148-11-000021-index.htm",
    "finalLink": "https://www.sec.gov/Archives/edgar/data/920148/000092014811000021/labcorp10k.htm"
  },
  {
    "date": "2010-09-30",
    "symbol": "LH",
    "reportedCurrency": "USD",
    "cik": "0000920148",
    "fillingDate": "2010-11-01",
    "acceptedDate": "2010-11-01 17:00:02",
    "calendarYear": "2010",
    "period": "Q3",
    "revenue": 1276500000,
    "costOfRevenue": 748800000,
    "grossProfit": 527700000,
    "grossProfitRatio": 0.4133960047,
    "researchAndDevelopmentExpenses": 0,
    "generalAndAdministrativeExpenses": 0,
    "sellingAndMarketingExpenses": 0,
    "sellingGeneralAndAdministrativeExpenses": 270500000,
    "otherExpenses": 18000000,
    "operatingExpenses": 288500000,
    "costAndExpenses": 1037300000,
    "interestIncome": 300000,
    "interestExpense": 21600000,
    "depreciationAndAmortization": 18000000,
    "ebitda": 261700000,
    "ebitdaratio": 0.2050137094,
    "operatingIncome": 235300000,
    "operatingIncomeRatio": 0.1843321582,
    "totalOtherIncomeExpensesNet": -18700000,
    "incomeBeforeTax": 216600000,
    "incomeBeforeTaxRatio": 0.1696827262,
    "incomeTaxExpense": 73500000,
    "netIncome": 140000000,
    "netIncomeRatio": 0.1096748923,
    "eps": 1.38,
    "epsdiluted": 1.38,
    "weightedAverageShsOut": 101700000,
    "weightedAverageShsOutDil": 104100000,
    "link": "https://www.sec.gov/Archives/edgar/data/920148/000092014810000098/0000920148-10-000098-index.htm",
    "finalLink": "https://www.sec.gov/Archives/edgar/data/920148/000092014810000098/labcorp10q.htm"
  },
  {
    "date": "2010-06-30",
    "symbol": "LH",
    "reportedCurrency": "USD",
    "cik": "0000920148",
    "fillingDate": "2010-07-27",
    "acceptedDate": "2010-07-27 13:15:41",
    "calendarYear": "2010",
    "period": "Q2",
    "revenue": 1238400000,
    "costOfRevenue": 704800000,
    "grossProfit": 533600000,
    "grossProfitRatio": 0.430878553,
    "researchAndDevelopmentExpenses": 0,
    "generalAndAdministrativeExpenses": 0,
    "sellingAndMarketingExpenses": 0,
    "sellingGeneralAndAdministrativeExpenses": 245400000,
    "otherExpenses": 17700000,
    "operatingExpenses": 263100000,
    "costAndExpenses": 967900000,
    "interestIncome": 200000,
    "interestExpense": 14500000,
    "depreciationAndAmortization": 17700000,
    "ebitda": 293000000,
    "ebitdaratio": 0.2365956072,
    "operatingIncome": 270500000,
    "operatingIncomeRatio": 0.2184270026,
    "totalOtherIncomeExpensesNet": -10500000,
    "incomeBeforeTax": 260000000,
    "incomeBeforeTaxRatio": 0.2099483204,
    "incomeTaxExpense": 102800000,
    "netIncome": 153700000,
    "netIncomeRatio": 0.1241117571,
    "eps": 1.49,
    "epsdiluted": 1.46,
    "weightedAverageShsOut": 104600000,
    "weightedAverageShsOutDil": 105400000,
    "link": "https://www.sec.gov/Archives/edgar/data/920148/000092014810000065/0000920148-10-000065-index.htm",
    "finalLink": "https://www.sec.gov/Archives/edgar/data/920148/000092014810000065/labcorp10q.htm"
  },
  {
    "date": "2010-03-31",
    "symbol": "LH",
    "reportedCurrency": "USD",
    "cik": "0000920148",
    "fillingDate": "2010-04-28",
    "acceptedDate": "2010-04-28 16:43:23",
    "calendarYear": "2010",
    "period": "Q1",
    "revenue": 1193600000,
    "costOfRevenue": 686700000,
    "grossProfit": 506900000,
    "grossProfitRatio": 0.4246816354,
    "researchAndDevelopmentExpenses": 0,
    "generalAndAdministrativeExpenses": 0,
    "sellingAndMarketingExpenses": 0,
    "sellingGeneralAndAdministrativeExpenses": 246000000,
    "otherExpenses": 17400000,
    "operatingExpenses": 263400000,
    "costAndExpenses": 950100000,
    "interestIncome": 300000,
    "interestExpense": 14600000,
    "depreciationAndAmortization": 17400000,
    "ebitda": 265000000,
    "ebitdaratio": 0.2220174263,
    "operatingIncome": 234200000,
    "operatingIncomeRatio": 0.1962131367,
    "totalOtherIncomeExpensesNet": -11100000,
    "incomeBeforeTax": 223100000,
    "incomeBeforeTaxRatio": 0.1869135389,
    "incomeTaxExpense": 86900000,
    "netIncome": 132700000,
    "netIncomeRatio": 0.1111762735,
    "eps": 1.27,
    "epsdiluted": 1.27,
    "weightedAverageShsOut": 104200000,
    "weightedAverageShsOutDil": 106500000,
    "link": "https://www.sec.gov/Archives/edgar/data/920148/000092014810000040/0000920148-10-000040-index.htm",
    "finalLink": "https://www.sec.gov/Archives/edgar/data/920148/000092014810000040/labcorp10q.htm"
  },
  {
    "date": "2009-12-31",
    "symbol": "LH",
    "reportedCurrency": "USD",
    "cik": "0000920148",
    "fillingDate": "2010-02-24",
    "acceptedDate": "2010-02-24 15:21:17",
    "calendarYear": "2009",
    "period": "Q4",
    "revenue": 1165100000,
    "costOfRevenue": 689100000,
    "grossProfit": 476000000,
    "grossProfitRatio": 0.4085486224,
    "researchAndDevelopmentExpenses": 0,
    "generalAndAdministrativeExpenses": 0,
    "sellingAndMarketingExpenses": 0,
    "sellingGeneralAndAdministrativeExpenses": 240500000,
    "otherExpenses": 16400000,
    "operatingExpenses": 256900000,
    "costAndExpenses": 946000000,
    "interestIncome": 500000,
    "interestExpense": 14700000,
    "depreciationAndAmortization": 49800000,
    "ebitda": 267700000,
    "ebitdaratio": 0.2297656853,
    "operatingIncome": 215800000,
    "operatingIncomeRatio": 0.1852201528,
    "totalOtherIncomeExpensesNet": -12600000,
    "incomeBeforeTax": 203200000,
    "incomeBeforeTaxRatio": 0.1744056304,
    "incomeTaxExpense": 57400000,
    "netIncome": 142700000,
    "netIncomeRatio": 0.1224787572,
    "eps": 1.32,
    "epsdiluted": 1.32,
    "weightedAverageShsOut": 105600000,
    "weightedAverageShsOutDil": 108200000,
    "link": "https://www.sec.gov/Archives/edgar/data/920148/000092014810000021/0000920148-10-000021-index.htm",
    "finalLink": "https://www.sec.gov/Archives/edgar/data/920148/000092014810000021/labcorp10k.htm"
  },
  {
    "date": "2009-09-30",
    "symbol": "LH",
    "reportedCurrency": "USD",
    "cik": "0000920148",
    "fillingDate": "2009-10-29",
    "acceptedDate": "2009-10-29 16:24:08",
    "calendarYear": "2009",
    "period": "Q3",
    "revenue": 1185100000,
    "costOfRevenue": 687000000,
    "grossProfit": 498100000,
    "grossProfitRatio": 0.4203020842,
    "researchAndDevelopmentExpenses": 0,
    "generalAndAdministrativeExpenses": 0,
    "sellingAndMarketingExpenses": 0,
    "sellingGeneralAndAdministrativeExpenses": 247300000,
    "otherExpenses": 15900000,
    "operatingExpenses": 263200000,
    "costAndExpenses": 950200000,
    "interestIncome": 300000,
    "interestExpense": 15000000,
    "depreciationAndAmortization": 15900000,
    "ebitda": 255300000,
    "ebitdaratio": 0.2154248587,
    "operatingIncome": 234900000,
    "operatingIncomeRatio": 0.1982111214,
    "totalOtherIncomeExpensesNet": -11800000,
    "incomeBeforeTax": 223100000,
    "incomeBeforeTaxRatio": 0.1882541558,
    "incomeTaxExpense": 88500000,
    "netIncome": 131400000,
    "netIncomeRatio": 0.1108767193,
    "eps": 1.23,
    "epsdiluted": 1.21,
    "weightedAverageShsOut": 108200000,
    "weightedAverageShsOutDil": 108800000,
    "link": "https://www.sec.gov/Archives/edgar/data/920148/000092014809000075/0000920148-09-000075-index.htm",
    "finalLink": "https://www.sec.gov/Archives/edgar/data/920148/000092014809000075/labcorp10q.htm"
  },
  {
    "date": "2009-06-30",
    "symbol": "LH",
    "reportedCurrency": "USD",
    "cik": "0000920148",
    "fillingDate": "2009-08-28",
    "acceptedDate": "2009-08-28 12:36:53",
    "calendarYear": "2009",
    "period": "Q2",
    "revenue": 1188800000,
    "costOfRevenue": 681400000,
    "grossProfit": 507400000,
    "grossProfitRatio": 0.4268169583,
    "researchAndDevelopmentExpenses": 0,
    "generalAndAdministrativeExpenses": 0,
    "sellingAndMarketingExpenses": 0,
    "sellingGeneralAndAdministrativeExpenses": 237300000,
    "otherExpenses": 15200000,
    "operatingExpenses": 252500000,
    "costAndExpenses": 933900000,
    "interestIncome": 400000,
    "interestExpense": 16200000,
    "depreciationAndAmortization": 15200000,
    "ebitda": 274400000,
    "ebitdaratio": 0.230820996,
    "operatingIncome": 244700000,
    "operatingIncomeRatio": 0.2058378197,
    "totalOtherIncomeExpensesNet": -12600000,
    "incomeBeforeTax": 232100000,
    "incomeBeforeTaxRatio": 0.1952388964,
    "incomeTaxExpense": 92700000,
    "netIncome": 139400000,
    "netIncomeRatio": 0.1172611036,
    "eps": 1.3,
    "epsdiluted": 1.3,
    "weightedAverageShsOut": 109500000,
    "weightedAverageShsOutDil": 109500000,
    "link": "https://www.sec.gov/Archives/edgar/data/920148/000092014809000065/0000920148-09-000065-index.htm",
    "finalLink": "https://www.sec.gov/Archives/edgar/data/920148/000092014809000065/form10q-a.htm"
  },
  {
    "date": "2009-03-31",
    "symbol": "LH",
    "reportedCurrency": "USD",
    "cik": "0000920148",
    "fillingDate": "2009-03-31",
    "acceptedDate": "2009-03-30 20:00:00",
    "calendarYear": "2009",
    "period": "Q1",
    "revenue": 1155700000,
    "costOfRevenue": 666300000,
    "grossProfit": 489400000,
    "grossProfitRatio": 0.4234662975,
    "researchAndDevelopmentExpenses": 0,
    "generalAndAdministrativeExpenses": 0,
    "sellingAndMarketingExpenses": 0,
    "sellingGeneralAndAdministrativeExpenses": 233800000,
    "otherExpenses": 15100000,
    "operatingExpenses": 248900000,
    "costAndExpenses": 915200000,
    "interestIncome": 400000,
    "interestExpense": 17000000,
    "depreciationAndAmortization": 47300000,
    "ebitda": 290500000,
    "ebitdaratio": 0.2513628104,
    "operatingIncome": 240500000,
    "operatingIncomeRatio": 0.2080989876,
    "totalOtherIncomeExpensesNet": -14300000,
    "incomeBeforeTax": 226200000,
    "incomeBeforeTaxRatio": 0.1957255343,
    "incomeTaxExpense": 90400000,
    "netIncome": 132800000,
    "netIncomeRatio": 0.1149087133,
    "eps": 1.23,
    "epsdiluted": 1.22,
    "weightedAverageShsOut": 108100000,
    "weightedAverageShsOutDil": 108800000,
    "link": "",
    "finalLink": ""
  },
  {
    "date": "2008-12-31",
    "symbol": "LH",
    "reportedCurrency": "USD",
    "cik": "0000920148",
    "fillingDate": "2008-12-31",
    "acceptedDate": "2008-12-30 19:00:00",
    "calendarYear": "2008",
    "period": "Q4",
    "revenue": 1119100000,
    "costOfRevenue": 669200000,
    "grossProfit": 449900000,
    "grossProfitRatio": 0.4020194799,
    "researchAndDevelopmentExpenses": 0,
    "generalAndAdministrativeExpenses": 0,
    "sellingAndMarketingExpenses": 0,
    "sellingGeneralAndAdministrativeExpenses": 226400000,
    "otherExpenses": 14900000,
    "operatingExpenses": 241300000,
    "costAndExpenses": 910500000,
    "interestIncome": 0,
    "interestExpense": 0,
    "depreciationAndAmortization": 46200000,
    "ebitda": 218400000,
    "ebitdaratio": 0.1951568224,
    "operatingIncome": 204400000,
    "operatingIncomeRatio": 0.1826467697,
    "totalOtherIncomeExpensesNet": -18600000,
    "incomeBeforeTax": 185800000,
    "incomeBeforeTaxRatio": 0.1660262711,
    "incomeTaxExpense": 67700000,
    "netIncome": 118100000,
    "netIncomeRatio": 0.1055312305,
    "eps": 1.08,
    "epsdiluted": 1.08,
    "weightedAverageShsOut": 107600000,
    "weightedAverageShsOutDil": 109600000,
    "link": "",
    "finalLink": ""
  },
  {
    "date": "2008-09-30",
    "symbol": "LH",
    "reportedCurrency": "USD",
    "cik": "0000920148",
    "fillingDate": "2008-09-30",
    "acceptedDate": "2008-09-29 20:00:00",
    "calendarYear": "2008",
    "period": "Q3",
    "revenue": 1135100000,
    "costOfRevenue": 673500000,
    "grossProfit": 461600000,
    "grossProfitRatio": 0.4066602061,
    "researchAndDevelopmentExpenses": 0,
    "generalAndAdministrativeExpenses": 0,
    "sellingAndMarketingExpenses": 0,
    "sellingGeneralAndAdministrativeExpenses": 227100000,
    "otherExpenses": 14600000,
    "operatingExpenses": 241700000,
    "costAndExpenses": 915200000,
    "interestIncome": 1000000,
    "interestExpense": 16800000,
    "depreciationAndAmortization": 45200000,
    "ebitda": 251900000,
    "ebitdaratio": 0.2219187737,
    "operatingIncome": 202200000,
    "operatingIncomeRatio": 0.1781340851,
    "totalOtherIncomeExpensesNet": -12300000,
    "incomeBeforeTax": 186900000,
    "incomeBeforeTaxRatio": 0.1646550965,
    "incomeTaxExpense": 75000000,
    "netIncome": 111900000,
    "netIncomeRatio": 0.0985816228,
    "eps": 1.02,
    "epsdiluted": 1,
    "weightedAverageShsOut": 109600000,
    "weightedAverageShsOutDil": 112000000,
    "link": "",
    "finalLink": ""
  },
  {
    "date": "2008-06-30",
    "symbol": "LH",
    "reportedCurrency": "USD",
    "cik": "0000920148",
    "fillingDate": "2008-06-30",
    "acceptedDate": "2008-06-29 20:00:00",
    "calendarYear": "2008",
    "period": "Q2",
    "revenue": 1147800000,
    "costOfRevenue": 656000000,
    "grossProfit": 491800000,
    "grossProfitRatio": 0.4284718592,
    "researchAndDevelopmentExpenses": 0,
    "generalAndAdministrativeExpenses": 0,
    "sellingAndMarketingExpenses": 0,
    "sellingGeneralAndAdministrativeExpenses": 266000000,
    "otherExpenses": 14600000,
    "operatingExpenses": 280600000,
    "costAndExpenses": 936600000,
    "interestIncome": 0,
    "interestExpense": 0,
    "depreciationAndAmortization": 44800000,
    "ebitda": 256000000,
    "ebitdaratio": 0.223035372,
    "operatingIncome": 195200000,
    "operatingIncomeRatio": 0.1700644712,
    "totalOtherIncomeExpensesNet": -17400000,
    "incomeBeforeTax": 177800000,
    "incomeBeforeTaxRatio": 0.1549050357,
    "incomeTaxExpense": 73600000,
    "netIncome": 104200000,
    "netIncomeRatio": 0.0907823663,
    "eps": 0.94,
    "epsdiluted": 0.92,
    "weightedAverageShsOut": 110851064,
    "weightedAverageShsOutDil": 113260870,
    "link": "",
    "finalLink": ""
  },
  {
    "date": "2008-03-31",
    "symbol": "LH",
    "reportedCurrency": "USD",
    "cik": "0000920148",
    "fillingDate": "2008-03-31",
    "acceptedDate": "2008-03-30 20:00:00",
    "calendarYear": "2008",
    "period": "Q1",
    "revenue": 1103200000,
    "costOfRevenue": 632700000,
    "grossProfit": 470500000,
    "grossProfitRatio": 0.4264865845,
    "researchAndDevelopmentExpenses": 0,
    "generalAndAdministrativeExpenses": 0,
    "sellingAndMarketingExpenses": 0,
    "sellingGeneralAndAdministrativeExpenses": 215600000,
    "otherExpenses": 13800000,
    "operatingExpenses": 229400000,
    "costAndExpenses": 862100000,
    "interestIncome": 500000,
    "interestExpense": 19900000,
    "depreciationAndAmortization": 43500000,
    "ebitda": 284700000,
    "ebitdaratio": 0.2580674402,
    "operatingIncome": 241100000,
    "operatingIncomeRatio": 0.2185460479,
    "totalOtherIncomeExpensesNet": -15600000,
    "incomeBeforeTax": 221900000,
    "incomeBeforeTaxRatio": 0.201142132,
    "incomeTaxExpense": 91600000,
    "netIncome": 130300000,
    "netIncomeRatio": 0.11811095,
    "eps": 1.18,
    "epsdiluted": 1.14,
    "weightedAverageShsOut": 110400000,
    "weightedAverageShsOutDil": 114400000,
    "link": "",
    "finalLink": ""
  },
  {
    "date": "2007-12-31",
    "symbol": "LH",
    "reportedCurrency": "USD",
    "cik": "0000920148",
    "fillingDate": "2007-12-31",
    "acceptedDate": "2007-12-30 19:00:00",
    "calendarYear": "2007",
    "period": "Q4",
    "revenue": 1005800000,
    "costOfRevenue": 600400000,
    "grossProfit": 405400000,
    "grossProfitRatio": 0.403062239,
    "researchAndDevelopmentExpenses": 0,
    "generalAndAdministrativeExpenses": 0,
    "sellingAndMarketingExpenses": 0,
    "sellingGeneralAndAdministrativeExpenses": 196600000,
    "otherExpenses": 14300000,
    "operatingExpenses": 210900000,
    "costAndExpenses": 811300000,
    "interestIncome": 0,
    "interestExpense": 0,
    "depreciationAndAmortization": 42600000,
    "ebitda": 237100000,
    "ebitdaratio": 0.23573275,
    "operatingIncome": 182200000,
    "operatingIncomeRatio": 0.1811493339,
    "totalOtherIncomeExpensesNet": 4700000,
    "incomeBeforeTax": 186900000,
    "incomeBeforeTaxRatio": 0.1858222311,
    "incomeTaxExpense": 72500000,
    "netIncome": 114400000,
    "netIncomeRatio": 0.1137403062,
    "eps": 0.98,
    "epsdiluted": 0.98,
    "weightedAverageShsOut": 113314173,
    "weightedAverageShsOutDil": 117052632,
    "link": "",
    "finalLink": ""
  },
  {
    "date": "2007-09-30",
    "symbol": "LH",
    "reportedCurrency": "USD",
    "cik": "0000920148",
    "fillingDate": "2007-09-30",
    "acceptedDate": "2007-09-29 20:00:00",
    "calendarYear": "2007",
    "period": "Q3",
    "revenue": 1020600000,
    "costOfRevenue": 598500000,
    "grossProfit": 422100000,
    "grossProfitRatio": 0.4135802469,
    "researchAndDevelopmentExpenses": 0,
    "generalAndAdministrativeExpenses": 0,
    "sellingAndMarketingExpenses": 0,
    "sellingGeneralAndAdministrativeExpenses": 198000000,
    "otherExpenses": 0,
    "operatingExpenses": 211900000,
    "costAndExpenses": 810400000,
    "interestIncome": 0,
    "interestExpense": 0,
    "depreciationAndAmortization": 40300000,
    "ebitda": 250500000,
    "ebitdaratio": 0.2454438566,
    "operatingIncome": 178900000,
    "operatingIncomeRatio": 0.1752890457,
    "totalOtherIncomeExpensesNet": 8200000,
    "incomeBeforeTax": 187100000,
    "incomeBeforeTaxRatio": 0.1833235352,
    "incomeTaxExpense": 75900000,
    "netIncome": 111200000,
    "netIncomeRatio": 0.1089555164,
    "eps": 0.95,
    "epsdiluted": 0.92,
    "weightedAverageShsOut": 117052632,
    "weightedAverageShsOutDil": 120869565,
    "link": null,
    "finalLink": null
  },
  {
    "date": "2007-08-01",
    "symbol": "LH",
    "reportedCurrency": "USD",
    "cik": "0000920148",
    "fillingDate": "2007-08-03",
    "acceptedDate": "2007-08-03 12:19:43",
    "calendarYear": "2007",
    "period": "Q2",
    "revenue": 1043100000,
    "costOfRevenue": 601100000,
    "grossProfit": 442000000,
    "grossProfitRatio": 0.423736938,
    "researchAndDevelopmentExpenses": 0,
    "generalAndAdministrativeExpenses": 0,
    "sellingAndMarketingExpenses": 0,
    "sellingGeneralAndAdministrativeExpenses": 209100000,
    "otherExpenses": 13400000,
    "operatingExpenses": 222500000,
    "costAndExpenses": 823600000,
    "interestIncome": 0,
    "interestExpense": 0,
    "depreciationAndAmortization": 39900000,
    "ebitda": 259400000,
    "ebitdaratio": 0.2486818138,
    "operatingIncome": 212500000,
    "operatingIncomeRatio": 0.2037196817,
    "totalOtherIncomeExpensesNet": 6900000,
    "incomeBeforeTax": 219400000,
    "incomeBeforeTaxRatio": 0.2103345796,
    "incomeTaxExpense": 90700000,
    "netIncome": 128700000,
    "netIncomeRatio": 0.1233822261,
    "eps": 1.1,
    "epsdiluted": 1.05,
    "weightedAverageShsOut": 117000000,
    "weightedAverageShsOutDil": 122571429,
    "link": "https://www.sec.gov/Archives/edgar/data/920148/000092014807000208/0000920148-07-000208-index.htm",
    "finalLink": "https://www.sec.gov/Archives/edgar/data/920148/000092014807000208/labcorp10.htm"
  },
  {
    "date": "2007-03-31",
    "symbol": "LH",
    "reportedCurrency": "USD",
    "cik": "0000920148",
    "fillingDate": "2007-03-31",
    "acceptedDate": "2007-03-30 20:00:00",
    "calendarYear": "2007",
    "period": "Q1",
    "revenue": 998700000,
    "costOfRevenue": 577000000,
    "grossProfit": 421700000,
    "grossProfitRatio": 0.4222489236,
    "researchAndDevelopmentExpenses": 0,
    "generalAndAdministrativeExpenses": 0,
    "sellingAndMarketingExpenses": 0,
    "sellingGeneralAndAdministrativeExpenses": 205000000,
    "otherExpenses": 13300000,
    "operatingExpenses": 218300000,
    "costAndExpenses": 795300000,
    "interestIncome": 0,
    "interestExpense": 0,
    "depreciationAndAmortization": 40000000,
    "ebitda": 243400000,
    "ebitdaratio": 0.2437168319,
    "operatingIncome": 203400000,
    "operatingIncomeRatio": 0.2036647642,
    "totalOtherIncomeExpensesNet": 5500000,
    "incomeBeforeTax": 208900000,
    "incomeBeforeTaxRatio": 0.2091719235,
    "incomeTaxExpense": 86400000,
    "netIncome": 122500000,
    "netIncomeRatio": 0.1226594573,
    "eps": 1.01,
    "epsdiluted": 0.98,
    "weightedAverageShsOut": 121287129,
    "weightedAverageShsOutDil": 125000000,
    "link": "",
    "finalLink": ""
  },
  {
    "date": "2006-12-31",
    "symbol": "LH",
    "reportedCurrency": "USD",
    "cik": "0000920148",
    "fillingDate": "2007-02-27",
    "acceptedDate": "2007-02-27 17:21:30",
    "calendarYear": "2006",
    "period": "Q4",
    "revenue": 898600000,
    "costOfRevenue": 519600000,
    "grossProfit": 379000000,
    "grossProfitRatio": 0.4217671934,
    "researchAndDevelopmentExpenses": 0,
    "generalAndAdministrativeExpenses": 0,
    "sellingAndMarketingExpenses": 0,
    "sellingGeneralAndAdministrativeExpenses": 203100000,
    "otherExpenses": 13200000,
    "operatingExpenses": 216300000,
    "costAndExpenses": 735900000,
    "interestIncome": 0,
    "interestExpense": 0,
    "depreciationAndAmortization": 39400000,
    "ebitda": 202100000,
    "ebitdaratio": 0.2249054084,
    "operatingIncome": 162700000,
    "operatingIncomeRatio": 0.1810594258,
    "totalOtherIncomeExpensesNet": 7100000,
    "incomeBeforeTax": 169800000,
    "incomeBeforeTaxRatio": 0.1889606054,
    "incomeTaxExpense": 66100000,
    "netIncome": 103700000,
    "netIncomeRatio": 0.115401736,
    "eps": 0.83,
    "epsdiluted": 0.83,
    "weightedAverageShsOut": 122061536,
    "weightedAverageShsOutDil": 124545455,
    "link": "https://www.sec.gov/Archives/edgar/data/920148/000116923207001103/0001169232-07-001103-index.htm",
    "finalLink": "https://www.sec.gov/Archives/edgar/data/920148/000116923207001103/labcorp10k.htm"
  },
  {
    "date": "2006-09-30",
    "symbol": "LH",
    "reportedCurrency": "USD",
    "cik": "0000920148",
    "fillingDate": "2006-09-30",
    "acceptedDate": "2006-09-29 20:00:00",
    "calendarYear": "2006",
    "period": "Q3",
    "revenue": 909900000,
    "costOfRevenue": 525000000,
    "grossProfit": 384900000,
    "grossProfitRatio": 0.423013518,
    "researchAndDevelopmentExpenses": 0,
    "generalAndAdministrativeExpenses": 0,
    "sellingAndMarketingExpenses": 0,
    "sellingGeneralAndAdministrativeExpenses": 194900000,
    "otherExpenses": 13000000,
    "operatingExpenses": 207900000,
    "costAndExpenses": 732900000,
    "interestIncome": 0,
    "interestExpense": 0,
    "depreciationAndAmortization": 38500000,
    "ebitda": 213800000,
    "ebitdaratio": 0.2349708759,
    "operatingIncome": 176000000,
    "operatingIncomeRatio": 0.1934278492,
    "totalOtherIncomeExpensesNet": 7100000,
    "incomeBeforeTax": 183100000,
    "incomeBeforeTaxRatio": 0.2012309045,
    "incomeTaxExpense": 73500000,
    "netIncome": 109600000,
    "netIncomeRatio": 0.120452797,
    "eps": 0.88,
    "epsdiluted": 0.81,
    "weightedAverageShsOut": 124545455,
    "weightedAverageShsOutDil": 135308642,
    "link": "",
    "finalLink": ""
  },
  {
    "date": "2006-06-30",
    "symbol": "LH",
    "reportedCurrency": "USD",
    "cik": "0000920148",
    "fillingDate": "2006-06-30",
    "acceptedDate": "2006-06-29 20:00:00",
    "calendarYear": "2006",
    "period": "Q2",
    "revenue": 903700000,
    "costOfRevenue": 510900000,
    "grossProfit": 392800000,
    "grossProfitRatio": 0.4346575191,
    "researchAndDevelopmentExpenses": 0,
    "generalAndAdministrativeExpenses": 0,
    "sellingAndMarketingExpenses": 0,
    "sellingGeneralAndAdministrativeExpenses": 190200000,
    "otherExpenses": 13000000,
    "operatingExpenses": 203200000,
    "costAndExpenses": 714100000,
    "interestIncome": 0,
    "interestExpense": 0,
    "depreciationAndAmortization": 38700000,
    "ebitda": 228300000,
    "ebitdaratio": 0.2526280845,
    "operatingIncome": 189600000,
    "operatingIncomeRatio": 0.2098041385,
    "totalOtherIncomeExpensesNet": 6300000,
    "incomeBeforeTax": 195900000,
    "incomeBeforeTaxRatio": 0.2167754786,
    "incomeTaxExpense": 79500000,
    "netIncome": 116400000,
    "netIncomeRatio": 0.1288038066,
    "eps": 0.94,
    "epsdiluted": 0.87,
    "weightedAverageShsOut": 123829787,
    "weightedAverageShsOutDil": 133793103,
    "link": "",
    "finalLink": ""
  },
  {
    "date": "2006-03-31",
    "symbol": "LH",
    "reportedCurrency": "USD",
    "cik": "0000920148",
    "fillingDate": "2006-03-31",
    "acceptedDate": "2006-03-30 19:00:00",
    "calendarYear": "2006",
    "period": "Q1",
    "revenue": 878500000,
    "costOfRevenue": 505800000,
    "grossProfit": 372700000,
    "grossProfitRatio": 0.4242458736,
    "researchAndDevelopmentExpenses": 0,
    "generalAndAdministrativeExpenses": 0,
    "sellingAndMarketingExpenses": 0,
    "sellingGeneralAndAdministrativeExpenses": 190900000,
    "otherExpenses": 13000000,
    "operatingExpenses": 203900000,
    "costAndExpenses": 709700000,
    "interestIncome": 0,
    "interestExpense": 0,
    "depreciationAndAmortization": 38400000,
    "ebitda": 207200000,
    "ebitdaratio": 0.2358565737,
    "operatingIncome": 168800000,
    "operatingIncomeRatio": 0.1921457029,
    "totalOtherIncomeExpensesNet": 3300000,
    "incomeBeforeTax": 172100000,
    "incomeBeforeTaxRatio": 0.1959021059,
    "incomeTaxExpense": 70200000,
    "netIncome": 101900000,
    "netIncomeRatio": 0.1159931702,
    "eps": 0.82,
    "epsdiluted": 0.76,
    "weightedAverageShsOut": 124268293,
    "weightedAverageShsOutDil": 134078947,
    "link": "",
    "finalLink": ""
  },
  {
    "date": "2005-12-31",
    "symbol": "LH",
    "reportedCurrency": "USD",
    "cik": "0000920148",
    "fillingDate": "2005-12-31",
    "acceptedDate": "2005-12-30 19:00:00",
    "calendarYear": "2005",
    "period": "Q4",
    "revenue": 822300000,
    "costOfRevenue": 489800000,
    "grossProfit": 332500000,
    "grossProfitRatio": 0.4043536422,
    "researchAndDevelopmentExpenses": 0,
    "generalAndAdministrativeExpenses": 0,
    "sellingAndMarketingExpenses": 0,
    "sellingGeneralAndAdministrativeExpenses": 176700000,
    "otherExpenses": 13100000,
    "operatingExpenses": 189800000,
    "costAndExpenses": 679600000,
    "interestIncome": 0,
    "interestExpense": 0,
    "depreciationAndAmortization": 39100000,
    "ebitda": 181800000,
    "ebitdaratio": 0.2210871945,
    "operatingIncome": 135800000,
    "operatingIncomeRatio": 0.1651465402,
    "totalOtherIncomeExpensesNet": 8800000,
    "incomeBeforeTax": 144600000,
    "incomeBeforeTaxRatio": 0.1758482306,
    "incomeTaxExpense": 55700000,
    "netIncome": 88900000,
    "netIncomeRatio": 0.1081113949,
    "eps": 0.67,
    "epsdiluted": 0.67,
    "weightedAverageShsOut": 130958211,
    "weightedAverageShsOutDil": 133380282,
    "link": "",
    "finalLink": ""
  },
  {
    "date": "2005-09-30",
    "symbol": "LH",
    "reportedCurrency": "USD",
    "cik": "0000920148",
    "fillingDate": "2005-09-30",
    "acceptedDate": "2005-09-29 20:00:00",
    "calendarYear": "2005",
    "period": "Q3",
    "revenue": 852900000,
    "costOfRevenue": 498300000,
    "grossProfit": 354600000,
    "grossProfitRatio": 0.4157580021,
    "researchAndDevelopmentExpenses": 0,
    "generalAndAdministrativeExpenses": 0,
    "sellingAndMarketingExpenses": 0,
    "sellingGeneralAndAdministrativeExpenses": 179900000,
    "otherExpenses": 13100000,
    "operatingExpenses": 193000000,
    "costAndExpenses": 691300000,
    "interestIncome": 0,
    "interestExpense": 0,
    "depreciationAndAmortization": 37600000,
    "ebitda": 199200000,
    "ebitdaratio": 0.2335561027,
    "operatingIncome": 151600000,
    "operatingIncomeRatio": 0.1777465119,
    "totalOtherIncomeExpensesNet": 5800000,
    "incomeBeforeTax": 157400000,
    "incomeBeforeTaxRatio": 0.1845468402,
    "incomeTaxExpense": 62700000,
    "netIncome": 94700000,
    "netIncomeRatio": 0.1110329464,
    "eps": 0.71,
    "epsdiluted": 0.66,
    "weightedAverageShsOut": 133380282,
    "weightedAverageShsOutDil": 143484848,
    "link": "",
    "finalLink": ""
  },
  {
    "date": "2005-06-30",
    "symbol": "LH",
    "reportedCurrency": "USD",
    "cik": "0000920148",
    "fillingDate": "2005-06-30",
    "acceptedDate": "2005-06-29 20:00:00",
    "calendarYear": "2005",
    "period": "Q2",
    "revenue": 853300000,
    "costOfRevenue": 488400000,
    "grossProfit": 364900000,
    "grossProfitRatio": 0.4276338919,
    "researchAndDevelopmentExpenses": 0,
    "generalAndAdministrativeExpenses": 0,
    "sellingAndMarketingExpenses": 0,
    "sellingGeneralAndAdministrativeExpenses": 178700000,
    "otherExpenses": 13100000,
    "operatingExpenses": 191800000,
    "costAndExpenses": 680200000,
    "interestIncome": 0,
    "interestExpense": 0,
    "depreciationAndAmortization": 37500000,
    "ebitda": 210600000,
    "ebitdaratio": 0.2468065159,
    "operatingIncome": 173100000,
    "operatingIncomeRatio": 0.2028594867,
    "totalOtherIncomeExpensesNet": 2700000,
    "incomeBeforeTax": 175800000,
    "incomeBeforeTaxRatio": 0.2060236728,
    "incomeTaxExpense": 69800000,
    "netIncome": 106000000,
    "netIncomeRatio": 0.1242236025,
    "eps": 0.79,
    "epsdiluted": 0.74,
    "weightedAverageShsOut": 134177215,
    "weightedAverageShsOutDil": 143243243,
    "link": "",
    "finalLink": ""
  },
  {
    "date": "2005-03-31",
    "symbol": "LH",
    "reportedCurrency": "USD",
    "cik": "0000920148",
    "fillingDate": "2005-03-31",
    "acceptedDate": "2005-03-30 19:00:00",
    "calendarYear": "2005",
    "period": "Q1",
    "revenue": 799100000,
    "costOfRevenue": 460800000,
    "grossProfit": 338300000,
    "grossProfitRatio": 0.4233512702,
    "researchAndDevelopmentExpenses": 0,
    "generalAndAdministrativeExpenses": 0,
    "sellingAndMarketingExpenses": 0,
    "sellingGeneralAndAdministrativeExpenses": 168600000,
    "otherExpenses": 12100000,
    "operatingExpenses": 180700000,
    "costAndExpenses": 641500000,
    "interestIncome": 0,
    "interestExpense": 0,
    "depreciationAndAmortization": 35600000,
    "ebitda": 193200000,
    "ebitdaratio": 0.2417719935,
    "operatingIncome": 157600000,
    "operatingIncomeRatio": 0.1972218746,
    "totalOtherIncomeExpensesNet": 5300000,
    "incomeBeforeTax": 162900000,
    "incomeBeforeTaxRatio": 0.2038543361,
    "incomeTaxExpense": 66300000,
    "netIncome": 96600000,
    "netIncomeRatio": 0.1208859967,
    "eps": 0.72,
    "epsdiluted": 0.67,
    "weightedAverageShsOut": 134166667,
    "weightedAverageShsOutDil": 144179104,
    "link": "",
    "finalLink": ""
  },
  {
    "date": "2004-12-31",
    "symbol": "LH",
    "reportedCurrency": "USD",
    "cik": "0000920148",
    "fillingDate": "2004-12-31",
    "acceptedDate": "2004-12-30 19:00:00",
    "calendarYear": "2004",
    "period": "Q4",
    "revenue": 766500000,
    "costOfRevenue": 460400000,
    "grossProfit": 306100000,
    "grossProfitRatio": 0.3993476843,
    "researchAndDevelopmentExpenses": 0,
    "generalAndAdministrativeExpenses": 0,
    "sellingAndMarketingExpenses": 0,
    "sellingGeneralAndAdministrativeExpenses": 158900000,
    "otherExpenses": 11000000,
    "operatingExpenses": 169900000,
    "costAndExpenses": 630300000,
    "interestIncome": 0,
    "interestExpense": 0,
    "depreciationAndAmortization": 33900000,
    "ebitda": 170100000,
    "ebitdaratio": 0.2219178082,
    "operatingIncome": 137100000,
    "operatingIncomeRatio": 0.1788649706,
    "totalOtherIncomeExpensesNet": 6600000,
    "incomeBeforeTax": 143700000,
    "incomeBeforeTaxRatio": 0.1874755382,
    "incomeTaxExpense": 58900000,
    "netIncome": 84800000,
    "netIncomeRatio": 0.1106327462,
    "eps": 0.61,
    "epsdiluted": 0.61,
    "weightedAverageShsOut": 138208955,
    "weightedAverageShsOutDil": 138208955,
    "link": "",
    "finalLink": ""
  },
  {
    "date": "2004-09-30",
    "symbol": "LH",
    "reportedCurrency": "USD",
    "cik": "0000920148",
    "fillingDate": "2004-09-30",
    "acceptedDate": "2004-09-29 20:00:00",
    "calendarYear": "2004",
    "period": "Q3",
    "revenue": 781500000,
    "costOfRevenue": 455600000,
    "grossProfit": 325900000,
    "grossProfitRatio": 0.4170185541,
    "researchAndDevelopmentExpenses": 0,
    "generalAndAdministrativeExpenses": 0,
    "sellingAndMarketingExpenses": 0,
    "sellingGeneralAndAdministrativeExpenses": 162200000,
    "otherExpenses": 10900000,
    "operatingExpenses": 173100000,
    "costAndExpenses": 628700000,
    "interestIncome": 0,
    "interestExpense": 0,
    "depreciationAndAmortization": 35300000,
    "ebitda": 188100000,
    "ebitdaratio": 0.2406909789,
    "operatingIncome": 152800000,
    "operatingIncomeRatio": 0.1955214331,
    "totalOtherIncomeExpensesNet": 4200000,
    "incomeBeforeTax": 157000000,
    "incomeBeforeTaxRatio": 0.2008957134,
    "incomeTaxExpense": 64400000,
    "netIncome": 92600000,
    "netIncomeRatio": 0.1184900832,
    "eps": 0.67,
    "epsdiluted": 0.63,
    "weightedAverageShsOut": 138208955,
    "weightedAverageShsOutDil": 146984127,
    "link": "",
    "finalLink": ""
  },
  {
    "date": "2004-06-30",
    "symbol": "LH",
    "reportedCurrency": "USD",
    "cik": "0000920148",
    "fillingDate": "2004-06-30",
    "acceptedDate": "2004-06-29 20:00:00",
    "calendarYear": "2004",
    "period": "Q2",
    "revenue": 784300000,
    "costOfRevenue": 444600000,
    "grossProfit": 339700000,
    "grossProfitRatio": 0.4331250797,
    "researchAndDevelopmentExpenses": 0,
    "generalAndAdministrativeExpenses": 0,
    "sellingAndMarketingExpenses": 0,
    "sellingGeneralAndAdministrativeExpenses": 165000000,
    "otherExpenses": 10500000,
    "operatingExpenses": 175500000,
    "costAndExpenses": 620100000,
    "interestIncome": 0,
    "interestExpense": 0,
    "depreciationAndAmortization": 35100000,
    "ebitda": 199300000,
    "ebitdaratio": 0.254111947,
    "operatingIncome": 164200000,
    "operatingIncomeRatio": 0.2093586638,
    "totalOtherIncomeExpensesNet": 2400000,
    "incomeBeforeTax": 166600000,
    "incomeBeforeTaxRatio": 0.2124187173,
    "incomeTaxExpense": 68300000,
    "netIncome": 98300000,
    "netIncomeRatio": 0.1253346934,
    "eps": 0.7,
    "epsdiluted": 0.66,
    "weightedAverageShsOut": 140428571,
    "weightedAverageShsOutDil": 148939394,
    "link": "",
    "finalLink": ""
  },
  {
    "date": "2004-03-31",
    "symbol": "LH",
    "reportedCurrency": "USD",
    "cik": "0000920148",
    "fillingDate": "2004-03-31",
    "acceptedDate": "2004-03-30 19:00:00",
    "calendarYear": "2004",
    "period": "Q1",
    "revenue": 752500000,
    "costOfRevenue": 434900000,
    "grossProfit": 317600000,
    "grossProfitRatio": 0.4220598007,
    "researchAndDevelopmentExpenses": 0,
    "generalAndAdministrativeExpenses": 0,
    "sellingAndMarketingExpenses": 0,
    "sellingGeneralAndAdministrativeExpenses": 163000000,
    "otherExpenses": 10300000,
    "operatingExpenses": 173300000,
    "costAndExpenses": 608200000,
    "interestIncome": 0,
    "interestExpense": 0,
    "depreciationAndAmortization": 34500000,
    "ebitda": 178800000,
    "ebitdaratio": 0.2376079734,
    "operatingIncome": 144300000,
    "operatingIncomeRatio": 0.1917607973,
    "totalOtherIncomeExpensesNet": 3700000,
    "incomeBeforeTax": 148000000,
    "incomeBeforeTaxRatio": 0.1966777409,
    "incomeTaxExpense": 60700000,
    "netIncome": 87300000,
    "netIncomeRatio": 0.116013289,
    "eps": 0.62,
    "epsdiluted": 0.58,
    "weightedAverageShsOut": 140806452,
    "weightedAverageShsOutDil": 150517241,
    "link": "",
    "finalLink": ""
  },
  {
    "date": "2003-12-31",
    "symbol": "LH",
    "reportedCurrency": "USD",
    "cik": "0000920148",
    "fillingDate": "2003-12-31",
    "acceptedDate": "2003-12-30 19:00:00",
    "calendarYear": "2003",
    "period": "Q4",
    "revenue": 731500000,
    "costOfRevenue": 430800000,
    "grossProfit": 300700000,
    "grossProfitRatio": 0.4110731374,
    "researchAndDevelopmentExpenses": 0,
    "generalAndAdministrativeExpenses": 0,
    "sellingAndMarketingExpenses": 0,
    "sellingGeneralAndAdministrativeExpenses": 161700000,
    "otherExpenses": 10100000,
    "operatingExpenses": 171800000,
    "costAndExpenses": 602600000,
    "interestIncome": 0,
    "interestExpense": 0,
    "depreciationAndAmortization": 34700000,
    "ebitda": 163600000,
    "ebitdaratio": 0.2236500342,
    "operatingIncome": 130700000,
    "operatingIncomeRatio": 0.1786739576,
    "totalOtherIncomeExpensesNet": 800000,
    "incomeBeforeTax": 131500000,
    "incomeBeforeTaxRatio": 0.1797676008,
    "incomeTaxExpense": 53900000,
    "netIncome": 77600000,
    "netIncomeRatio": 0.1060833903,
    "eps": 0.55,
    "epsdiluted": 0.55,
    "weightedAverageShsOut": 140806452,
    "weightedAverageShsOutDil": 140806452,
    "link": "",
    "finalLink": ""
  },
  {
    "date": "2003-09-30",
    "symbol": "LH",
    "reportedCurrency": "USD",
    "cik": "0000920148",
    "fillingDate": "2003-11-14",
    "acceptedDate": "2003-11-14 09:40:26",
    "calendarYear": "2003",
    "period": "Q3",
    "revenue": 752000000,
    "costOfRevenue": 441100000,
    "grossProfit": 310900000,
    "grossProfitRatio": 0.4134308511,
    "researchAndDevelopmentExpenses": 0,
    "generalAndAdministrativeExpenses": 0,
    "sellingAndMarketingExpenses": 0,
    "sellingGeneralAndAdministrativeExpenses": 162700000,
    "otherExpenses": 9500000,
    "operatingExpenses": 172200000,
    "costAndExpenses": 613300000,
    "interestIncome": 0,
    "interestExpense": 0,
    "depreciationAndAmortization": 34200000,
    "ebitda": 172900000,
    "ebitdaratio": 0.2299202128,
    "operatingIncome": 135400000,
    "operatingIncomeRatio": 0.1800531915,
    "totalOtherIncomeExpensesNet": 1800000,
    "incomeBeforeTax": 137200000,
    "incomeBeforeTaxRatio": 0.1824468085,
    "incomeTaxExpense": 54100000,
    "netIncome": 83100000,
    "netIncomeRatio": 0.1105053191,
    "eps": 0.58,
    "epsdiluted": 0.58,
    "weightedAverageShsOut": 143275862,
    "weightedAverageShsOutDil": 143275862,
    "link": "https://www.sec.gov/Archives/edgar/data/920148/000092014803000185/0000920148-03-000185-index.htm",
    "finalLink": "https://www.sec.gov/Archives/edgar/data/920148/000092014803000185/edgar3q10qfinal.txt"
  },
  {
    "date": "2003-06-30",
    "symbol": "LH",
    "reportedCurrency": "USD",
    "cik": "0000920148",
    "fillingDate": "2003-08-14",
    "acceptedDate": "2003-08-14 12:09:23",
    "calendarYear": "2003",
    "period": "Q2",
    "revenue": 743700000,
    "costOfRevenue": 427200000,
    "grossProfit": 316500000,
    "grossProfitRatio": 0.4255748286,
    "researchAndDevelopmentExpenses": 0,
    "generalAndAdministrativeExpenses": 0,
    "sellingAndMarketingExpenses": 0,
    "sellingGeneralAndAdministrativeExpenses": 164100000,
    "otherExpenses": 9500000,
    "operatingExpenses": 173600000,
    "costAndExpenses": 600800000,
    "interestIncome": 0,
    "interestExpense": 0,
    "depreciationAndAmortization": 33600000,
    "ebitda": 176500000,
    "ebitdaratio": 0.2373268791,
    "operatingIncome": 142900000,
    "operatingIncomeRatio": 0.1921473713,
    "totalOtherIncomeExpensesNet": 3500000,
    "incomeBeforeTax": 146400000,
    "incomeBeforeTaxRatio": 0.19685357,
    "incomeTaxExpense": 60000000,
    "netIncome": 86400000,
    "netIncomeRatio": 0.1161758774,
    "eps": 0.6,
    "epsdiluted": 0.6,
    "weightedAverageShsOut": 144000000,
    "weightedAverageShsOutDil": 144000000,
    "link": "https://www.sec.gov/Archives/edgar/data/920148/000092014803000148/0000920148-03-000148-index.htm",
    "finalLink": "https://www.sec.gov/Archives/edgar/data/920148/000092014803000148/edgarfinal10q.txt"
  },
  {
    "date": "2003-03-31",
    "symbol": "LH",
    "reportedCurrency": "USD",
    "cik": "0000920148",
    "fillingDate": "2003-05-15",
    "acceptedDate": "2003-05-15 10:31:09",
    "calendarYear": "2003",
    "period": "Q1",
    "revenue": 712200000,
    "costOfRevenue": 415700000,
    "grossProfit": 296500000,
    "grossProfitRatio": 0.4163156417,
    "researchAndDevelopmentExpenses": 0,
    "generalAndAdministrativeExpenses": 0,
    "sellingAndMarketingExpenses": 0,
    "sellingGeneralAndAdministrativeExpenses": 163300000,
    "otherExpenses": 8500000,
    "operatingExpenses": 171800000,
    "costAndExpenses": 587500000,
    "interestIncome": 0,
    "interestExpense": 0,
    "depreciationAndAmortization": 33100000,
    "ebitda": 157800000,
    "ebitdaratio": 0.2215669756,
    "operatingIncome": 124700000,
    "operatingIncomeRatio": 0.1750912665,
    "totalOtherIncomeExpensesNet": 600000,
    "incomeBeforeTax": 125300000,
    "incomeBeforeTaxRatio": 0.1759337265,
    "incomeTaxExpense": 51400000,
    "netIncome": 73900000,
    "netIncomeRatio": 0.1037629879,
    "eps": 0.51,
    "epsdiluted": 0.51,
    "weightedAverageShsOut": 144901961,
    "weightedAverageShsOutDil": 144901961,
    "link": "https://www.sec.gov/Archives/edgar/data/920148/000092014803000110/0000920148-03-000110-index.htm",
    "finalLink": "https://www.sec.gov/Archives/edgar/data/920148/000092014803000110/edgar1qtr03q.txt"
  },
  {
    "date": "2002-12-31",
    "symbol": "LH",
    "reportedCurrency": "USD",
    "cik": "0000920148",
    "fillingDate": "2003-03-28",
    "acceptedDate": "2003-03-28 13:55:02",
    "calendarYear": "2002",
    "period": "Q4",
    "revenue": 650100000,
    "costOfRevenue": 396200000,
    "grossProfit": 253900000,
    "grossProfitRatio": 0.3905552992,
    "researchAndDevelopmentExpenses": 0,
    "generalAndAdministrativeExpenses": 0,
    "sellingAndMarketingExpenses": 0,
    "sellingGeneralAndAdministrativeExpenses": 158200000,
    "otherExpenses": 7400000,
    "operatingExpenses": 165600000,
    "costAndExpenses": 561800000,
    "interestIncome": 0,
    "interestExpense": 0,
    "depreciationAndAmortization": 29400000,
    "ebitda": 117700000,
    "ebitdaratio": 0.1810490694,
    "operatingIncome": 88300000,
    "operatingIncomeRatio": 0.1358252577,
    "totalOtherIncomeExpensesNet": 2300000,
    "incomeBeforeTax": 90600000,
    "incomeBeforeTaxRatio": 0.1393631749,
    "incomeTaxExpense": 37600000,
    "netIncome": 53000000,
    "netIncomeRatio": 0.0815259191,
    "eps": 0.37,
    "epsdiluted": 0.37,
    "weightedAverageShsOut": 144901961,
    "weightedAverageShsOutDil": 144901961,
    "link": "https://www.sec.gov/Archives/edgar/data/920148/000092014803000070/0000920148-03-000070-index.htm",
    "finalLink": "https://www.sec.gov/Archives/edgar/data/920148/000092014803000070/finaledgar10k02.txt"
  },
  {
    "date": "2002-09-30",
    "symbol": "LH",
    "reportedCurrency": "USD",
    "cik": "0000920148",
    "fillingDate": "2002-11-14",
    "acceptedDate": "2002-11-14 10:28:38",
    "calendarYear": "2002",
    "period": "Q3",
    "revenue": 655200000,
    "costOfRevenue": 381900000,
    "grossProfit": 273300000,
    "grossProfitRatio": 0.4171245421,
    "researchAndDevelopmentExpenses": 0,
    "generalAndAdministrativeExpenses": 153400000,
    "sellingAndMarketingExpenses": 0,
    "sellingGeneralAndAdministrativeExpenses": 153400000,
    "otherExpenses": 6200000,
    "operatingExpenses": 159600000,
    "costAndExpenses": 541500000,
    "interestIncome": 0,
    "interestExpense": 0,
    "depreciationAndAmortization": 26600000,
    "ebitda": 140300000,
    "ebitdaratio": 0.2141330891,
    "operatingIncome": 96200000,
    "operatingIncomeRatio": 0.1468253968,
    "totalOtherIncomeExpensesNet": 1800000,
    "incomeBeforeTax": 98000000,
    "incomeBeforeTaxRatio": 0.1495726496,
    "incomeTaxExpense": 40700000,
    "netIncome": 57300000,
    "netIncomeRatio": 0.0874542125,
    "eps": 0.4,
    "epsdiluted": 0.39,
    "weightedAverageShsOut": 144628024,
    "weightedAverageShsOutDil": 145401513,
    "link": "https://www.sec.gov/Archives/edgar/data/920148/000092014802000096/0000920148-02-000096-index.htm",
    "finalLink": "https://www.sec.gov/Archives/edgar/data/920148/000092014802000096/qtr310qedgar.txt"
  },
  {
    "date": "2002-06-30",
    "symbol": "LH",
    "reportedCurrency": "USD",
    "cik": "0000920148",
    "fillingDate": "2002-08-13",
    "acceptedDate": "2002-08-13 16:00:24",
    "calendarYear": "2002",
    "period": "Q2",
    "revenue": 612400000,
    "costOfRevenue": 336100000,
    "grossProfit": 276300000,
    "grossProfitRatio": 0.4511757022,
    "researchAndDevelopmentExpenses": 0,
    "generalAndAdministrativeExpenses": 137000000,
    "sellingAndMarketingExpenses": 0,
    "sellingGeneralAndAdministrativeExpenses": 137000000,
    "otherExpenses": 5200000,
    "operatingExpenses": 142200000,
    "costAndExpenses": 478300000,
    "interestIncome": 0,
    "interestExpense": 0,
    "depreciationAndAmortization": 23500000,
    "ebitda": 157600000,
    "ebitdaratio": 0.2573481385,
    "operatingIncome": 134100000,
    "operatingIncomeRatio": 0.2189745265,
    "totalOtherIncomeExpensesNet": -2800000,
    "incomeBeforeTax": 131300000,
    "incomeBeforeTaxRatio": 0.2144023514,
    "incomeTaxExpense": 52800000,
    "netIncome": 78500000,
    "netIncomeRatio": 0.1281841933,
    "eps": 0.56,
    "epsdiluted": 0.55,
    "weightedAverageShsOut": 140723679,
    "weightedAverageShsOutDil": 143414925,
    "link": "https://www.sec.gov/Archives/edgar/data/920148/000092014802000063/0000920148-02-000063-index.htm",
    "finalLink": "https://www.sec.gov/Archives/edgar/data/920148/000092014802000063/qtr20210qedgar.txt"
  },
  {
    "date": "2002-03-31",
    "symbol": "LH",
    "reportedCurrency": "USD",
    "cik": "0000920148",
    "fillingDate": "2002-05-02",
    "acceptedDate": "2002-05-02 17:02:36",
    "calendarYear": "2002",
    "period": "Q1",
    "revenue": 590000000,
    "costOfRevenue": 331600000,
    "grossProfit": 258400000,
    "grossProfitRatio": 0.4379661017,
    "researchAndDevelopmentExpenses": 0,
    "generalAndAdministrativeExpenses": 136900000,
    "sellingAndMarketingExpenses": 0,
    "sellingGeneralAndAdministrativeExpenses": 136900000,
    "otherExpenses": 5100000,
    "operatingExpenses": 142000000,
    "costAndExpenses": 473600000,
    "interestIncome": 0,
    "interestExpense": 0,
    "depreciationAndAmortization": 22300000,
    "ebitda": 138700000,
    "ebitdaratio": 0.2350847458,
    "operatingIncome": 116400000,
    "operatingIncomeRatio": 0.1972881356,
    "totalOtherIncomeExpensesNet": -4000000,
    "incomeBeforeTax": 112400000,
    "incomeBeforeTaxRatio": 0.1905084746,
    "incomeTaxExpense": 46600000,
    "netIncome": 65800000,
    "netIncomeRatio": 0.1115254237,
    "eps": 0.47,
    "epsdiluted": 0.47,
    "weightedAverageShsOut": 140000000,
    "weightedAverageShsOutDil": 141505376,
    "link": "https://www.sec.gov/Archives/edgar/data/920148/000092014802000026/0000920148-02-000026-index.htm",
    "finalLink": "https://www.sec.gov/Archives/edgar/data/920148/000092014802000026/edgarqtr102.txt"
  },
  {
    "date": "2001-12-31",
    "symbol": "LH",
    "reportedCurrency": "USD",
    "cik": "0000920148",
    "fillingDate": "2002-03-18",
    "acceptedDate": "2002-03-18 00:00:00",
    "calendarYear": "2001",
    "period": "Q4",
    "revenue": 563800000,
    "costOfRevenue": 338700000,
    "grossProfit": 225100000,
    "grossProfitRatio": 0.399255055,
    "researchAndDevelopmentExpenses": 0,
    "generalAndAdministrativeExpenses": 136100000,
    "sellingAndMarketingExpenses": 0,
    "sellingGeneralAndAdministrativeExpenses": 136100000,
    "otherExpenses": 11600000,
    "operatingExpenses": 147700000,
    "costAndExpenses": 486400000,
    "interestIncome": 0,
    "interestExpense": 0,
    "depreciationAndAmortization": 28500000,
    "ebitda": 105900000,
    "ebitdaratio": 0.1878325647,
    "operatingIncome": 77400000,
    "operatingIncomeRatio": 0.1372827244,
    "totalOtherIncomeExpensesNet": -3200000,
    "incomeBeforeTax": 74200000,
    "incomeBeforeTaxRatio": 0.1316069528,
    "incomeTaxExpense": 33400000,
    "netIncome": 40800000,
    "netIncomeRatio": 0.0723660873,
    "eps": 0.29,
    "epsdiluted": 0.29,
    "weightedAverageShsOut": 140000000,
    "weightedAverageShsOutDil": 140000000,
    "link": "https://www.sec.gov/Archives/edgar/data/920148/000092014802000015/0000920148-02-000015-index.htm",
    "finalLink": "https://www.sec.gov/Archives/edgar/data/920148/000092014802000015/edgarfinal10k.txt"
  },
  {
    "date": "2001-09-30",
    "symbol": "LH",
    "reportedCurrency": "USD",
    "cik": "0000920148",
    "fillingDate": "2001-11-09",
    "acceptedDate": "2001-11-09 00:00:00",
    "calendarYear": "2001",
    "period": "Q3",
    "revenue": 560900000,
    "costOfRevenue": 322900000,
    "grossProfit": 238000000,
    "grossProfitRatio": 0.4243180603,
    "researchAndDevelopmentExpenses": 0,
    "generalAndAdministrativeExpenses": 128000000,
    "sellingAndMarketingExpenses": 0,
    "sellingGeneralAndAdministrativeExpenses": 128000000,
    "otherExpenses": 9700000,
    "operatingExpenses": 137700000,
    "costAndExpenses": 460600000,
    "interestIncome": 0,
    "interestExpense": 0,
    "depreciationAndAmortization": 25700000,
    "ebitda": 126000000,
    "ebitdaratio": 0.2246389731,
    "operatingIncome": 100300000,
    "operatingIncomeRatio": 0.178819754,
    "totalOtherIncomeExpensesNet": -16100000,
    "incomeBeforeTax": 84200000,
    "incomeBeforeTaxRatio": 0.1501158852,
    "incomeTaxExpense": 37900000,
    "netIncome": 43100000,
    "netIncomeRatio": 0.0768407916,
    "eps": 0.31,
    "epsdiluted": 0.31,
    "weightedAverageShsOut": 138887528,
    "weightedAverageShsOutDil": 141263074,
    "link": "https://www.sec.gov/Archives/edgar/data/920148/000092014801500040/0000920148-01-500040-index.htm",
    "finalLink": "https://www.sec.gov/Archives/edgar/data/920148/000092014801500040/edgar3qtr01.txt"
  },
  {
    "date": "2001-06-30",
    "symbol": "LH",
    "reportedCurrency": "USD",
    "cik": "0000920148",
    "fillingDate": "2001-08-10",
    "acceptedDate": "2001-08-10 00:00:00",
    "calendarYear": "2001",
    "period": "Q2",
    "revenue": 549700000,
    "costOfRevenue": 308800000,
    "grossProfit": 240900000,
    "grossProfitRatio": 0.4382390395,
    "researchAndDevelopmentExpenses": 0,
    "generalAndAdministrativeExpenses": 127400000,
    "sellingAndMarketingExpenses": 0,
    "sellingGeneralAndAdministrativeExpenses": 127400000,
    "otherExpenses": 10900000,
    "operatingExpenses": 138300000,
    "costAndExpenses": 447100000,
    "interestIncome": 0,
    "interestExpense": 0,
    "depreciationAndAmortization": 26200000,
    "ebitda": 128800000,
    "ebitdaratio": 0.2343096234,
    "operatingIncome": 102600000,
    "operatingIncomeRatio": 0.1866472621,
    "totalOtherIncomeExpensesNet": -7800000,
    "incomeBeforeTax": 94800000,
    "incomeBeforeTaxRatio": 0.1724577042,
    "incomeTaxExpense": 42700000,
    "netIncome": 52100000,
    "netIncomeRatio": 0.0947789703,
    "eps": 0.38,
    "epsdiluted": 0.37,
    "weightedAverageShsOut": 138530960,
    "weightedAverageShsOutDil": 140748202,
    "link": "https://www.sec.gov/Archives/edgar/data/920148/000092014801500025/0000920148-01-500025-index.htm",
    "finalLink": "https://www.sec.gov/Archives/edgar/data/920148/000092014801500025/edgar2qtr.txt"
  },
  {
    "date": "2001-03-31",
    "symbol": "LH",
    "reportedCurrency": "USD",
    "cik": "0000920148",
    "fillingDate": "2001-05-04",
    "acceptedDate": "2001-05-04 00:00:00",
    "calendarYear": "2001",
    "period": "Q1",
    "revenue": 525400000,
    "costOfRevenue": 303800000,
    "grossProfit": 221600000,
    "grossProfitRatio": 0.4217738866,
    "researchAndDevelopmentExpenses": 0,
    "generalAndAdministrativeExpenses": 125000000,
    "sellingAndMarketingExpenses": 0,
    "sellingGeneralAndAdministrativeExpenses": 125000000,
    "otherExpenses": 9300000,
    "operatingExpenses": 134300000,
    "costAndExpenses": 438100000,
    "interestIncome": 0,
    "interestExpense": 0,
    "depreciationAndAmortization": 23600000,
    "ebitda": 110900000,
    "ebitdaratio": 0.2110772745,
    "operatingIncome": 87300000,
    "operatingIncomeRatio": 0.1661591169,
    "totalOtherIncomeExpensesNet": -8200000,
    "incomeBeforeTax": 79100000,
    "incomeBeforeTaxRatio": 0.1505519604,
    "incomeTaxExpense": 35600000,
    "netIncome": 43500000,
    "netIncomeRatio": 0.0827940617,
    "eps": 0.32,
    "epsdiluted": 0.31,
    "weightedAverageShsOut": 138461228,
    "weightedAverageShsOutDil": 140615200,
    "link": "https://www.sec.gov/Archives/edgar/data/920148/000092014801500015/0000920148-01-500015-index.htm",
    "finalLink": "https://www.sec.gov/Archives/edgar/data/920148/000092014801500015/edgarqtr1.txt"
  },
  {
    "date": "2000-12-31",
    "symbol": "LH",
    "reportedCurrency": "USD",
    "cik": "0000920148",
    "fillingDate": "2001-03-09",
    "acceptedDate": "2001-03-09 00:00:00",
    "calendarYear": "2000",
    "period": "Q4",
    "revenue": 486000000,
    "costOfRevenue": 288500000,
    "grossProfit": 197500000,
    "grossProfitRatio": 0.4063786008,
    "researchAndDevelopmentExpenses": 0,
    "generalAndAdministrativeExpenses": 123700000,
    "sellingAndMarketingExpenses": 0,
    "sellingGeneralAndAdministrativeExpenses": 123700000,
    "otherExpenses": 21700000,
    "operatingExpenses": 145400000,
    "costAndExpenses": 433900000,
    "interestIncome": 0,
    "interestExpense": 0,
    "depreciationAndAmortization": 21700000,
    "ebitda": 73800000,
    "ebitdaratio": 0.1518518519,
    "operatingIncome": 52100000,
    "operatingIncomeRatio": 0.1072016461,
    "totalOtherIncomeExpensesNet": -13400000,
    "incomeBeforeTax": 38700000,
    "incomeBeforeTaxRatio": 0.0796296296,
    "incomeTaxExpense": 17800000,
    "netIncome": 20900000,
    "netIncomeRatio": 0.0430041152,
    "eps": 0.15,
    "epsdiluted": 0.15,
    "weightedAverageShsOut": 138095238,
    "weightedAverageShsOutDil": 138095238,
    "link": "https://www.sec.gov/Archives/edgar/data/920148/000092014801000003/0000920148-01-000003-index.htm",
    "finalLink": "https://www.sec.gov/Archives/edgar/data/920148/000092014801000003/0000920148-01-000003-0001.txt"
  },
  {
    "date": "2000-09-30",
    "symbol": "LH",
    "reportedCurrency": "USD",
    "cik": "0000920148",
    "fillingDate": "2000-11-14",
    "acceptedDate": "2000-11-14 00:00:00",
    "calendarYear": "2000",
    "period": "Q3",
    "revenue": 488100000,
    "costOfRevenue": 276200000,
    "grossProfit": 211900000,
    "grossProfitRatio": 0.4341323499,
    "researchAndDevelopmentExpenses": 0,
    "generalAndAdministrativeExpenses": 118700000,
    "sellingAndMarketingExpenses": 0,
    "sellingGeneralAndAdministrativeExpenses": 118700000,
    "otherExpenses": 23900000,
    "operatingExpenses": 142600000,
    "costAndExpenses": 418800000,
    "interestIncome": 0,
    "interestExpense": 0,
    "depreciationAndAmortization": 23500000,
    "ebitda": 93200000,
    "ebitdaratio": 0.1909444786,
    "operatingIncome": 69300000,
    "operatingIncomeRatio": 0.1419791026,
    "totalOtherIncomeExpensesNet": -8600000,
    "incomeBeforeTax": 60700000,
    "incomeBeforeTaxRatio": 0.1243597623,
    "incomeTaxExpense": 27900000,
    "netIncome": 32800000,
    "netIncomeRatio": 0.0671993444,
    "eps": 0.25,
    "epsdiluted": 0.24,
    "weightedAverageShsOut": 133877551,
    "weightedAverageShsOutDil": 139574468,
    "link": "https://www.sec.gov/Archives/edgar/data/920148/000092014800000056/0000920148-00-000056-index.htm",
    "finalLink": "https://www.sec.gov/Archives/edgar/data/920148/000092014800000056/0000920148-00-000056-0001.txt"
  },
  {
    "date": "2000-06-30",
    "symbol": "LH",
    "reportedCurrency": "USD",
    "cik": "0000920148",
    "fillingDate": "2000-08-14",
    "acceptedDate": "2000-08-14 00:00:00",
    "calendarYear": "2000",
    "period": "Q2",
    "revenue": 482400000,
    "costOfRevenue": 266100000,
    "grossProfit": 216300000,
    "grossProfitRatio": 0.4483830846,
    "researchAndDevelopmentExpenses": 0,
    "generalAndAdministrativeExpenses": 122100000,
    "sellingAndMarketingExpenses": 0,
    "sellingGeneralAndAdministrativeExpenses": 122100000,
    "otherExpenses": 22900000,
    "operatingExpenses": 145000000,
    "costAndExpenses": 411100000,
    "interestIncome": 0,
    "interestExpense": 0,
    "depreciationAndAmortization": 22900000,
    "ebitda": 94200000,
    "ebitdaratio": 0.1952736318,
    "operatingIncome": 71300000,
    "operatingIncomeRatio": 0.1478026534,
    "totalOtherIncomeExpensesNet": -10700000,
    "incomeBeforeTax": 60600000,
    "incomeBeforeTaxRatio": 0.1256218905,
    "incomeTaxExpense": 27900000,
    "netIncome": 32700000,
    "netIncomeRatio": 0.0677860697,
    "eps": 0.24,
    "epsdiluted": 0.24,
    "weightedAverageShsOut": 54020619,
    "weightedAverageShsOutDil": 55744681,
    "link": "https://www.sec.gov/Archives/edgar/data/920148/000092014800000049/0000920148-00-000049-index.htm",
    "finalLink": "https://www.sec.gov/Archives/edgar/data/920148/000092014800000049/0000920148-00-000049-0001.txt"
  },
  {
    "date": "2000-03-31",
    "symbol": "LH",
    "reportedCurrency": "USD",
    "cik": "0000920148",
    "fillingDate": "2000-05-10",
    "acceptedDate": "2000-05-10 00:00:00",
    "calendarYear": "2000",
    "period": "Q1",
    "revenue": 462700000,
    "costOfRevenue": 265400000,
    "grossProfit": 197300000,
    "grossProfitRatio": 0.426410201,
    "researchAndDevelopmentExpenses": 0,
    "generalAndAdministrativeExpenses": 118400000,
    "sellingAndMarketingExpenses": 0,
    "sellingGeneralAndAdministrativeExpenses": 118400000,
    "otherExpenses": 21500000,
    "operatingExpenses": 139900000,
    "costAndExpenses": 405300000,
    "interestIncome": 0,
    "interestExpense": 0,
    "depreciationAndAmortization": 21500000,
    "ebitda": 78900000,
    "ebitdaratio": 0.1705208558,
    "operatingIncome": 57400000,
    "operatingIncomeRatio": 0.1240544629,
    "totalOtherIncomeExpensesNet": -9800000,
    "incomeBeforeTax": 47600000,
    "incomeBeforeTaxRatio": 0.1028744327,
    "incomeTaxExpense": 21900000,
    "netIncome": 25700000,
    "netIncomeRatio": 0.0555435487,
    "eps": 0.21,
    "epsdiluted": 0.19,
    "weightedAverageShsOut": 51764706,
    "weightedAverageShsOutDil": 58666667,
    "link": "https://www.sec.gov/Archives/edgar/data/920148/000092014800000022/0000920148-00-000022-index.html",
    "finalLink": "https://www.sec.gov/Archives/edgar/data/920148/000092014800000022/"
  },
  {
    "date": "1999-12-31",
    "symbol": "LH",
    "reportedCurrency": "USD",
    "cik": "0000920148",
    "fillingDate": "2000-03-17",
    "acceptedDate": "2000-03-17 00:00:00",
    "calendarYear": "1999",
    "period": "Q4",
    "revenue": 422700000,
    "costOfRevenue": 259100000,
    "grossProfit": 163600000,
    "grossProfitRatio": 0.3870357227,
    "researchAndDevelopmentExpenses": 0,
    "generalAndAdministrativeExpenses": 109000000,
    "sellingAndMarketingExpenses": 0,
    "sellingGeneralAndAdministrativeExpenses": 109000000,
    "otherExpenses": 21500000,
    "operatingExpenses": 130500000,
    "costAndExpenses": 389600000,
    "interestIncome": 0,
    "interestExpense": 0,
    "depreciationAndAmortization": 21500000,
    "ebitda": 54600000,
    "ebitdaratio": 0.1291696238,
    "operatingIncome": 33100000,
    "operatingIncomeRatio": 0.0783061273,
    "totalOtherIncomeExpensesNet": -10200000,
    "incomeBeforeTax": 22900000,
    "incomeBeforeTaxRatio": 0.0541755382,
    "incomeTaxExpense": 8700000,
    "netIncome": 14200000,
    "netIncomeRatio": 0.0335935652,
    "eps": 0.27,
    "epsdiluted": 0.27,
    "weightedAverageShsOut": 51764706,
    "weightedAverageShsOutDil": 51764706,
    "link": "https://www.sec.gov/Archives/edgar/data/920148/000092014800000009/0000920148-00-000009-index.html",
    "finalLink": "https://www.sec.gov/Archives/edgar/data/920148/000092014800000009/"
  },
  {
    "date": "1999-09-30",
    "symbol": "LH",
    "reportedCurrency": "USD",
    "cik": "0000920148",
    "fillingDate": "1999-11-12",
    "acceptedDate": "1999-11-12 00:00:00",
    "calendarYear": "1999",
    "period": "Q3",
    "revenue": 428600000,
    "costOfRevenue": 252500000,
    "grossProfit": 176100000,
    "grossProfitRatio": 0.4108726085,
    "researchAndDevelopmentExpenses": 0,
    "generalAndAdministrativeExpenses": 115600000,
    "sellingAndMarketingExpenses": 0,
    "sellingGeneralAndAdministrativeExpenses": 115600000,
    "otherExpenses": 20400000,
    "operatingExpenses": 136000000,
    "costAndExpenses": 388500000,
    "interestIncome": 0,
    "interestExpense": 0,
    "depreciationAndAmortization": 20400000,
    "ebitda": 60500000,
    "ebitdaratio": 0.1411572562,
    "operatingIncome": 40100000,
    "operatingIncomeRatio": 0.0935604293,
    "totalOtherIncomeExpensesNet": -12300000,
    "incomeBeforeTax": 27800000,
    "incomeBeforeTaxRatio": 0.0648623425,
    "incomeTaxExpense": 10600000,
    "netIncome": 17200000,
    "netIncomeRatio": 0.040130658,
    "eps": 0.075,
    "epsdiluted": 0.075,
    "weightedAverageShsOut": 57333333,
    "weightedAverageShsOutDil": 57333333,
    "link": "https://www.sec.gov/Archives/edgar/data/920148/000092014899000061/0000920148-99-000061-index.html",
    "finalLink": "https://www.sec.gov/Archives/edgar/data/920148/000092014899000061/"
  },
  {
    "date": "1999-06-30",
    "symbol": "LH",
    "reportedCurrency": "USD",
    "cik": "0000920148",
    "fillingDate": "1999-08-16",
    "acceptedDate": "1999-08-16 00:00:00",
    "calendarYear": "1999",
    "period": "Q2",
    "revenue": 429500000,
    "costOfRevenue": 251600000,
    "grossProfit": 177900000,
    "grossProfitRatio": 0.4142025611,
    "researchAndDevelopmentExpenses": 0,
    "generalAndAdministrativeExpenses": 114400000,
    "sellingAndMarketingExpenses": 0,
    "sellingGeneralAndAdministrativeExpenses": 114400000,
    "otherExpenses": 21400000,
    "operatingExpenses": 135800000,
    "costAndExpenses": 387400000,
    "interestIncome": 0,
    "interestExpense": 0,
    "depreciationAndAmortization": 21400000,
    "ebitda": 63500000,
    "ebitdaratio": 0.1478463329,
    "operatingIncome": 42100000,
    "operatingIncomeRatio": 0.0980209546,
    "totalOtherIncomeExpensesNet": -10100000,
    "incomeBeforeTax": 32000000,
    "incomeBeforeTaxRatio": 0.0745052386,
    "incomeTaxExpense": 12200000,
    "netIncome": 19800000,
    "netIncomeRatio": 0.0461001164,
    "eps": 0.14,
    "epsdiluted": 0.14,
    "weightedAverageShsOut": 52142857,
    "weightedAverageShsOutDil": 52142857,
    "link": "https://www.sec.gov/Archives/edgar/data/920148/0000920148-99-000044-index.html",
    "finalLink": "https://www.sec.gov/Archives/edgar/data/920148/000092014899000044/0000920148-99-000044.txt"
  },
  {
    "date": "1999-03-31",
    "symbol": "LH",
    "reportedCurrency": "USD",
    "cik": "0000920148",
    "fillingDate": "1999-05-13",
    "acceptedDate": "1999-05-13 00:00:00",
    "calendarYear": "1999",
    "period": "Q1",
    "revenue": 417900000,
    "costOfRevenue": 253200000,
    "grossProfit": 164700000,
    "grossProfitRatio": 0.3941134243,
    "researchAndDevelopmentExpenses": 0,
    "generalAndAdministrativeExpenses": 109100000,
    "sellingAndMarketingExpenses": 0,
    "sellingGeneralAndAdministrativeExpenses": 109100000,
    "otherExpenses": 21200000,
    "operatingExpenses": 130300000,
    "costAndExpenses": 383500000,
    "interestIncome": 0,
    "interestExpense": 0,
    "depreciationAndAmortization": 21200000,
    "ebitda": 55600000,
    "ebitdaratio": 0.1330461833,
    "operatingIncome": 34400000,
    "operatingIncomeRatio": 0.0823163436,
    "totalOtherIncomeExpensesNet": -11600000,
    "incomeBeforeTax": 22800000,
    "incomeBeforeTaxRatio": 0.0545585068,
    "incomeTaxExpense": 8700000,
    "netIncome": 14100000,
    "netIncomeRatio": 0.0337401292,
    "eps": 0.05,
    "epsdiluted": 0.05,
    "weightedAverageShsOut": 62000000,
    "weightedAverageShsOutDil": 62000000,
    "link": "https://www.sec.gov/Archives/edgar/data/920148/000092014899000029/0000920148-99-000029-index.html",
    "finalLink": "https://www.sec.gov/Archives/edgar/data/920148/"
  },
  {
    "date": "1998-12-31",
    "symbol": "LH",
    "reportedCurrency": "USD",
    "cik": "0000920148",
    "fillingDate": "1999-03-11",
    "acceptedDate": "1999-03-11 00:00:00",
    "calendarYear": "1998",
    "period": "Q4",
    "revenue": 455200000,
    "costOfRevenue": 252000000,
    "grossProfit": 203200000,
    "grossProfitRatio": 0.446397188,
    "researchAndDevelopmentExpenses": 0,
    "generalAndAdministrativeExpenses": 155300000,
    "sellingAndMarketingExpenses": 0,
    "sellingGeneralAndAdministrativeExpenses": 155300000,
    "otherExpenses": 21300000,
    "operatingExpenses": 176600000,
    "costAndExpenses": 428600000,
    "interestIncome": 0,
    "interestExpense": 0,
    "depreciationAndAmortization": 21300000,
    "ebitda": 47900000,
    "ebitdaratio": 0.105228471,
    "operatingIncome": 26600000,
    "operatingIncomeRatio": 0.0584358524,
    "totalOtherIncomeExpensesNet": -11700000,
    "incomeBeforeTax": 14900000,
    "incomeBeforeTaxRatio": 0.0327328647,
    "incomeTaxExpense": -20400000,
    "netIncome": 35300000,
    "netIncomeRatio": 0.0775483304,
    "eps": 0.57,
    "epsdiluted": 0.57,
    "weightedAverageShsOut": 62000000,
    "weightedAverageShsOutDil": 62000000,
    "link": "https://www.sec.gov/Archives/edgar/data/920148/000092014899000007/0000920148-99-000007-index.html",
    "finalLink": "https://www.sec.gov/Archives/edgar/data/920148/"
  },
  {
    "date": "1998-09-30",
    "symbol": "LH",
    "reportedCurrency": "USD",
    "cik": "0000920148",
    "fillingDate": "1998-11-13",
    "acceptedDate": "1998-11-13 00:00:00",
    "calendarYear": "1998",
    "period": "Q3",
    "revenue": 398300000,
    "costOfRevenue": 257800000,
    "grossProfit": 140500000,
    "grossProfitRatio": 0.352749184,
    "researchAndDevelopmentExpenses": 0,
    "generalAndAdministrativeExpenses": 86000000,
    "sellingAndMarketingExpenses": 0,
    "sellingGeneralAndAdministrativeExpenses": 86000000,
    "otherExpenses": 20200000,
    "operatingExpenses": 106200000,
    "costAndExpenses": 364000000,
    "interestIncome": 0,
    "interestExpense": 0,
    "depreciationAndAmortization": 20200000,
    "ebitda": 54500000,
    "ebitdaratio": 0.136831534,
    "operatingIncome": 34300000,
    "operatingIncomeRatio": 0.086115993,
    "totalOtherIncomeExpensesNet": -12000000,
    "incomeBeforeTax": 22300000,
    "incomeBeforeTaxRatio": 0.0559879488,
    "incomeTaxExpense": 10900000,
    "netIncome": 11400000,
    "netIncomeRatio": 0.028621642,
    "eps": 0.006,
    "epsdiluted": 0.006,
    "weightedAverageShsOut": 50106000,
    "weightedAverageShsOutDil": 50106000,
    "link": "https://www.sec.gov/Archives/edgar/data/920148/0000920148-98-000050-index.html",
    "finalLink": "https://www.sec.gov/Archives/edgar/data/920148/0000920148-98-000050.txt"
  },
  {
    "date": "1998-06-30",
    "symbol": "LH",
    "reportedCurrency": "USD",
    "cik": "0000920148",
    "fillingDate": "1998-08-14",
    "acceptedDate": "1998-08-14 00:00:00",
    "calendarYear": "1998",
    "period": "Q2",
    "revenue": 386100000,
    "costOfRevenue": 243900000,
    "grossProfit": 142200000,
    "grossProfitRatio": 0.3682983683,
    "researchAndDevelopmentExpenses": 0,
    "generalAndAdministrativeExpenses": 83400000,
    "sellingAndMarketingExpenses": 0,
    "sellingGeneralAndAdministrativeExpenses": 83400000,
    "otherExpenses": 21400000,
    "operatingExpenses": 104800000,
    "costAndExpenses": 348700000,
    "interestIncome": 0,
    "interestExpense": 0,
    "depreciationAndAmortization": 21400000,
    "ebitda": 58800000,
    "ebitdaratio": 0.1522921523,
    "operatingIncome": 37400000,
    "operatingIncomeRatio": 0.0968660969,
    "totalOtherIncomeExpensesNet": -12000000,
    "incomeBeforeTax": 25400000,
    "incomeBeforeTaxRatio": 0.0657860658,
    "incomeTaxExpense": 12600000,
    "netIncome": 12800000,
    "netIncomeRatio": 0.0331520332,
    "eps": 0.025,
    "epsdiluted": 0.025,
    "weightedAverageShsOut": 52000000,
    "weightedAverageShsOutDil": 52000000,
    "link": "https://www.sec.gov/Archives/edgar/data/920148/0000920148-98-000036-index.html",
    "finalLink": "https://www.sec.gov/Archives/edgar/data/920148/0000920148-98-000036.txt"
  },
  {
    "date": "1998-03-31",
    "symbol": "LH",
    "reportedCurrency": "USD",
    "cik": "0000920148",
    "fillingDate": "1998-05-14",
    "acceptedDate": "1998-05-14 00:00:00",
    "calendarYear": "1998",
    "period": "Q1",
    "revenue": 373000000,
    "costOfRevenue": 242000000,
    "grossProfit": 131000000,
    "grossProfitRatio": 0.3512064343,
    "researchAndDevelopmentExpenses": 0,
    "generalAndAdministrativeExpenses": 80300000,
    "sellingAndMarketingExpenses": 0,
    "sellingGeneralAndAdministrativeExpenses": 80300000,
    "otherExpenses": 21300000,
    "operatingExpenses": 101600000,
    "costAndExpenses": 343600000,
    "interestIncome": 0,
    "interestExpense": 0,
    "depreciationAndAmortization": 21300000,
    "ebitda": 50700000,
    "ebitdaratio": 0.135924933,
    "operatingIncome": 29400000,
    "operatingIncomeRatio": 0.0788203753,
    "totalOtherIncomeExpensesNet": -10600000,
    "incomeBeforeTax": 18800000,
    "incomeBeforeTaxRatio": 0.0504021448,
    "incomeTaxExpense": 9500000,
    "netIncome": 9300000,
    "netIncomeRatio": 0.0249329759,
    "eps": -0.025,
    "epsdiluted": -0.025,
    "weightedAverageShsOut": 49802800,
    "weightedAverageShsOutDil": 49802800,
    "link": "https://www.sec.gov/Archives/edgar/data/920148/000092014898000023/0000920148-98-000023-index.html",
    "finalLink": "https://www.sec.gov/Archives/edgar/data/920148/"
  },
  {
    "date": "1997-12-31",
    "symbol": "LH",
    "reportedCurrency": "USD",
    "cik": "0000920148",
    "fillingDate": "1998-03-30",
    "acceptedDate": "1998-03-30 00:00:00",
    "calendarYear": "1997",
    "period": "Q4",
    "revenue": 361400000,
    "costOfRevenue": 254600000,
    "grossProfit": 106800000,
    "grossProfitRatio": 0.2955174322,
    "researchAndDevelopmentExpenses": 0,
    "generalAndAdministrativeExpenses": 262200000,
    "sellingAndMarketingExpenses": 0,
    "sellingGeneralAndAdministrativeExpenses": 262200000,
    "otherExpenses": 21900000,
    "operatingExpenses": 284100000,
    "costAndExpenses": 538700000,
    "interestIncome": 0,
    "interestExpense": 0,
    "depreciationAndAmortization": 21900000,
    "ebitda": -155400000,
    "ebitdaratio": -0.429994466,
    "operatingIncome": -177300000,
    "operatingIncomeRatio": -0.4905921417,
    "totalOtherIncomeExpensesNet": -13500000,
    "incomeBeforeTax": -190800000,
    "incomeBeforeTaxRatio": -0.5279468733,
    "incomeTaxExpense": -72100000,
    "netIncome": -118700000,
    "netIncomeRatio": -0.3284449364,
    "eps": -2.4,
    "epsdiluted": -2.38,
    "weightedAverageShsOut": 49417200,
    "weightedAverageShsOutDil": 49802800,
    "link": "https://www.sec.gov/Archives/edgar/data/920148/000092014898000007/0000920148-98-000007-index.html",
    "finalLink": "https://www.sec.gov/Archives/edgar/data/920148/"
  },
  {
    "date": "1997-09-30",
    "symbol": "LH",
    "reportedCurrency": "USD",
    "cik": "0000920148",
    "fillingDate": "1997-11-04",
    "acceptedDate": "1997-11-04 00:00:00",
    "calendarYear": "1997",
    "period": "Q3",
    "revenue": 376500000,
    "costOfRevenue": 249300000,
    "grossProfit": 127200000,
    "grossProfitRatio": 0.3378486056,
    "researchAndDevelopmentExpenses": 0,
    "generalAndAdministrativeExpenses": 79400000,
    "sellingAndMarketingExpenses": 0,
    "sellingGeneralAndAdministrativeExpenses": 79400000,
    "otherExpenses": 21100000,
    "operatingExpenses": 100500000,
    "costAndExpenses": 349800000,
    "interestIncome": 0,
    "interestExpense": 0,
    "depreciationAndAmortization": 21100000,
    "ebitda": 47800000,
    "ebitdaratio": 0.1269588313,
    "operatingIncome": 26700000,
    "operatingIncomeRatio": 0.0709163347,
    "totalOtherIncomeExpensesNet": -13300000,
    "incomeBeforeTax": 13400000,
    "incomeBeforeTaxRatio": 0.0355909695,
    "incomeTaxExpense": 8000000,
    "netIncome": 5400000,
    "netIncomeRatio": 0.0143426295,
    "eps": -0.12,
    "epsdiluted": -0.12,
    "weightedAverageShsOut": 52800000,
    "weightedAverageShsOutDil": 52800000,
    "link": "https://www.sec.gov/Archives/edgar/data/920148/000092014897000033/0000920148-97-000033-index.html",
    "finalLink": "https://www.sec.gov/Archives/edgar/data/920148/"
  },
  {
    "date": "1997-06-30",
    "symbol": "LH",
    "reportedCurrency": "USD",
    "cik": "0000920148",
    "fillingDate": "1997-08-14",
    "acceptedDate": "1997-08-14 00:00:00",
    "calendarYear": "1997",
    "period": "Q2",
    "revenue": 389600000,
    "costOfRevenue": 257500000,
    "grossProfit": 132100000,
    "grossProfitRatio": 0.3390657084,
    "researchAndDevelopmentExpenses": 0,
    "generalAndAdministrativeExpenses": 79300000,
    "sellingAndMarketingExpenses": 0,
    "sellingGeneralAndAdministrativeExpenses": 79300000,
    "otherExpenses": 21900000,
    "operatingExpenses": 101200000,
    "costAndExpenses": 358700000,
    "interestIncome": 0,
    "interestExpense": 0,
    "depreciationAndAmortization": 21900000,
    "ebitda": 52800000,
    "ebitdaratio": 0.135523614,
    "operatingIncome": 30900000,
    "operatingIncomeRatio": 0.079312115,
    "totalOtherIncomeExpensesNet": -20700000,
    "incomeBeforeTax": 10200000,
    "incomeBeforeTaxRatio": 0.0261806982,
    "incomeTaxExpense": 6100000,
    "netIncome": 4100000,
    "netIncomeRatio": 0.010523614,
    "eps": 0.05,
    "epsdiluted": 0.05,
    "weightedAverageShsOut": 58000000,
    "weightedAverageShsOutDil": 58000000,
    "link": "https://www.sec.gov/Archives/edgar/data/920148/000092014897000029/0000920148-97-000029-index.html",
    "finalLink": "https://www.sec.gov/Archives/edgar/data/920148/"
  },
  {
    "date": "1997-03-31",
    "symbol": "LH",
    "reportedCurrency": "USD",
    "cik": "0000920148",
    "fillingDate": "1997-05-14",
    "acceptedDate": "1997-05-14 00:00:00",
    "calendarYear": "1997",
    "period": "Q1",
    "revenue": 391500000,
    "costOfRevenue": 262900000,
    "grossProfit": 128600000,
    "grossProfitRatio": 0.3284802043,
    "researchAndDevelopmentExpenses": 0,
    "generalAndAdministrativeExpenses": 78900000,
    "sellingAndMarketingExpenses": 0,
    "sellingGeneralAndAdministrativeExpenses": 78900000,
    "otherExpenses": 21900000,
    "operatingExpenses": 100800000,
    "costAndExpenses": 363700000,
    "interestIncome": 0,
    "interestExpense": 0,
    "depreciationAndAmortization": 21900000,
    "ebitda": 49700000,
    "ebitdaratio": 0.1269476373,
    "operatingIncome": 27800000,
    "operatingIncomeRatio": 0.07100894,
    "totalOtherIncomeExpensesNet": -21900000,
    "incomeBeforeTax": 5900000,
    "incomeBeforeTaxRatio": 0.0150702427,
    "incomeTaxExpense": 3500000,
    "netIncome": 2400000,
    "netIncomeRatio": 0.0061302682,
    "eps": 0.05,
    "epsdiluted": 0.05,
    "weightedAverageShsOut": 48000000,
    "weightedAverageShsOutDil": 48000000,
    "link": "https://www.sec.gov/Archives/edgar/data/920148/000092014897000021/0000920148-97-000021-index.html",
    "finalLink": "https://www.sec.gov/Archives/edgar/data/920148/"
  },
  {
    "date": "1996-12-31",
    "symbol": "LH",
    "reportedCurrency": "USD",
    "cik": "0000920148",
    "fillingDate": "1997-04-11",
    "acceptedDate": "1997-04-11 00:00:00",
    "calendarYear": "1996",
    "period": "Q4",
    "revenue": 391200000,
    "costOfRevenue": 266300000,
    "grossProfit": 124900000,
    "grossProfitRatio": 0.3192740286,
    "researchAndDevelopmentExpenses": 0,
    "generalAndAdministrativeExpenses": 267000000,
    "sellingAndMarketingExpenses": 0,
    "sellingGeneralAndAdministrativeExpenses": 267000000,
    "otherExpenses": 21200000,
    "operatingExpenses": 288200000,
    "costAndExpenses": 554500000,
    "interestIncome": 0,
    "interestExpense": 0,
    "depreciationAndAmortization": 21200000,
    "ebitda": -142100000,
    "ebitdaratio": -0.3632413088,
    "operatingIncome": -163300000,
    "operatingIncomeRatio": -0.4174335378,
    "totalOtherIncomeExpensesNet": 165400000,
    "incomeBeforeTax": 2100000,
    "incomeBeforeTaxRatio": 0.0053680982,
    "incomeTaxExpense": 900000,
    "netIncome": 1200000,
    "netIncomeRatio": 0.0030674847,
    "eps": 0.025,
    "epsdiluted": 0.025,
    "weightedAverageShsOut": 48000000,
    "weightedAverageShsOutDil": 48000000,
    "link": "https://www.sec.gov/Archives/edgar/data/920148/000092014897000012/0000920148-97-000012-index.html",
    "finalLink": "https://www.sec.gov/Archives/edgar/data/920148/"
  },
  {
    "date": "1996-09-30",
    "symbol": "LH",
    "reportedCurrency": "USD",
    "cik": "0000920148",
    "fillingDate": "1996-11-14",
    "acceptedDate": "1996-11-14 00:00:00",
    "calendarYear": "1996",
    "period": "Q3",
    "revenue": 402600000,
    "costOfRevenue": 286500000,
    "grossProfit": 116100000,
    "grossProfitRatio": 0.2883755589,
    "researchAndDevelopmentExpenses": 0,
    "generalAndAdministrativeExpenses": 75600000,
    "sellingAndMarketingExpenses": 0,
    "sellingGeneralAndAdministrativeExpenses": 75600000,
    "otherExpenses": 20900000,
    "operatingExpenses": 96500000,
    "costAndExpenses": 383000000,
    "interestIncome": 0,
    "interestExpense": 0,
    "depreciationAndAmortization": 20900000,
    "ebitda": 40500000,
    "ebitdaratio": 0.1005961252,
    "operatingIncome": 19600000,
    "operatingIncomeRatio": 0.0486835569,
    "totalOtherIncomeExpensesNet": -202100000,
    "incomeBeforeTax": -182500000,
    "incomeBeforeTaxRatio": -0.4533035271,
    "incomeTaxExpense": -36100000,
    "netIncome": -146400000,
    "netIncomeRatio": -0.3636363636,
    "eps": -2.98,
    "epsdiluted": -2.98,
    "weightedAverageShsOut": 49210084,
    "weightedAverageShsOutDil": 49210084,
    "link": "https://www.sec.gov/Archives/edgar/data/920148/000092014896000024/0000920148-96-000024-index.html",
    "finalLink": "https://www.sec.gov/Archives/edgar/data/920148/"
  },
  {
    "date": "1996-06-30",
    "symbol": "LH",
    "reportedCurrency": "USD",
    "cik": "0000920148",
    "fillingDate": "1996-08-14",
    "acceptedDate": "1996-08-14 00:00:00",
    "calendarYear": "1996",
    "period": "Q2",
    "revenue": 410000000,
    "costOfRevenue": 286400000,
    "grossProfit": 123600000,
    "grossProfitRatio": 0.3014634146,
    "researchAndDevelopmentExpenses": 0,
    "generalAndAdministrativeExpenses": 81900000,
    "sellingAndMarketingExpenses": 0,
    "sellingGeneralAndAdministrativeExpenses": 81900000,
    "otherExpenses": 21600000,
    "operatingExpenses": 103500000,
    "costAndExpenses": 389900000,
    "interestIncome": 0,
    "interestExpense": 0,
    "depreciationAndAmortization": 21600000,
    "ebitda": 41700000,
    "ebitdaratio": 0.1017073171,
    "operatingIncome": 20100000,
    "operatingIncomeRatio": 0.0490243902,
    "totalOtherIncomeExpensesNet": -39800000,
    "incomeBeforeTax": -19700000,
    "incomeBeforeTaxRatio": -0.0480487805,
    "incomeTaxExpense": -5500000,
    "netIncome": -14200000,
    "netIncomeRatio": -0.0346341463,
    "eps": -0.3,
    "epsdiluted": -0.3,
    "weightedAverageShsOut": 47333333,
    "weightedAverageShsOutDil": 47333333,
    "link": "https://www.sec.gov/Archives/edgar/data/920148/000092014896000015/0000920148-96-000015-index.html",
    "finalLink": "https://www.sec.gov/Archives/edgar/data/920148/"
  },
  {
    "date": "1996-03-31",
    "symbol": "LH",
    "reportedCurrency": "USD",
    "cik": "0000920148",
    "fillingDate": "1996-05-14",
    "acceptedDate": "1996-05-14 00:00:00",
    "calendarYear": "1996",
    "period": "Q1",
    "revenue": 403900000,
    "costOfRevenue": 289800000,
    "grossProfit": 114100000,
    "grossProfitRatio": 0.2824956672,
    "researchAndDevelopmentExpenses": 0,
    "generalAndAdministrativeExpenses": 65500000,
    "sellingAndMarketingExpenses": 0,
    "sellingGeneralAndAdministrativeExpenses": 65500000,
    "otherExpenses": 20800000,
    "operatingExpenses": 86300000,
    "costAndExpenses": 376100000,
    "interestIncome": 0,
    "interestExpense": 0,
    "depreciationAndAmortization": 20800000,
    "ebitda": 48600000,
    "ebitdaratio": 0.1203268136,
    "operatingIncome": 27800000,
    "operatingIncomeRatio": 0.068828918,
    "totalOtherIncomeExpensesNet": -16000000,
    "incomeBeforeTax": 11800000,
    "incomeBeforeTaxRatio": 0.0292151523,
    "incomeTaxExpense": 5900000,
    "netIncome": 5900000,
    "netIncomeRatio": 0.0146075761,
    "eps": 0.13,
    "epsdiluted": 0.13,
    "weightedAverageShsOut": 47200000,
    "weightedAverageShsOutDil": 47200000,
    "link": "https://www.sec.gov/Archives/edgar/data/920148/000092014896000009/0000920148-96-000009-index.html",
    "finalLink": "https://www.sec.gov/Archives/edgar/data/920148/"
  },
  {
    "date": "1995-12-31",
    "symbol": "LH",
    "reportedCurrency": "USD",
    "cik": "0000920148",
    "fillingDate": "1996-03-29",
    "acceptedDate": "1996-03-29 00:00:00",
    "calendarYear": "1995",
    "period": "Q4",
    "revenue": 403400000,
    "costOfRevenue": 289400000,
    "grossProfit": 114000000,
    "grossProfitRatio": 0.2825979177,
    "researchAndDevelopmentExpenses": 0,
    "generalAndAdministrativeExpenses": 151200000,
    "sellingAndMarketingExpenses": 0,
    "sellingGeneralAndAdministrativeExpenses": 151200000,
    "otherExpenses": 20300000,
    "operatingExpenses": 171500000,
    "costAndExpenses": 460900000,
    "interestIncome": 0,
    "interestExpense": 0,
    "depreciationAndAmortization": 20300000,
    "ebitda": -37200000,
    "ebitdaratio": -0.0922161626,
    "operatingIncome": -57500000,
    "operatingIncomeRatio": -0.1425384234,
    "totalOtherIncomeExpensesNet": 58300000,
    "incomeBeforeTax": 800000,
    "incomeBeforeTaxRatio": 0.0019831433,
    "incomeTaxExpense": 400000,
    "netIncome": 400000,
    "netIncomeRatio": 0.0009915716,
    "eps": 0.0085,
    "epsdiluted": 0.0085,
    "weightedAverageShsOut": 47200000,
    "weightedAverageShsOutDil": 47200000,
    "link": "https://www.sec.gov/Archives/edgar/data/920148/000092014896000005/0000920148-96-000005-index.html",
    "finalLink": "https://www.sec.gov/Archives/edgar/data/920148/"
  },
  {
    "date": "1995-09-30",
    "symbol": "LH",
    "reportedCurrency": "USD",
    "cik": "0000920148",
    "fillingDate": "1995-11-14",
    "acceptedDate": "1995-11-14 00:00:00",
    "calendarYear": "1995",
    "period": "Q3",
    "revenue": 417500000,
    "costOfRevenue": 288000000,
    "grossProfit": 129500000,
    "grossProfitRatio": 0.3101796407,
    "researchAndDevelopmentExpenses": 0,
    "generalAndAdministrativeExpenses": 66900000,
    "sellingAndMarketingExpenses": 0,
    "sellingGeneralAndAdministrativeExpenses": 66900000,
    "otherExpenses": 19400000,
    "operatingExpenses": 86300000,
    "costAndExpenses": 374300000,
    "interestIncome": 0,
    "interestExpense": 0,
    "depreciationAndAmortization": 19400000,
    "ebitda": 62600000,
    "ebitdaratio": 0.1499401198,
    "operatingIncome": 43200000,
    "operatingIncomeRatio": 0.1034730539,
    "totalOtherIncomeExpensesNet": -17000000,
    "incomeBeforeTax": 26200000,
    "incomeBeforeTaxRatio": 0.062754491,
    "incomeTaxExpense": 11800000,
    "netIncome": 14400000,
    "netIncomeRatio": 0.034491018,
    "eps": 0.3,
    "epsdiluted": 0.3,
    "weightedAverageShsOut": 48000000,
    "weightedAverageShsOutDil": 48000000,
    "link": "https://www.sec.gov/Archives/edgar/data/920148/000092014895000023/0000920148-95-000023-index.html",
    "finalLink": "https://www.sec.gov/Archives/edgar/data/920148/"
  }
]