[
  {
    "date": "2025-06-27",
    "symbol": "LHX",
    "reportedCurrency": "USD",
    "cik": "0000202058",
    "fillingDate": "2025-07-24",
    "acceptedDate": "2025-07-24 12:00:21",
    "calendarYear": "2025",
    "period": "Q2",
    "revenue": 5426000000,
    "costOfRevenue": 4268000000,
    "grossProfit": 1158000000,
    "grossProfitRatio": 0.2134168817,
    "researchAndDevelopmentExpenses": 132000000,
    "generalAndAdministrativeExpenses": 0,
    "sellingAndMarketingExpenses": 0,
    "sellingGeneralAndAdministrativeExpenses": 442000000,
    "otherExpenses": 0,
    "operatingExpenses": 574000000,
    "costAndExpenses": 4842000000,
    "interestIncome": 0,
    "interestExpense": 152000000,
    "depreciationAndAmortization": 303000000,
    "ebitda": 979000000,
    "ebitdaratio": 0.180427571,
    "operatingIncome": 584000000,
    "operatingIncomeRatio": 0.10762993,
    "totalOtherIncomeExpensesNet": -60000000,
    "incomeBeforeTax": 524000000,
    "incomeBeforeTaxRatio": 0.0965720604,
    "incomeTaxExpense": 66000000,
    "netIncome": 458000000,
    "netIncomeRatio": 0.084408404,
    "eps": 2.45,
    "epsdiluted": 2.44,
    "weightedAverageShsOut": 187000000,
    "weightedAverageShsOutDil": 187800000,
    "link": "https://www.sec.gov/Archives/edgar/data/202058/000020205825000151/0000202058-25-000151-index.htm",
    "finalLink": "https://www.sec.gov/Archives/edgar/data/202058/000020205825000151/hrs-20250627.htm"
  },
  {
    "date": "2025-03-28",
    "symbol": "LHX",
    "reportedCurrency": "USD",
    "cik": "0000202058",
    "fillingDate": "2025-04-24",
    "acceptedDate": "2025-04-24 09:15:25",
    "calendarYear": "2025",
    "period": "Q1",
    "revenue": 5132000000,
    "costOfRevenue": 3959000000,
    "grossProfit": 1173000000,
    "grossProfitRatio": 0.2285658613,
    "researchAndDevelopmentExpenses": 112000000,
    "generalAndAdministrativeExpenses": 0,
    "sellingAndMarketingExpenses": 0,
    "sellingGeneralAndAdministrativeExpenses": 502000000,
    "otherExpenses": 0,
    "operatingExpenses": 614000000,
    "costAndExpenses": 4573000000,
    "interestIncome": 0,
    "interestExpense": 150000000,
    "depreciationAndAmortization": 301000000,
    "ebitda": 910000000,
    "ebitdaratio": 0.1773187841,
    "operatingIncome": 559000000,
    "operatingIncomeRatio": 0.1089243959,
    "totalOtherIncomeExpensesNet": -100000000,
    "incomeBeforeTax": 459000000,
    "incomeBeforeTaxRatio": 0.0894388153,
    "incomeTaxExpense": 73000000,
    "netIncome": 386000000,
    "netIncomeRatio": 0.0752143414,
    "eps": 2.05,
    "epsdiluted": 2.04,
    "weightedAverageShsOut": 188500000,
    "weightedAverageShsOutDil": 189100000,
    "link": "https://www.sec.gov/Archives/edgar/data/202058/000020205825000101/0000202058-25-000101-index.htm",
    "finalLink": "https://www.sec.gov/Archives/edgar/data/202058/000020205825000101/hrs-20250328.htm"
  },
  {
    "date": "2025-01-03",
    "symbol": "LHX",
    "reportedCurrency": "USD",
    "cik": "0000202058",
    "fillingDate": "2025-02-14",
    "acceptedDate": "2025-02-14 16:25:17",
    "calendarYear": "2024",
    "period": "Q4",
    "revenue": 5523000000,
    "costOfRevenue": 4320000000,
    "grossProfit": 1203000000,
    "grossProfitRatio": 0.2178164041,
    "researchAndDevelopmentExpenses": 0,
    "generalAndAdministrativeExpenses": 0,
    "sellingAndMarketingExpenses": 0,
    "sellingGeneralAndAdministrativeExpenses": 594000000,
    "otherExpenses": 0,
    "operatingExpenses": 594000000,
    "costAndExpenses": 4914000000,
    "interestIncome": 0,
    "interestExpense": 161000000,
    "depreciationAndAmortization": 326000000,
    "ebitda": 974000000,
    "ebitdaratio": 0.1763534311,
    "operatingIncome": 609000000,
    "operatingIncomeRatio": 0.1102661597,
    "totalOtherIncomeExpensesNet": -122000000,
    "incomeBeforeTax": 487000000,
    "incomeBeforeTaxRatio": 0.0881767156,
    "incomeTaxExpense": 31000000,
    "netIncome": 453000000,
    "netIncomeRatio": 0.082020641,
    "eps": 2.38,
    "epsdiluted": 2.37,
    "weightedAverageShsOut": 189700000,
    "weightedAverageShsOutDil": 190600000,
    "link": "https://www.sec.gov/Archives/edgar/data/202058/000020205825000023/0000202058-25-000023-index.htm",
    "finalLink": "https://www.sec.gov/Archives/edgar/data/202058/000020205825000023/hrs-20250103.htm"
  },
  {
    "date": "2024-09-27",
    "symbol": "LHX",
    "reportedCurrency": "USD",
    "cik": "0000202058",
    "fillingDate": "2024-10-25",
    "acceptedDate": "2024-10-25 09:20:11",
    "calendarYear": "2024",
    "period": "Q3",
    "revenue": 5292000000,
    "costOfRevenue": 4067000000,
    "grossProfit": 1225000000,
    "grossProfitRatio": 0.2314814815,
    "researchAndDevelopmentExpenses": 0,
    "generalAndAdministrativeExpenses": 0,
    "sellingAndMarketingExpenses": 0,
    "sellingGeneralAndAdministrativeExpenses": 705000000,
    "otherExpenses": 0,
    "operatingExpenses": 705000000,
    "costAndExpenses": 4772000000,
    "interestIncome": 0,
    "interestExpense": 166000000,
    "depreciationAndAmortization": 324000000,
    "ebitda": 920000000,
    "ebitdaratio": 0.1738473167,
    "operatingIncome": 520000000,
    "operatingIncomeRatio": 0.0982615268,
    "totalOtherIncomeExpensesNet": -90000000,
    "incomeBeforeTax": 430000000,
    "incomeBeforeTaxRatio": 0.0812547241,
    "incomeTaxExpense": 26000000,
    "netIncome": 400000000,
    "netIncomeRatio": 0.0755857899,
    "eps": 2.11,
    "epsdiluted": 2.1,
    "weightedAverageShsOut": 189600000,
    "weightedAverageShsOutDil": 190500000,
    "link": "https://www.sec.gov/Archives/edgar/data/202058/000020205824000168/0000202058-24-000168-index.htm",
    "finalLink": "https://www.sec.gov/Archives/edgar/data/202058/000020205824000168/hrs-20240927.htm"
  },
  {
    "date": "2024-06-28",
    "symbol": "LHX",
    "reportedCurrency": "USD",
    "cik": "0000202058",
    "fillingDate": "2024-07-26",
    "acceptedDate": "2024-07-26 09:18:31",
    "calendarYear": "2024",
    "period": "Q2",
    "revenue": 5299000000,
    "costOfRevenue": 4133000000,
    "grossProfit": 1166000000,
    "grossProfitRatio": 0.2200415173,
    "researchAndDevelopmentExpenses": 0,
    "generalAndAdministrativeExpenses": 0,
    "sellingAndMarketingExpenses": 0,
    "sellingGeneralAndAdministrativeExpenses": 655000000,
    "otherExpenses": 0,
    "operatingExpenses": 655000000,
    "costAndExpenses": 4788000000,
    "interestIncome": 0,
    "interestExpense": 172000000,
    "depreciationAndAmortization": 319000000,
    "ebitda": 881000000,
    "ebitdaratio": 0.1662577845,
    "operatingIncome": 511000000,
    "operatingIncomeRatio": 0.0964332893,
    "totalOtherIncomeExpensesNet": -121000000,
    "incomeBeforeTax": 390000000,
    "incomeBeforeTaxRatio": 0.0735987922,
    "incomeTaxExpense": 23000000,
    "netIncome": 366000000,
    "netIncomeRatio": 0.0690696358,
    "eps": 1.93,
    "epsdiluted": 1.92,
    "weightedAverageShsOut": 189700000,
    "weightedAverageShsOutDil": 190600000,
    "link": "https://www.sec.gov/Archives/edgar/data/202058/000020205824000140/0000202058-24-000140-index.htm",
    "finalLink": "https://www.sec.gov/Archives/edgar/data/202058/000020205824000140/hrs-20240628.htm"
  },
  {
    "date": "2024-03-29",
    "symbol": "LHX",
    "reportedCurrency": "USD",
    "cik": "0000202058",
    "fillingDate": "2024-04-26",
    "acceptedDate": "2024-04-26 12:16:30",
    "calendarYear": "2024",
    "period": "Q1",
    "revenue": 5211000000,
    "costOfRevenue": 4060000000,
    "grossProfit": 1151000000,
    "grossProfitRatio": 0.22087891,
    "researchAndDevelopmentExpenses": 0,
    "generalAndAdministrativeExpenses": 0,
    "sellingAndMarketingExpenses": 0,
    "sellingGeneralAndAdministrativeExpenses": 733000000,
    "otherExpenses": 0,
    "operatingExpenses": 733000000,
    "costAndExpenses": 4793000000,
    "interestIncome": 0,
    "interestExpense": 176000000,
    "depreciationAndAmortization": 320000000,
    "ebitda": 786000000,
    "ebitdaratio": 0.1508347726,
    "operatingIncome": 418000000,
    "operatingIncomeRatio": 0.08021493,
    "totalOtherIncomeExpensesNet": -128000000,
    "incomeBeforeTax": 290000000,
    "incomeBeforeTaxRatio": 0.0556515064,
    "incomeTaxExpense": 5000000,
    "netIncome": 283000000,
    "netIncomeRatio": 0.0543081942,
    "eps": 1.49,
    "epsdiluted": 1.48,
    "weightedAverageShsOut": 189800000,
    "weightedAverageShsOutDil": 190800000,
    "link": "https://www.sec.gov/Archives/edgar/data/202058/000020205824000103/0000202058-24-000103-index.htm",
    "finalLink": "https://www.sec.gov/Archives/edgar/data/202058/000020205824000103/hrs-20240329.htm"
  },
  {
    "date": "2023-12-29",
    "symbol": "LHX",
    "reportedCurrency": "USD",
    "cik": "0000202058",
    "fillingDate": "2024-02-20",
    "acceptedDate": "2024-02-16 21:46:41",
    "calendarYear": "2023",
    "period": "Q4",
    "revenue": 5340000000,
    "costOfRevenue": 4145000000,
    "grossProfit": 1195000000,
    "grossProfitRatio": 0.2237827715,
    "researchAndDevelopmentExpenses": 0,
    "generalAndAdministrativeExpenses": 0,
    "sellingAndMarketingExpenses": 0,
    "sellingGeneralAndAdministrativeExpenses": 638000000,
    "otherExpenses": 0,
    "operatingExpenses": 638000000,
    "costAndExpenses": 4783000000,
    "interestIncome": 0,
    "interestExpense": 171000000,
    "depreciationAndAmortization": 350000000,
    "ebitda": 597000000,
    "ebitdaratio": 0.1117977528,
    "operatingIncome": 557000000,
    "operatingIncomeRatio": 0.1043071161,
    "totalOtherIncomeExpensesNet": -481000000,
    "incomeBeforeTax": 76000000,
    "incomeBeforeTaxRatio": 0.0142322097,
    "incomeTaxExpense": -50000000,
    "netIncome": 158000000,
    "netIncomeRatio": 0.029588015,
    "eps": 0.83,
    "epsdiluted": 0.83,
    "weightedAverageShsOut": 189600000,
    "weightedAverageShsOutDil": 190600000,
    "link": "https://www.sec.gov/Archives/edgar/data/202058/000020205824000029/0000202058-24-000029-index.htm",
    "finalLink": "https://www.sec.gov/Archives/edgar/data/202058/000020205824000029/hrs-20231229.htm"
  },
  {
    "date": "2023-09-29",
    "symbol": "LHX",
    "reportedCurrency": "USD",
    "cik": "0000202058",
    "fillingDate": "2023-10-27",
    "acceptedDate": "2023-10-27 13:56:33",
    "calendarYear": "2023",
    "period": "Q3",
    "revenue": 4915000000,
    "costOfRevenue": 3793000000,
    "grossProfit": 1122000000,
    "grossProfitRatio": 0.2282807731,
    "researchAndDevelopmentExpenses": 0,
    "generalAndAdministrativeExpenses": 0,
    "sellingAndMarketingExpenses": 0,
    "sellingGeneralAndAdministrativeExpenses": 587000000,
    "otherExpenses": 0,
    "operatingExpenses": 587000000,
    "costAndExpenses": 4380000000,
    "interestIncome": 0,
    "interestExpense": 159000000,
    "depreciationAndAmortization": 310000000,
    "ebitda": 869000000,
    "ebitdaratio": 0.1768056968,
    "operatingIncome": 535000000,
    "operatingIncomeRatio": 0.1088504578,
    "totalOtherIncomeExpensesNet": -135000000,
    "incomeBeforeTax": 400000000,
    "incomeBeforeTaxRatio": 0.0813835198,
    "incomeTaxExpense": 18000000,
    "netIncome": 383000000,
    "netIncomeRatio": 0.0779247202,
    "eps": 2.02,
    "epsdiluted": 2.01,
    "weightedAverageShsOut": 189300000,
    "weightedAverageShsOutDil": 190100000,
    "link": "https://www.sec.gov/Archives/edgar/data/202058/000020205823000057/0000202058-23-000057-index.htm",
    "finalLink": "https://www.sec.gov/Archives/edgar/data/202058/000020205823000057/hrs-20230929.htm"
  },
  {
    "date": "2023-06-30",
    "symbol": "LHX",
    "reportedCurrency": "USD",
    "cik": "0000202058",
    "fillingDate": "2023-07-26",
    "acceptedDate": "2023-07-26 17:02:49",
    "calendarYear": "2023",
    "period": "Q2",
    "revenue": 4693000000,
    "costOfRevenue": 3626000000,
    "grossProfit": 1067000000,
    "grossProfitRatio": 0.2273598977,
    "researchAndDevelopmentExpenses": 0,
    "generalAndAdministrativeExpenses": 0,
    "sellingAndMarketingExpenses": 0,
    "sellingGeneralAndAdministrativeExpenses": 545000000,
    "otherExpenses": 0,
    "operatingExpenses": 545000000,
    "costAndExpenses": 4171000000,
    "interestIncome": 0,
    "interestExpense": 111000000,
    "depreciationAndAmortization": 256000000,
    "ebitda": 739000000,
    "ebitdaratio": 0.1574685702,
    "operatingIncome": 522000000,
    "operatingIncomeRatio": 0.1112294907,
    "totalOtherIncomeExpensesNet": -150000000,
    "incomeBeforeTax": 372000000,
    "incomeBeforeTaxRatio": 0.0792669934,
    "incomeTaxExpense": 21000000,
    "netIncome": 349000000,
    "netIncomeRatio": 0.0743660771,
    "eps": 1.84,
    "epsdiluted": 1.84,
    "weightedAverageShsOut": 189200000,
    "weightedAverageShsOutDil": 190100000,
    "link": "https://www.sec.gov/Archives/edgar/data/202058/000020205823000047/0000202058-23-000047-index.htm",
    "finalLink": "https://www.sec.gov/Archives/edgar/data/202058/000020205823000047/hrs-20230630.htm"
  },
  {
    "date": "2023-03-31",
    "symbol": "LHX",
    "reportedCurrency": "USD",
    "cik": "0000202058",
    "fillingDate": "2023-04-28",
    "acceptedDate": "2023-04-28 13:22:59",
    "calendarYear": "2023",
    "period": "Q1",
    "revenue": 4471000000,
    "costOfRevenue": 3305000000,
    "grossProfit": 1166000000,
    "grossProfitRatio": 0.2607917692,
    "researchAndDevelopmentExpenses": 0,
    "generalAndAdministrativeExpenses": 0,
    "sellingAndMarketingExpenses": 0,
    "sellingGeneralAndAdministrativeExpenses": 733000000,
    "otherExpenses": 0,
    "operatingExpenses": 733000000,
    "costAndExpenses": 4038000000,
    "interestIncome": 0,
    "interestExpense": 102000000,
    "depreciationAndAmortization": 250000000,
    "ebitda": 725000000,
    "ebitdaratio": 0.1621561172,
    "operatingIncome": 433000000,
    "operatingIncomeRatio": 0.0968463431,
    "totalOtherIncomeExpensesNet": -60000000,
    "incomeBeforeTax": 373000000,
    "incomeBeforeTaxRatio": 0.0834265265,
    "incomeTaxExpense": 34000000,
    "netIncome": 337000000,
    "netIncomeRatio": 0.0753746365,
    "eps": 1.77,
    "epsdiluted": 1.76,
    "weightedAverageShsOut": 190200000,
    "weightedAverageShsOutDil": 191200000,
    "link": "https://www.sec.gov/Archives/edgar/data/202058/000020205823000028/0000202058-23-000028-index.htm",
    "finalLink": "https://www.sec.gov/Archives/edgar/data/202058/000020205823000028/hrs-20230331.htm"
  },
  {
    "date": "2022-12-30",
    "symbol": "LHX",
    "reportedCurrency": "USD",
    "cik": "0000202058",
    "fillingDate": "2023-02-24",
    "acceptedDate": "2023-02-24 15:40:58",
    "calendarYear": "2022",
    "period": "Q4",
    "revenue": 4578000000,
    "costOfRevenue": 3316000000,
    "grossProfit": 1262000000,
    "grossProfitRatio": 0.2756662298,
    "researchAndDevelopmentExpenses": 0,
    "generalAndAdministrativeExpenses": 0,
    "sellingAndMarketingExpenses": 0,
    "sellingGeneralAndAdministrativeExpenses": 617000000,
    "otherExpenses": 0,
    "operatingExpenses": 617000000,
    "costAndExpenses": 3933000000,
    "interestIncome": 0,
    "interestExpense": 74000000,
    "depreciationAndAmortization": 243000000,
    "ebitda": 850000000,
    "ebitdaratio": 0.1856705985,
    "operatingIncome": 645000000,
    "operatingIncomeRatio": 0.1408912189,
    "totalOtherIncomeExpensesNet": -112000000,
    "incomeBeforeTax": 533000000,
    "incomeBeforeTaxRatio": 0.1164263871,
    "incomeTaxExpense": 116000000,
    "netIncome": 416000000,
    "netIncomeRatio": 0.0908693753,
    "eps": 2.18,
    "epsdiluted": 2.17,
    "weightedAverageShsOut": 190700000,
    "weightedAverageShsOutDil": 192100000,
    "link": "https://www.sec.gov/Archives/edgar/data/202058/000020205823000014/0000202058-23-000014-index.htm",
    "finalLink": "https://www.sec.gov/Archives/edgar/data/202058/000020205823000014/hrs-20221230.htm"
  },
  {
    "date": "2022-09-30",
    "symbol": "LHX",
    "reportedCurrency": "USD",
    "cik": "0000202058",
    "fillingDate": "2022-10-31",
    "acceptedDate": "2022-10-31 17:00:12",
    "calendarYear": "2022",
    "period": "Q3",
    "revenue": 4246000000,
    "costOfRevenue": 3052000000,
    "grossProfit": 1194000000,
    "grossProfitRatio": 0.2812058408,
    "researchAndDevelopmentExpenses": 0,
    "generalAndAdministrativeExpenses": 0,
    "sellingAndMarketingExpenses": 0,
    "sellingGeneralAndAdministrativeExpenses": 721000000,
    "otherExpenses": 0,
    "operatingExpenses": 721000000,
    "costAndExpenses": 3773000000,
    "interestIncome": 0,
    "interestExpense": 70000000,
    "depreciationAndAmortization": 235000000,
    "ebitda": -16000000,
    "ebitdaratio": -0.0037682525,
    "operatingIncome": 473000000,
    "operatingIncomeRatio": 0.1113989637,
    "totalOtherIncomeExpensesNet": -794000000,
    "incomeBeforeTax": -321000000,
    "incomeBeforeTaxRatio": -0.0756005652,
    "incomeTaxExpense": -20000000,
    "netIncome": -300000000,
    "netIncomeRatio": -0.0706547339,
    "eps": -1.57,
    "epsdiluted": -1.57,
    "weightedAverageShsOut": 191300000,
    "weightedAverageShsOutDil": 191300000,
    "link": "https://www.sec.gov/Archives/edgar/data/202058/000020205822000063/0000202058-22-000063-index.htm",
    "finalLink": "https://www.sec.gov/Archives/edgar/data/202058/000020205822000063/hrs-20220930.htm"
  },
  {
    "date": "2022-07-01",
    "symbol": "LHX",
    "reportedCurrency": "USD",
    "cik": "0000202058",
    "fillingDate": "2022-07-29",
    "acceptedDate": "2022-07-29 13:17:10",
    "calendarYear": "2022",
    "period": "Q2",
    "revenue": 4135000000,
    "costOfRevenue": 2907000000,
    "grossProfit": 1228000000,
    "grossProfitRatio": 0.2969770254,
    "researchAndDevelopmentExpenses": 0,
    "generalAndAdministrativeExpenses": 0,
    "sellingAndMarketingExpenses": 0,
    "sellingGeneralAndAdministrativeExpenses": 718000000,
    "otherExpenses": 0,
    "operatingExpenses": 718000000,
    "costAndExpenses": 3625000000,
    "interestIncome": 0,
    "interestExpense": 67000000,
    "depreciationAndAmortization": 386000000,
    "ebitda": 978000000,
    "ebitdaratio": 0.2365175333,
    "operatingIncome": 510000000,
    "operatingIncomeRatio": 0.123337364,
    "totalOtherIncomeExpensesNet": 15000000,
    "incomeBeforeTax": 525000000,
    "incomeBeforeTaxRatio": 0.1269649335,
    "incomeTaxExpense": 55000000,
    "netIncome": 471000000,
    "netIncomeRatio": 0.1139056832,
    "eps": 2.45,
    "epsdiluted": 2.43,
    "weightedAverageShsOut": 192100000,
    "weightedAverageShsOutDil": 194000000,
    "link": "https://www.sec.gov/Archives/edgar/data/202058/000020205822000051/0000202058-22-000051-index.htm",
    "finalLink": "https://www.sec.gov/Archives/edgar/data/202058/000020205822000051/hrs-20220701.htm"
  },
  {
    "date": "2022-04-01",
    "symbol": "LHX",
    "reportedCurrency": "USD",
    "cik": "0000202058",
    "fillingDate": "2022-04-29",
    "acceptedDate": "2022-04-29 13:51:27",
    "calendarYear": "2022",
    "period": "Q1",
    "revenue": 4103000000,
    "costOfRevenue": 2892000000,
    "grossProfit": 1211000000,
    "grossProfitRatio": 0.2951498903,
    "researchAndDevelopmentExpenses": 0,
    "generalAndAdministrativeExpenses": 0,
    "sellingAndMarketingExpenses": 0,
    "sellingGeneralAndAdministrativeExpenses": 693000000,
    "otherExpenses": 0,
    "operatingExpenses": 693000000,
    "costAndExpenses": 3585000000,
    "interestIncome": 0,
    "interestExpense": 68000000,
    "depreciationAndAmortization": 235000000,
    "ebitda": 839000000,
    "ebitdaratio": 0.2044845235,
    "operatingIncome": 518000000,
    "operatingIncomeRatio": 0.126249086,
    "totalOtherIncomeExpensesNet": 18000000,
    "incomeBeforeTax": 536000000,
    "incomeBeforeTaxRatio": 0.1306361199,
    "incomeTaxExpense": 61000000,
    "netIncome": 475000000,
    "netIncomeRatio": 0.1157689495,
    "eps": 2.46,
    "epsdiluted": 2.44,
    "weightedAverageShsOut": 193200000,
    "weightedAverageShsOutDil": 195100000,
    "link": "https://www.sec.gov/Archives/edgar/data/202058/000020205822000029/0000202058-22-000029-index.htm",
    "finalLink": "https://www.sec.gov/Archives/edgar/data/202058/000020205822000029/hrs-20220401.htm"
  },
  {
    "date": "2021-12-31",
    "symbol": "LHX",
    "reportedCurrency": "USD",
    "cik": "0000202058",
    "fillingDate": "2022-02-25",
    "acceptedDate": "2022-02-25 16:08:24",
    "calendarYear": "2021",
    "period": "Q4",
    "revenue": 4350000000,
    "costOfRevenue": 3053000000,
    "grossProfit": 1297000000,
    "grossProfitRatio": 0.2981609195,
    "researchAndDevelopmentExpenses": 0,
    "generalAndAdministrativeExpenses": 0,
    "sellingAndMarketingExpenses": 0,
    "sellingGeneralAndAdministrativeExpenses": 742000000,
    "otherExpenses": 0,
    "operatingExpenses": 742000000,
    "costAndExpenses": 3795000000,
    "interestIncome": 0,
    "interestExpense": 67000000,
    "depreciationAndAmortization": 245000000,
    "ebitda": 900000000,
    "ebitdaratio": 0.2068965517,
    "operatingIncome": 555000000,
    "operatingIncomeRatio": 0.1275862069,
    "totalOtherIncomeExpensesNet": 33000000,
    "incomeBeforeTax": 588000000,
    "incomeBeforeTaxRatio": 0.1351724138,
    "incomeTaxExpense": 104000000,
    "netIncome": 484000000,
    "netIncomeRatio": 0.1112643678,
    "eps": 2.48,
    "epsdiluted": 2.46,
    "weightedAverageShsOut": 195100000,
    "weightedAverageShsOutDil": 196800000,
    "link": "https://www.sec.gov/Archives/edgar/data/202058/000020205822000015/0000202058-22-000015-index.htm",
    "finalLink": "https://www.sec.gov/Archives/edgar/data/202058/000020205822000015/hrs-20211231.htm"
  },
  {
    "date": "2021-10-01",
    "symbol": "LHX",
    "reportedCurrency": "USD",
    "cik": "0000202058",
    "fillingDate": "2021-10-29",
    "acceptedDate": "2021-10-29 16:48:59",
    "calendarYear": "2021",
    "period": "Q3",
    "revenue": 4229000000,
    "costOfRevenue": 2921000000,
    "grossProfit": 1308000000,
    "grossProfitRatio": 0.3092929771,
    "researchAndDevelopmentExpenses": 0,
    "generalAndAdministrativeExpenses": 0,
    "sellingAndMarketingExpenses": 0,
    "sellingGeneralAndAdministrativeExpenses": 759000000,
    "otherExpenses": 0,
    "operatingExpenses": 759000000,
    "costAndExpenses": 3680000000,
    "interestIncome": 0,
    "interestExpense": 67000000,
    "depreciationAndAmortization": 241000000,
    "ebitda": 894000000,
    "ebitdaratio": 0.2113974935,
    "operatingIncome": 549000000,
    "operatingIncomeRatio": 0.1298179239,
    "totalOtherIncomeExpensesNet": 37000000,
    "incomeBeforeTax": 586000000,
    "incomeBeforeTaxRatio": 0.1385670371,
    "incomeTaxExpense": 107000000,
    "netIncome": 481000000,
    "netIncomeRatio": 0.1137384725,
    "eps": 2.41,
    "epsdiluted": 2.39,
    "weightedAverageShsOut": 199500000,
    "weightedAverageShsOutDil": 201600000,
    "link": "https://www.sec.gov/Archives/edgar/data/202058/000020205821000054/0000202058-21-000054-index.htm",
    "finalLink": "https://www.sec.gov/Archives/edgar/data/202058/000020205821000054/hrs-20211001.htm"
  },
  {
    "date": "2021-07-02",
    "symbol": "LHX",
    "reportedCurrency": "USD",
    "cik": "0000202058",
    "fillingDate": "2021-08-04",
    "acceptedDate": "2021-08-04 16:12:04",
    "calendarYear": "2021",
    "period": "Q2",
    "revenue": 4668000000,
    "costOfRevenue": 3251000000,
    "grossProfit": 1417000000,
    "grossProfitRatio": 0.3035561268,
    "researchAndDevelopmentExpenses": 0,
    "generalAndAdministrativeExpenses": 0,
    "sellingAndMarketingExpenses": 0,
    "sellingGeneralAndAdministrativeExpenses": 871000000,
    "otherExpenses": 0,
    "operatingExpenses": 871000000,
    "costAndExpenses": 4122000000,
    "interestIncome": 0,
    "interestExpense": 65000000,
    "depreciationAndAmortization": 236000000,
    "ebitda": 883000000,
    "ebitdaratio": 0.1891602399,
    "operatingIncome": 546000000,
    "operatingIncomeRatio": 0.116966581,
    "totalOtherIncomeExpensesNet": 36000000,
    "incomeBeforeTax": 582000000,
    "incomeBeforeTaxRatio": 0.1246786632,
    "incomeTaxExpense": 169000000,
    "netIncome": 413000000,
    "netIncomeRatio": 0.0884747215,
    "eps": 2.03,
    "epsdiluted": 2.01,
    "weightedAverageShsOut": 203600000,
    "weightedAverageShsOutDil": 205600000,
    "link": "https://www.sec.gov/Archives/edgar/data/202058/000020205821000046/0000202058-21-000046-index.htm",
    "finalLink": "https://www.sec.gov/Archives/edgar/data/202058/000020205821000046/hrs-20210702.htm"
  },
  {
    "date": "2021-04-02",
    "symbol": "LHX",
    "reportedCurrency": "USD",
    "cik": "0000202058",
    "fillingDate": "2021-05-03",
    "acceptedDate": "2021-05-03 15:00:29",
    "calendarYear": "2021",
    "period": "Q1",
    "revenue": 4567000000,
    "costOfRevenue": 3213000000,
    "grossProfit": 1354000000,
    "grossProfitRatio": 0.2964747099,
    "researchAndDevelopmentExpenses": 0,
    "generalAndAdministrativeExpenses": 0,
    "sellingAndMarketingExpenses": 0,
    "sellingGeneralAndAdministrativeExpenses": 780000000,
    "otherExpenses": 0,
    "operatingExpenses": 780000000,
    "costAndExpenses": 3993000000,
    "interestIncome": 3000000,
    "interestExpense": 69000000,
    "depreciationAndAmortization": 248000000,
    "ebitda": 844000000,
    "ebitdaratio": 0.1848040289,
    "operatingIncome": 574000000,
    "operatingIncomeRatio": 0.1256842566,
    "totalOtherIncomeExpensesNet": -47000000,
    "incomeBeforeTax": 527000000,
    "incomeBeforeTaxRatio": 0.115393037,
    "incomeTaxExpense": 60000000,
    "netIncome": 468000000,
    "netIncomeRatio": 0.102474272,
    "eps": 2.26,
    "epsdiluted": 2.25,
    "weightedAverageShsOut": 206700000,
    "weightedAverageShsOutDil": 208500000,
    "link": "https://www.sec.gov/Archives/edgar/data/202058/000020205821000020/0000202058-21-000020-index.htm",
    "finalLink": "https://www.sec.gov/Archives/edgar/data/202058/000020205821000020/hrs-20210402.htm"
  },
  {
    "date": "2021-01-01",
    "symbol": "LHX",
    "reportedCurrency": "USD",
    "cik": "0000202058",
    "fillingDate": "2021-03-01",
    "acceptedDate": "2021-03-01 16:58:49",
    "calendarYear": "2020",
    "period": "Q4",
    "revenue": 4660000000,
    "costOfRevenue": 3261000000,
    "grossProfit": 1399000000,
    "grossProfitRatio": 0.3002145923,
    "researchAndDevelopmentExpenses": 0,
    "generalAndAdministrativeExpenses": 0,
    "sellingAndMarketingExpenses": 0,
    "sellingGeneralAndAdministrativeExpenses": 813000000,
    "otherExpenses": 0,
    "operatingExpenses": 813000000,
    "costAndExpenses": 4074000000,
    "interestIncome": 4000000,
    "interestExpense": 68000000,
    "depreciationAndAmortization": 264000000,
    "ebitda": 579000000,
    "ebitdaratio": 0.124248927,
    "operatingIncome": 586000000,
    "operatingIncomeRatio": 0.125751073,
    "totalOtherIncomeExpensesNet": -339000000,
    "incomeBeforeTax": 247000000,
    "incomeBeforeTaxRatio": 0.0530042918,
    "incomeTaxExpense": 63000000,
    "netIncome": 193000000,
    "netIncomeRatio": 0.041416309,
    "eps": 0.92,
    "epsdiluted": 0.91,
    "weightedAverageShsOut": 209400000,
    "weightedAverageShsOutDil": 211200000,
    "link": "https://www.sec.gov/Archives/edgar/data/202058/000020205821000008/0000202058-21-000008-index.htm",
    "finalLink": "https://www.sec.gov/Archives/edgar/data/202058/000020205821000008/hrs-20210101.htm"
  },
  {
    "date": "2020-10-02",
    "symbol": "LHX",
    "reportedCurrency": "USD",
    "cik": "0000202058",
    "fillingDate": "2020-11-02",
    "acceptedDate": "2020-11-02 16:44:45",
    "calendarYear": "2020",
    "period": "Q3",
    "revenue": 4463000000,
    "costOfRevenue": 3152000000,
    "grossProfit": 1311000000,
    "grossProfitRatio": 0.2937485996,
    "researchAndDevelopmentExpenses": 0,
    "generalAndAdministrativeExpenses": 0,
    "sellingAndMarketingExpenses": 0,
    "sellingGeneralAndAdministrativeExpenses": 817000000,
    "otherExpenses": 0,
    "operatingExpenses": 817000000,
    "costAndExpenses": 3969000000,
    "interestIncome": 4000000,
    "interestExpense": 66000000,
    "depreciationAndAmortization": 262000000,
    "ebitda": 846000000,
    "ebitdaratio": 0.1895585929,
    "operatingIncome": 494000000,
    "operatingIncomeRatio": 0.1106878781,
    "totalOtherIncomeExpensesNet": 24000000,
    "incomeBeforeTax": 518000000,
    "incomeBeforeTaxRatio": 0.1160654268,
    "incomeTaxExpense": 87000000,
    "netIncome": 426000000,
    "netIncomeRatio": 0.09545149,
    "eps": 2,
    "epsdiluted": 1.98,
    "weightedAverageShsOut": 213400000,
    "weightedAverageShsOutDil": 215100000,
    "link": "https://www.sec.gov/Archives/edgar/data/202058/000020205820000063/0000202058-20-000063-index.htm",
    "finalLink": "https://www.sec.gov/Archives/edgar/data/202058/000020205820000063/hrs-20201002.htm"
  },
  {
    "date": "2020-07-03",
    "symbol": "LHX",
    "reportedCurrency": "USD",
    "cik": "0000202058",
    "fillingDate": "2020-08-04",
    "acceptedDate": "2020-08-04 16:28:24",
    "calendarYear": "2020",
    "period": "Q2",
    "revenue": 4445000000,
    "costOfRevenue": 3175000000,
    "grossProfit": 1270000000,
    "grossProfitRatio": 0.2857142857,
    "researchAndDevelopmentExpenses": 0,
    "generalAndAdministrativeExpenses": 0,
    "sellingAndMarketingExpenses": 0,
    "sellingGeneralAndAdministrativeExpenses": 904000000,
    "otherExpenses": 0,
    "operatingExpenses": 904000000,
    "costAndExpenses": 4079000000,
    "interestIncome": 3000000,
    "interestExpense": 68000000,
    "depreciationAndAmortization": 287000000,
    "ebitda": 691000000,
    "ebitdaratio": 0.1554555681,
    "operatingIncome": 366000000,
    "operatingIncomeRatio": 0.0823397075,
    "totalOtherIncomeExpensesNet": -30000000,
    "incomeBeforeTax": 336000000,
    "incomeBeforeTaxRatio": 0.0755905512,
    "incomeTaxExpense": 58000000,
    "netIncome": 283000000,
    "netIncomeRatio": 0.0636670416,
    "eps": 1.31,
    "epsdiluted": 1.3,
    "weightedAverageShsOut": 215900000,
    "weightedAverageShsOutDil": 217800000,
    "link": "https://www.sec.gov/Archives/edgar/data/202058/000020205820000053/0000202058-20-000053-index.htm",
    "finalLink": "https://www.sec.gov/Archives/edgar/data/202058/000020205820000053/hrs-20200703.htm"
  },
  {
    "date": "2020-04-03",
    "symbol": "LHX",
    "reportedCurrency": "USD",
    "cik": "0000202058",
    "fillingDate": "2020-05-07",
    "acceptedDate": "2020-05-07 17:13:52",
    "calendarYear": "2020",
    "period": "Q1",
    "revenue": 4626000000,
    "costOfRevenue": 3298000000,
    "grossProfit": 1328000000,
    "grossProfitRatio": 0.2870730653,
    "researchAndDevelopmentExpenses": 0,
    "generalAndAdministrativeExpenses": 0,
    "sellingAndMarketingExpenses": 0,
    "sellingGeneralAndAdministrativeExpenses": 778000000,
    "otherExpenses": 0,
    "operatingExpenses": 778000000,
    "costAndExpenses": 4076000000,
    "interestIncome": 5000000,
    "interestExpense": 68000000,
    "depreciationAndAmortization": 234000000,
    "ebitda": 523000000,
    "ebitdaratio": 0.1130566364,
    "operatingIncome": 550000000,
    "operatingIncomeRatio": 0.1188932123,
    "totalOtherIncomeExpensesNet": -329000000,
    "incomeBeforeTax": 221000000,
    "incomeBeforeTaxRatio": 0.0477734544,
    "incomeTaxExpense": 26000000,
    "netIncome": 217000000,
    "netIncomeRatio": 0.0469087765,
    "eps": 1,
    "epsdiluted": 0.99,
    "weightedAverageShsOut": 217300000,
    "weightedAverageShsOutDil": 219300000,
    "link": "https://www.sec.gov/Archives/edgar/data/202058/000020205820000040/0000202058-20-000040-index.htm",
    "finalLink": "https://www.sec.gov/Archives/edgar/data/202058/000020205820000040/l3harrisq1cy2010-q.htm"
  },
  {
    "date": "2019-12-31",
    "symbol": "LHX",
    "reportedCurrency": "USD",
    "cik": "0000202058",
    "fillingDate": "2019-12-31",
    "acceptedDate": "2019-12-30 19:00:00",
    "calendarYear": "2019",
    "period": "Q4",
    "revenue": 4832000000,
    "costOfRevenue": 3484000000,
    "grossProfit": 1348000000,
    "grossProfitRatio": 0.2789735099,
    "researchAndDevelopmentExpenses": 180000000,
    "generalAndAdministrativeExpenses": 0,
    "sellingAndMarketingExpenses": 0,
    "sellingGeneralAndAdministrativeExpenses": 497000000,
    "otherExpenses": 0,
    "operatingExpenses": 677000000,
    "costAndExpenses": 4161000000,
    "interestIncome": 3000000,
    "interestExpense": 68000000,
    "depreciationAndAmortization": 243000000,
    "ebitda": 871000000,
    "ebitdaratio": 0.1802566225,
    "operatingIncome": 671000000,
    "operatingIncomeRatio": 0.138865894,
    "totalOtherIncomeExpensesNet": -203000000,
    "incomeBeforeTax": 468000000,
    "incomeBeforeTaxRatio": 0.0968543046,
    "incomeTaxExpense": 68000000,
    "netIncome": 393000000,
    "netIncomeRatio": 0.0813327815,
    "eps": 1.79,
    "epsdiluted": 1.77,
    "weightedAverageShsOut": 219900000,
    "weightedAverageShsOutDil": 222100000,
    "link": null,
    "finalLink": null
  },
  {
    "date": "2019-09-27",
    "symbol": "LHX",
    "reportedCurrency": "USD",
    "cik": "0000202058",
    "fillingDate": "2019-10-31",
    "acceptedDate": "2019-10-31 16:43:54",
    "calendarYear": "2019",
    "period": "Q3",
    "revenue": 4431000000,
    "costOfRevenue": 3242000000,
    "grossProfit": 1189000000,
    "grossProfitRatio": 0.2683367186,
    "researchAndDevelopmentExpenses": 149000000,
    "generalAndAdministrativeExpenses": 0,
    "sellingAndMarketingExpenses": 0,
    "sellingGeneralAndAdministrativeExpenses": 488000000,
    "otherExpenses": 0,
    "operatingExpenses": 637000000,
    "costAndExpenses": 3879000000,
    "interestIncome": 9000000,
    "interestExpense": 67000000,
    "depreciationAndAmortization": 204000000,
    "ebitda": 711000000,
    "ebitdaratio": 0.1604603927,
    "operatingIncome": 552000000,
    "operatingIncomeRatio": 0.124576845,
    "totalOtherIncomeExpensesNet": -112000000,
    "incomeBeforeTax": 440000000,
    "incomeBeforeTaxRatio": 0.0993003837,
    "incomeTaxExpense": 5000000,
    "netIncome": 429000000,
    "netIncomeRatio": 0.0968178741,
    "eps": 1.93,
    "epsdiluted": 1.9,
    "weightedAverageShsOut": 222600000,
    "weightedAverageShsOutDil": 225400000,
    "link": "https://www.sec.gov/Archives/edgar/data/202058/000020205819000103/0000202058-19-000103-index.htm",
    "finalLink": "https://www.sec.gov/Archives/edgar/data/202058/000020205819000103/l3harris927201910-qstub.htm"
  },
  {
    "date": "2019-06-28",
    "symbol": "LHX",
    "reportedCurrency": "USD",
    "cik": "0000202058",
    "fillingDate": "2019-08-22",
    "acceptedDate": "2019-08-22 15:04:00",
    "calendarYear": "2019",
    "period": "Q2",
    "revenue": 1865000000,
    "costOfRevenue": 1223000000,
    "grossProfit": 642000000,
    "grossProfitRatio": 0.3442359249,
    "researchAndDevelopmentExpenses": 0,
    "generalAndAdministrativeExpenses": 0,
    "sellingAndMarketingExpenses": 0,
    "sellingGeneralAndAdministrativeExpenses": 349000000,
    "otherExpenses": 0,
    "operatingExpenses": 349000000,
    "costAndExpenses": 1572000000,
    "interestIncome": 0,
    "interestExpense": 39000000,
    "depreciationAndAmortization": 60000000,
    "ebitda": 401000000,
    "ebitdaratio": 0.2150134048,
    "operatingIncome": 293000000,
    "operatingIncomeRatio": 0.1571045576,
    "totalOtherIncomeExpensesNet": 9000000,
    "incomeBeforeTax": 302000000,
    "incomeBeforeTaxRatio": 0.1619302949,
    "incomeTaxExpense": 33000000,
    "netIncome": 268000000,
    "netIncomeRatio": 0.1436997319,
    "eps": 2.26,
    "epsdiluted": 2.2,
    "weightedAverageShsOut": 118300000,
    "weightedAverageShsOutDil": 121100000,
    "link": "https://www.sec.gov/Archives/edgar/data/202058/000020205819000090/0000202058-19-000090-index.htm",
    "finalLink": "https://www.sec.gov/Archives/edgar/data/202058/000020205819000090/hrs628201910-k.htm"
  },
  {
    "date": "2019-03-29",
    "symbol": "LHX",
    "reportedCurrency": "USD",
    "cik": "0000202058",
    "fillingDate": "2019-05-02",
    "acceptedDate": "2019-05-02 16:28:00",
    "calendarYear": "2019",
    "period": "Q1",
    "revenue": 7398000000,
    "costOfRevenue": 5503000000,
    "grossProfit": 1895000000,
    "grossProfitRatio": 0.2561503109,
    "researchAndDevelopmentExpenses": 0,
    "generalAndAdministrativeExpenses": 0,
    "sellingAndMarketingExpenses": 0,
    "sellingGeneralAndAdministrativeExpenses": 1578000000,
    "otherExpenses": 0,
    "operatingExpenses": 1578000000,
    "costAndExpenses": 7081000000,
    "interestIncome": 1000000,
    "interestExpense": 43000000,
    "depreciationAndAmortization": 387000000,
    "ebitda": 1089000000,
    "ebitdaratio": 0.1472019465,
    "operatingIncome": 317000000,
    "operatingIncomeRatio": 0.0428494188,
    "totalOtherIncomeExpensesNet": 289000000,
    "incomeBeforeTax": 283000000,
    "incomeBeforeTaxRatio": 0.038253582,
    "incomeTaxExpense": 40000000,
    "netIncome": 243000000,
    "netIncomeRatio": 0.0328467153,
    "eps": 2.06,
    "epsdiluted": 2.02,
    "weightedAverageShsOut": 117900000,
    "weightedAverageShsOutDil": 120300000,
    "link": "https://www.sec.gov/Archives/edgar/data/202058/000020205819000061/0000202058-19-000061-index.htm",
    "finalLink": "https://www.sec.gov/Archives/edgar/data/202058/000020205819000061/hrsq3fy1910-q.htm"
  },
  {
    "date": "2018-12-28",
    "symbol": "LHX",
    "reportedCurrency": "USD",
    "cik": "0000202058",
    "fillingDate": "2019-01-30",
    "acceptedDate": "2019-01-30 17:00:43",
    "calendarYear": "2018",
    "period": "Q4",
    "revenue": 1666000000,
    "costOfRevenue": 1095000000,
    "grossProfit": 571000000,
    "grossProfitRatio": 0.3427370948,
    "researchAndDevelopmentExpenses": 0,
    "generalAndAdministrativeExpenses": 0,
    "sellingAndMarketingExpenses": 0,
    "sellingGeneralAndAdministrativeExpenses": 304000000,
    "otherExpenses": 0,
    "operatingExpenses": 304000000,
    "costAndExpenses": 1399000000,
    "interestIncome": 0,
    "interestExpense": 43000000,
    "depreciationAndAmortization": 64000000,
    "ebitda": 378000000,
    "ebitdaratio": 0.2268907563,
    "operatingIncome": 314000000,
    "operatingIncomeRatio": 0.1884753902,
    "totalOtherIncomeExpensesNet": 4000000,
    "incomeBeforeTax": 271000000,
    "incomeBeforeTaxRatio": 0.162665066,
    "incomeTaxExpense": 46000000,
    "netIncome": 225000000,
    "netIncomeRatio": 0.1350540216,
    "eps": 1.91,
    "epsdiluted": 1.87,
    "weightedAverageShsOut": 117700000,
    "weightedAverageShsOutDil": 120000000,
    "link": "https://www.sec.gov/Archives/edgar/data/202058/000020205819000023/0000202058-19-000023-index.htm",
    "finalLink": "https://www.sec.gov/Archives/edgar/data/202058/000020205819000023/hrsq2fy1910-q.htm"
  },
  {
    "date": "2018-09-28",
    "symbol": "LHX",
    "reportedCurrency": "USD",
    "cik": "0000202058",
    "fillingDate": "2018-10-26",
    "acceptedDate": "2018-10-26 17:07:13",
    "calendarYear": "2018",
    "period": "Q3",
    "revenue": 1542000000,
    "costOfRevenue": 1010000000,
    "grossProfit": 532000000,
    "grossProfitRatio": 0.3450064851,
    "researchAndDevelopmentExpenses": 0,
    "generalAndAdministrativeExpenses": 0,
    "sellingAndMarketingExpenses": 0,
    "sellingGeneralAndAdministrativeExpenses": 279000000,
    "otherExpenses": 0,
    "operatingExpenses": 279000000,
    "costAndExpenses": 1289000000,
    "interestIncome": 1000000,
    "interestExpense": 44000000,
    "depreciationAndAmortization": 65000000,
    "ebitda": 366000000,
    "ebitdaratio": 0.2373540856,
    "operatingIncome": 301000000,
    "operatingIncomeRatio": 0.1952010376,
    "totalOtherIncomeExpensesNet": 4000000,
    "incomeBeforeTax": 257000000,
    "incomeBeforeTaxRatio": 0.1666666667,
    "incomeTaxExpense": 41000000,
    "netIncome": 213000000,
    "netIncomeRatio": 0.1381322957,
    "eps": 1.81,
    "epsdiluted": 1.77,
    "weightedAverageShsOut": 117900000,
    "weightedAverageShsOutDil": 120600000,
    "link": "https://www.sec.gov/Archives/edgar/data/202058/000020205818000106/0000202058-18-000106-index.htm",
    "finalLink": "https://www.sec.gov/Archives/edgar/data/202058/000020205818000106/hrsq1fy1910-q.htm"
  },
  {
    "date": "2018-06-29",
    "symbol": "LHX",
    "reportedCurrency": "USD",
    "cik": "0000202058",
    "fillingDate": "2018-08-27",
    "acceptedDate": "2018-08-27 16:55:27",
    "calendarYear": "2018",
    "period": "Q2",
    "revenue": 1666000000,
    "costOfRevenue": 1091000000,
    "grossProfit": 575000000,
    "grossProfitRatio": 0.3451380552,
    "researchAndDevelopmentExpenses": 0,
    "generalAndAdministrativeExpenses": 0,
    "sellingAndMarketingExpenses": 0,
    "sellingGeneralAndAdministrativeExpenses": 248000000,
    "otherExpenses": 0,
    "operatingExpenses": 248000000,
    "costAndExpenses": 1339000000,
    "interestIncome": 1000000,
    "interestExpense": 46000000,
    "depreciationAndAmortization": 68000000,
    "ebitda": 365000000,
    "ebitdaratio": 0.2190876351,
    "operatingIncome": 327000000,
    "operatingIncomeRatio": 0.1962785114,
    "totalOtherIncomeExpensesNet": -76000000,
    "incomeBeforeTax": 251000000,
    "incomeBeforeTaxRatio": 0.1506602641,
    "incomeTaxExpense": 39000000,
    "netIncome": 217000000,
    "netIncomeRatio": 0.1302521008,
    "eps": 1.83,
    "epsdiluted": 1.79,
    "weightedAverageShsOut": 118500000,
    "weightedAverageShsOutDil": 121300000,
    "link": "https://www.sec.gov/Archives/edgar/data/202058/000020205818000063/0000202058-18-000063-index.htm",
    "finalLink": "https://www.sec.gov/Archives/edgar/data/202058/000020205818000063/hrs629201810-k.htm"
  },
  {
    "date": "2018-03-30",
    "symbol": "LHX",
    "reportedCurrency": "USD",
    "cik": "0000202058",
    "fillingDate": "2018-05-03",
    "acceptedDate": "2018-05-03 15:40:43",
    "calendarYear": "2018",
    "period": "Q1",
    "revenue": 1568000000,
    "costOfRevenue": 1032000000,
    "grossProfit": 536000000,
    "grossProfitRatio": 0.3418367347,
    "researchAndDevelopmentExpenses": 0,
    "generalAndAdministrativeExpenses": 0,
    "sellingAndMarketingExpenses": 0,
    "sellingGeneralAndAdministrativeExpenses": 235000000,
    "otherExpenses": 0,
    "operatingExpenses": 235000000,
    "costAndExpenses": 1267000000,
    "interestIncome": 0,
    "interestExpense": 41000000,
    "depreciationAndAmortization": 62000000,
    "ebitda": 318000000,
    "ebitdaratio": 0.2028061224,
    "operatingIncome": 301000000,
    "operatingIncomeRatio": 0.1919642857,
    "totalOtherIncomeExpensesNet": -86000000,
    "incomeBeforeTax": 208000000,
    "incomeBeforeTaxRatio": 0.1326530612,
    "incomeTaxExpense": 10000000,
    "netIncome": 196000000,
    "netIncomeRatio": 0.125,
    "eps": 1.7,
    "epsdiluted": 1.66,
    "weightedAverageShsOut": 118400000,
    "weightedAverageShsOutDil": 121000000,
    "link": "https://www.sec.gov/Archives/edgar/data/202058/000020205818000030/0000202058-18-000030-index.htm",
    "finalLink": "https://www.sec.gov/Archives/edgar/data/202058/000020205818000030/hrsq3fy1810-q.htm"
  },
  {
    "date": "2017-12-29",
    "symbol": "LHX",
    "reportedCurrency": "USD",
    "cik": "0000202058",
    "fillingDate": "2018-01-31",
    "acceptedDate": "2018-01-31 16:16:05",
    "calendarYear": "2017",
    "period": "Q4",
    "revenue": 1535000000,
    "costOfRevenue": 1047000000,
    "grossProfit": 488000000,
    "grossProfitRatio": 0.3179153094,
    "researchAndDevelopmentExpenses": 0,
    "generalAndAdministrativeExpenses": 0,
    "sellingAndMarketingExpenses": 0,
    "sellingGeneralAndAdministrativeExpenses": 266000000,
    "otherExpenses": 0,
    "operatingExpenses": 266000000,
    "costAndExpenses": 1313000000,
    "interestIncome": 1000000,
    "interestExpense": 42000000,
    "depreciationAndAmortization": 65000000,
    "ebitda": 331000000,
    "ebitdaratio": 0.2156351792,
    "operatingIncome": 222000000,
    "operatingIncomeRatio": 0.1446254072,
    "totalOtherIncomeExpensesNet": 3000000,
    "incomeBeforeTax": 225000000,
    "incomeBeforeTaxRatio": 0.1465798046,
    "incomeTaxExpense": 94000000,
    "netIncome": 131000000,
    "netIncomeRatio": 0.0853420195,
    "eps": 1.17,
    "epsdiluted": 1.15,
    "weightedAverageShsOut": 118500000,
    "weightedAverageShsOutDil": 120900000,
    "link": "https://www.sec.gov/Archives/edgar/data/202058/000020205818000007/0000202058-18-000007-index.htm",
    "finalLink": "https://www.sec.gov/Archives/edgar/data/202058/000020205818000007/hrsq2fy1810-q.htm"
  },
  {
    "date": "2017-09-29",
    "symbol": "LHX",
    "reportedCurrency": "USD",
    "cik": "0000202058",
    "fillingDate": "2017-10-31",
    "acceptedDate": "2017-10-31 14:35:10",
    "calendarYear": "2017",
    "period": "Q3",
    "revenue": 1413000000,
    "costOfRevenue": 923000000,
    "grossProfit": 490000000,
    "grossProfitRatio": 0.3467799009,
    "researchAndDevelopmentExpenses": 0,
    "generalAndAdministrativeExpenses": 0,
    "sellingAndMarketingExpenses": 0,
    "sellingGeneralAndAdministrativeExpenses": 218000000,
    "otherExpenses": 0,
    "operatingExpenses": 218000000,
    "costAndExpenses": 1141000000,
    "interestIncome": 0,
    "interestExpense": 41000000,
    "depreciationAndAmortization": 65000000,
    "ebitda": 337000000,
    "ebitdaratio": 0.2384996461,
    "operatingIncome": 272000000,
    "operatingIncomeRatio": 0.1924982307,
    "totalOtherIncomeExpensesNet": -41000000,
    "incomeBeforeTax": 228000000,
    "incomeBeforeTaxRatio": 0.161358811,
    "incomeTaxExpense": 63000000,
    "netIncome": 159000000,
    "netIncomeRatio": 0.1125265393,
    "eps": 1.33,
    "epsdiluted": 1.31,
    "weightedAverageShsOut": 119100000,
    "weightedAverageShsOutDil": 121200000,
    "link": "https://www.sec.gov/Archives/edgar/data/202058/000020205817000053/0000202058-17-000053-index.htm",
    "finalLink": "https://www.sec.gov/Archives/edgar/data/202058/000020205817000053/hrsq1fy1810-q.htm"
  },
  {
    "date": "2017-06-30",
    "symbol": "LHX",
    "reportedCurrency": "USD",
    "cik": "0000202058",
    "fillingDate": "2017-08-29",
    "acceptedDate": "2017-08-29 14:10:47",
    "calendarYear": "2017",
    "period": "Q2",
    "revenue": 1542000000,
    "costOfRevenue": 1019000000,
    "grossProfit": 523000000,
    "grossProfitRatio": 0.3391699092,
    "researchAndDevelopmentExpenses": 0,
    "generalAndAdministrativeExpenses": 0,
    "sellingAndMarketingExpenses": 0,
    "sellingGeneralAndAdministrativeExpenses": 228000000,
    "otherExpenses": 0,
    "operatingExpenses": 228000000,
    "costAndExpenses": 1247000000,
    "interestIncome": 1000000,
    "interestExpense": 42000000,
    "depreciationAndAmortization": 81000000,
    "ebitda": 357000000,
    "ebitdaratio": 0.2315175097,
    "operatingIncome": 295000000,
    "operatingIncomeRatio": 0.191309987,
    "totalOtherIncomeExpensesNet": -61000000,
    "incomeBeforeTax": 234000000,
    "incomeBeforeTaxRatio": 0.1517509728,
    "incomeTaxExpense": 68000000,
    "netIncome": 131000000,
    "netIncomeRatio": 0.0849546044,
    "eps": 1.09,
    "epsdiluted": 1.07,
    "weightedAverageShsOut": 120300000,
    "weightedAverageShsOutDil": 122200000,
    "link": "https://www.sec.gov/Archives/edgar/data/202058/000020205817000037/0000202058-17-000037-index.htm",
    "finalLink": "https://www.sec.gov/Archives/edgar/data/202058/000020205817000037/hrs630201710-k.htm"
  },
  {
    "date": "2017-03-31",
    "symbol": "LHX",
    "reportedCurrency": "USD",
    "cik": "0000202058",
    "fillingDate": "2017-05-03",
    "acceptedDate": "2017-05-03 17:28:27",
    "calendarYear": "2017",
    "period": "Q1",
    "revenue": 1489000000,
    "costOfRevenue": 964000000,
    "grossProfit": 525000000,
    "grossProfitRatio": 0.3525856279,
    "researchAndDevelopmentExpenses": 0,
    "generalAndAdministrativeExpenses": 0,
    "sellingAndMarketingExpenses": 0,
    "sellingGeneralAndAdministrativeExpenses": 242000000,
    "otherExpenses": 0,
    "operatingExpenses": 242000000,
    "costAndExpenses": 1206000000,
    "interestIncome": 0,
    "interestExpense": 42000000,
    "depreciationAndAmortization": 36000000,
    "ebitda": 311000000,
    "ebitdaratio": 0.2088650101,
    "operatingIncome": 283000000,
    "operatingIncomeRatio": 0.1900604433,
    "totalOtherIncomeExpensesNet": -50000000,
    "incomeBeforeTax": 233000000,
    "incomeBeforeTaxRatio": 0.1564808596,
    "incomeTaxExpense": 69000000,
    "netIncome": 85000000,
    "netIncomeRatio": 0.0570852921,
    "eps": 0.7,
    "epsdiluted": 0.69,
    "weightedAverageShsOut": 122600000,
    "weightedAverageShsOutDil": 124500000,
    "link": "https://www.sec.gov/Archives/edgar/data/202058/000020205817000019/0000202058-17-000019-index.htm",
    "finalLink": "https://www.sec.gov/Archives/edgar/data/202058/000020205817000019/hrsq3fy1710-q.htm"
  },
  {
    "date": "2016-12-30",
    "symbol": "LHX",
    "reportedCurrency": "USD",
    "cik": "0000202058",
    "fillingDate": "2017-02-03",
    "acceptedDate": "2017-02-03 14:36:40",
    "calendarYear": "2016",
    "period": "Q4",
    "revenue": 1449000000,
    "costOfRevenue": 948000000,
    "grossProfit": 501000000,
    "grossProfitRatio": 0.3457556936,
    "researchAndDevelopmentExpenses": 0,
    "generalAndAdministrativeExpenses": 0,
    "sellingAndMarketingExpenses": 0,
    "sellingGeneralAndAdministrativeExpenses": 211000000,
    "otherExpenses": 0,
    "operatingExpenses": 211000000,
    "costAndExpenses": 1159000000,
    "interestIncome": 1000000,
    "interestExpense": 44000000,
    "depreciationAndAmortization": 69000000,
    "ebitda": 348000000,
    "ebitdaratio": 0.2401656315,
    "operatingIncome": 290000000,
    "operatingIncomeRatio": 0.2001380262,
    "totalOtherIncomeExpensesNet": -55000000,
    "incomeBeforeTax": 235000000,
    "incomeBeforeTaxRatio": 0.1621808144,
    "incomeTaxExpense": 72000000,
    "netIncome": 177000000,
    "netIncomeRatio": 0.1221532091,
    "eps": 1.42,
    "epsdiluted": 1.42,
    "weightedAverageShsOut": 123700000,
    "weightedAverageShsOutDil": 125400000,
    "link": "https://www.sec.gov/Archives/edgar/data/202058/000020205817000010/0000202058-17-000010-index.htm",
    "finalLink": "https://www.sec.gov/Archives/edgar/data/202058/000020205817000010/hrsq2fy1710-q.htm"
  },
  {
    "date": "2016-09-30",
    "symbol": "LHX",
    "reportedCurrency": "USD",
    "cik": "0000202058",
    "fillingDate": "2016-11-02",
    "acceptedDate": "2016-11-02 17:21:35",
    "calendarYear": "2016",
    "period": "Q3",
    "revenue": 1754000000,
    "costOfRevenue": 1208000000,
    "grossProfit": 546000000,
    "grossProfitRatio": 0.3112884835,
    "researchAndDevelopmentExpenses": 0,
    "generalAndAdministrativeExpenses": 0,
    "sellingAndMarketingExpenses": 0,
    "sellingGeneralAndAdministrativeExpenses": 261000000,
    "otherExpenses": 0,
    "operatingExpenses": 261000000,
    "costAndExpenses": 1469000000,
    "interestIncome": 1000000,
    "interestExpense": 44000000,
    "depreciationAndAmortization": 86000000,
    "ebitda": 355000000,
    "ebitdaratio": 0.2023945268,
    "operatingIncome": 285000000,
    "operatingIncomeRatio": 0.1624857469,
    "totalOtherIncomeExpensesNet": -60000000,
    "incomeBeforeTax": 203000000,
    "incomeBeforeTaxRatio": 0.1157354618,
    "incomeTaxExpense": 58000000,
    "netIncome": 160000000,
    "netIncomeRatio": 0.0912200684,
    "eps": 1.29,
    "epsdiluted": 1.27,
    "weightedAverageShsOut": 123900000,
    "weightedAverageShsOutDil": 125500000,
    "link": "https://www.sec.gov/Archives/edgar/data/202058/000020205816000047/0000202058-16-000047-index.htm",
    "finalLink": "https://www.sec.gov/Archives/edgar/data/202058/000020205816000047/hrsq1fy1710-q.htm"
  },
  {
    "date": "2016-07-01",
    "symbol": "LHX",
    "reportedCurrency": "USD",
    "cik": "0000202058",
    "fillingDate": "2016-08-29",
    "acceptedDate": "2016-08-29 17:29:47",
    "calendarYear": "2016",
    "period": "Q2",
    "revenue": 1904000000,
    "costOfRevenue": 1352000000,
    "grossProfit": 552000000,
    "grossProfitRatio": 0.2899159664,
    "researchAndDevelopmentExpenses": 0,
    "generalAndAdministrativeExpenses": 0,
    "sellingAndMarketingExpenses": 0,
    "sellingGeneralAndAdministrativeExpenses": 219000000,
    "otherExpenses": 0,
    "operatingExpenses": 219000000,
    "costAndExpenses": 1571000000,
    "interestIncome": 1000000,
    "interestExpense": 44000000,
    "depreciationAndAmortization": 99000000,
    "ebitda": 386000000,
    "ebitdaratio": 0.2027310924,
    "operatingIncome": 333000000,
    "operatingIncomeRatio": 0.174894958,
    "totalOtherIncomeExpensesNet": -90000000,
    "incomeBeforeTax": 243000000,
    "incomeBeforeTaxRatio": 0.1276260504,
    "incomeTaxExpense": 81000000,
    "netIncome": 160000000,
    "netIncomeRatio": 0.0840336134,
    "eps": 1.29,
    "epsdiluted": 1.28,
    "weightedAverageShsOut": 124100000,
    "weightedAverageShsOutDil": 125300000,
    "link": "https://www.sec.gov/Archives/edgar/data/202058/000020205816000022/0000202058-16-000022-index.htm",
    "finalLink": "https://www.sec.gov/Archives/edgar/data/202058/000020205816000022/hrs71201610-k.htm"
  },
  {
    "date": "2016-04-01",
    "symbol": "LHX",
    "reportedCurrency": "USD",
    "cik": "0000202058",
    "fillingDate": "2016-05-04",
    "acceptedDate": "2016-05-04 17:20:59",
    "calendarYear": "2016",
    "period": "Q1",
    "revenue": 1909000000,
    "costOfRevenue": 1345000000,
    "grossProfit": 564000000,
    "grossProfitRatio": 0.2954426401,
    "researchAndDevelopmentExpenses": 0,
    "generalAndAdministrativeExpenses": 0,
    "sellingAndMarketingExpenses": 0,
    "sellingGeneralAndAdministrativeExpenses": 253000000,
    "otherExpenses": 0,
    "operatingExpenses": 253000000,
    "costAndExpenses": 1598000000,
    "interestIncome": 0,
    "interestExpense": 46000000,
    "depreciationAndAmortization": 82000000,
    "ebitda": 369000000,
    "ebitdaratio": 0.1932949188,
    "operatingIncome": 311000000,
    "operatingIncomeRatio": 0.1629125196,
    "totalOtherIncomeExpensesNet": -70000000,
    "incomeBeforeTax": 221000000,
    "incomeBeforeTaxRatio": 0.1157674175,
    "incomeTaxExpense": 62000000,
    "netIncome": 168000000,
    "netIncomeRatio": 0.0880041907,
    "eps": 1.35,
    "epsdiluted": 1.34,
    "weightedAverageShsOut": 124000000,
    "weightedAverageShsOutDil": 125100000,
    "link": "https://www.sec.gov/Archives/edgar/data/202058/000020205816000007/0000202058-16-000007-index.htm",
    "finalLink": "https://www.sec.gov/Archives/edgar/data/202058/000020205816000007/hrs41201610-q.htm"
  },
  {
    "date": "2016-01-01",
    "symbol": "LHX",
    "reportedCurrency": "USD",
    "cik": "0000202058",
    "fillingDate": "2016-02-03",
    "acceptedDate": "2016-02-03 17:08:10",
    "calendarYear": "2015",
    "period": "Q4",
    "revenue": 1748000000,
    "costOfRevenue": 1203000000,
    "grossProfit": 545000000,
    "grossProfitRatio": 0.311784897,
    "researchAndDevelopmentExpenses": 0,
    "generalAndAdministrativeExpenses": 0,
    "sellingAndMarketingExpenses": 0,
    "sellingGeneralAndAdministrativeExpenses": 217000000,
    "otherExpenses": 0,
    "operatingExpenses": 217000000,
    "costAndExpenses": 1420000000,
    "interestIncome": 0,
    "interestExpense": 46000000,
    "depreciationAndAmortization": 86000000,
    "ebitda": 414000000,
    "ebitdaratio": 0.2368421053,
    "operatingIncome": 328000000,
    "operatingIncomeRatio": 0.1876430206,
    "totalOtherIncomeExpensesNet": -46000000,
    "incomeBeforeTax": 282000000,
    "incomeBeforeTaxRatio": 0.1613272311,
    "incomeTaxExpense": 85000000,
    "netIncome": -152000000,
    "netIncomeRatio": -0.0869565217,
    "eps": -1.23,
    "epsdiluted": -1.23,
    "weightedAverageShsOut": 123800000,
    "weightedAverageShsOutDil": 123800000,
    "link": "https://www.sec.gov/Archives/edgar/data/202058/000119312516449408/0001193125-16-449408-index.htm",
    "finalLink": "https://www.sec.gov/Archives/edgar/data/202058/000119312516449408/d117812d10q.htm"
  },
  {
    "date": "2015-10-02",
    "symbol": "LHX",
    "reportedCurrency": "USD",
    "cik": "0000202058",
    "fillingDate": "2015-11-06",
    "acceptedDate": "2015-11-06 17:28:58",
    "calendarYear": "2015",
    "period": "Q3",
    "revenue": 1811000000,
    "costOfRevenue": 1220000000,
    "grossProfit": 591000000,
    "grossProfitRatio": 0.3263390392,
    "researchAndDevelopmentExpenses": 0,
    "generalAndAdministrativeExpenses": 0,
    "sellingAndMarketingExpenses": 0,
    "sellingGeneralAndAdministrativeExpenses": 329000000,
    "otherExpenses": 1000000,
    "operatingExpenses": 329000000,
    "costAndExpenses": 1549000000,
    "interestIncome": 1000000,
    "interestExpense": 48000000,
    "depreciationAndAmortization": 94000000,
    "ebitda": 358000000,
    "ebitdaratio": 0.1976808393,
    "operatingIncome": 264000000,
    "operatingIncomeRatio": 0.1457758145,
    "totalOtherIncomeExpensesNet": -46000000,
    "incomeBeforeTax": 216000000,
    "incomeBeforeTaxRatio": 0.1192711209,
    "incomeTaxExpense": 68000000,
    "netIncome": 148000000,
    "netIncomeRatio": 0.0817228051,
    "eps": 1.2,
    "epsdiluted": 1.18,
    "weightedAverageShsOut": 123500000,
    "weightedAverageShsOutDil": 124700000,
    "link": "https://www.sec.gov/Archives/edgar/data/202058/000119312515370424/0001193125-15-370424-index.htm",
    "finalLink": "https://www.sec.gov/Archives/edgar/data/202058/000119312515370424/d82534d10q.htm"
  },
  {
    "date": "2015-07-03",
    "symbol": "LHX",
    "reportedCurrency": "USD",
    "cik": "0000202058",
    "fillingDate": "2015-08-31",
    "acceptedDate": "2015-08-31 17:24:39",
    "calendarYear": "2015",
    "period": "Q2",
    "revenue": 1534700000,
    "costOfRevenue": 1038200000,
    "grossProfit": 496500000,
    "grossProfitRatio": 0.3235159966,
    "researchAndDevelopmentExpenses": 277000000,
    "generalAndAdministrativeExpenses": 0,
    "sellingAndMarketingExpenses": 0,
    "sellingGeneralAndAdministrativeExpenses": 404500000,
    "otherExpenses": 500000,
    "operatingExpenses": 404500000,
    "costAndExpenses": 1442700000,
    "interestIncome": 300000,
    "interestExpense": 50500000,
    "depreciationAndAmortization": 80100000,
    "ebitda": -108600000,
    "ebitdaratio": -0.0707630156,
    "operatingIncome": -16200000,
    "operatingIncomeRatio": -0.010555809,
    "totalOtherIncomeExpensesNet": -55700000,
    "incomeBeforeTax": -66700000,
    "incomeBeforeTaxRatio": -0.0434612628,
    "incomeTaxExpense": -10500000,
    "netIncome": -56300000,
    "netIncomeRatio": -0.0366846941,
    "eps": -0.51,
    "epsdiluted": -0.51,
    "weightedAverageShsOut": 110300000,
    "weightedAverageShsOutDil": 110300000,
    "link": "https://www.sec.gov/Archives/edgar/data/202058/000119312515308363/0001193125-15-308363-index.htm",
    "finalLink": "https://www.sec.gov/Archives/edgar/data/202058/000119312515308363/d22254d10k.htm"
  },
  {
    "date": "2015-04-03",
    "symbol": "LHX",
    "reportedCurrency": "USD",
    "cik": "0000202058",
    "fillingDate": "2015-05-06",
    "acceptedDate": "2015-05-06 17:07:20",
    "calendarYear": "2015",
    "period": "Q1",
    "revenue": 1187000000,
    "costOfRevenue": 754000000,
    "grossProfit": 433000000,
    "grossProfitRatio": 0.3647851727,
    "researchAndDevelopmentExpenses": 0,
    "generalAndAdministrativeExpenses": 0,
    "sellingAndMarketingExpenses": 0,
    "sellingGeneralAndAdministrativeExpenses": 220000000,
    "otherExpenses": 300000,
    "operatingExpenses": 220000000,
    "costAndExpenses": 974000000,
    "interestIncome": 0,
    "interestExpense": 34000000,
    "depreciationAndAmortization": 60000000,
    "ebitda": 273000000,
    "ebitdaratio": 0.2299915754,
    "operatingIncome": 213000000,
    "operatingIncomeRatio": 0.1794439764,
    "totalOtherIncomeExpensesNet": -34000000,
    "incomeBeforeTax": 179000000,
    "incomeBeforeTaxRatio": 0.150800337,
    "incomeTaxExpense": 53000000,
    "netIncome": 126000000,
    "netIncomeRatio": 0.1061499579,
    "eps": 1.21,
    "epsdiluted": 1.2,
    "weightedAverageShsOut": 103700000,
    "weightedAverageShsOutDil": 104800000,
    "link": "https://www.sec.gov/Archives/edgar/data/202058/000119312515174801/0001193125-15-174801-index.htm",
    "finalLink": "https://www.sec.gov/Archives/edgar/data/202058/000119312515174801/d919930d10q.htm"
  },
  {
    "date": "2015-01-02",
    "symbol": "LHX",
    "reportedCurrency": "USD",
    "cik": "0000202058",
    "fillingDate": "2015-02-10",
    "acceptedDate": "2015-02-10 09:29:00",
    "calendarYear": "2014",
    "period": "Q4",
    "revenue": 1206000000,
    "costOfRevenue": 808000000,
    "grossProfit": 398000000,
    "grossProfitRatio": 0.3300165837,
    "researchAndDevelopmentExpenses": 0,
    "generalAndAdministrativeExpenses": 0,
    "sellingAndMarketingExpenses": 0,
    "sellingGeneralAndAdministrativeExpenses": 188000000,
    "otherExpenses": 200000,
    "operatingExpenses": 188000000,
    "costAndExpenses": 996000000,
    "interestIncome": 1000000,
    "interestExpense": 22000000,
    "depreciationAndAmortization": 53000000,
    "ebitda": 264000000,
    "ebitdaratio": 0.2189054726,
    "operatingIncome": 211000000,
    "operatingIncomeRatio": 0.1749585406,
    "totalOtherIncomeExpensesNet": -21000000,
    "incomeBeforeTax": 189000000,
    "incomeBeforeTaxRatio": 0.1567164179,
    "incomeTaxExpense": 50000000,
    "netIncome": 139000000,
    "netIncomeRatio": 0.1152570481,
    "eps": 1.34,
    "epsdiluted": 1.32,
    "weightedAverageShsOut": 103900000,
    "weightedAverageShsOutDil": 104900000,
    "link": "https://www.sec.gov/Archives/edgar/data/202058/000119312515040490/0001193125-15-040490-index.htm",
    "finalLink": "https://www.sec.gov/Archives/edgar/data/202058/000119312515040490/d857306d10q.htm"
  },
  {
    "date": "2014-09-26",
    "symbol": "LHX",
    "reportedCurrency": "USD",
    "cik": "0000202058",
    "fillingDate": "2014-10-29",
    "acceptedDate": "2014-10-29 16:18:01",
    "calendarYear": "2014",
    "period": "Q3",
    "revenue": 1155000000,
    "costOfRevenue": 762000000,
    "grossProfit": 393000000,
    "grossProfitRatio": 0.3402597403,
    "researchAndDevelopmentExpenses": 0,
    "generalAndAdministrativeExpenses": 0,
    "sellingAndMarketingExpenses": 0,
    "sellingGeneralAndAdministrativeExpenses": 195000000,
    "otherExpenses": 0,
    "operatingExpenses": 195000000,
    "costAndExpenses": 957000000,
    "interestIncome": 1000000,
    "interestExpense": 23000000,
    "depreciationAndAmortization": 51000000,
    "ebitda": 250000000,
    "ebitdaratio": 0.2164502165,
    "operatingIncome": 199000000,
    "operatingIncomeRatio": 0.1722943723,
    "totalOtherIncomeExpensesNet": -22000000,
    "incomeBeforeTax": 176000000,
    "incomeBeforeTaxRatio": 0.1523809524,
    "incomeTaxExpense": 51000000,
    "netIncome": 125000000,
    "netIncomeRatio": 0.1082251082,
    "eps": 1.19,
    "epsdiluted": 1.18,
    "weightedAverageShsOut": 104600000,
    "weightedAverageShsOutDil": 105800000,
    "link": "https://www.sec.gov/Archives/edgar/data/202058/000119312514387215/0001193125-14-387215-index.htm",
    "finalLink": "https://www.sec.gov/Archives/edgar/data/202058/000119312514387215/d802592d10q.htm"
  },
  {
    "date": "2014-06-27",
    "symbol": "LHX",
    "reportedCurrency": "USD",
    "cik": "0000202058",
    "fillingDate": "2014-08-25",
    "acceptedDate": "2014-08-25 17:30:23",
    "calendarYear": "2014",
    "period": "Q2",
    "revenue": 1329400000,
    "costOfRevenue": 899600000,
    "grossProfit": 429800000,
    "grossProfitRatio": 0.3233037461,
    "researchAndDevelopmentExpenses": 865000000,
    "generalAndAdministrativeExpenses": 0,
    "sellingAndMarketingExpenses": 0,
    "sellingGeneralAndAdministrativeExpenses": 203900000,
    "otherExpenses": -400000,
    "operatingExpenses": 203900000,
    "costAndExpenses": 1103500000,
    "interestIncome": 800000,
    "interestExpense": 23000000,
    "depreciationAndAmortization": 55700000,
    "ebitda": 282000000,
    "ebitdaratio": 0.212125771,
    "operatingIncome": 226300000,
    "operatingIncomeRatio": 0.1702271702,
    "totalOtherIncomeExpensesNet": -22600000,
    "incomeBeforeTax": 203300000,
    "incomeBeforeTaxRatio": 0.1529261321,
    "incomeTaxExpense": 65700000,
    "netIncome": 131400000,
    "netIncomeRatio": 0.0988415827,
    "eps": 1.23,
    "epsdiluted": 1.22,
    "weightedAverageShsOut": 105700000,
    "weightedAverageShsOutDil": 107000000,
    "link": "https://www.sec.gov/Archives/edgar/data/202058/000119312514320240/0001193125-14-320240-index.htm",
    "finalLink": "https://www.sec.gov/Archives/edgar/data/202058/000119312514320240/d769277d10k.htm"
  },
  {
    "date": "2014-03-28",
    "symbol": "LHX",
    "reportedCurrency": "USD",
    "cik": "0000202058",
    "fillingDate": "2014-04-30",
    "acceptedDate": "2014-04-30 17:11:06",
    "calendarYear": "2014",
    "period": "Q1",
    "revenue": 1267500000,
    "costOfRevenue": 841000000,
    "grossProfit": 426500000,
    "grossProfitRatio": 0.3364891519,
    "researchAndDevelopmentExpenses": 0,
    "generalAndAdministrativeExpenses": 0,
    "sellingAndMarketingExpenses": 0,
    "sellingGeneralAndAdministrativeExpenses": 203200000,
    "otherExpenses": 200000,
    "operatingExpenses": 203200000,
    "costAndExpenses": 1044200000,
    "interestIncome": 700000,
    "interestExpense": 23200000,
    "depreciationAndAmortization": 48200000,
    "ebitda": 272400000,
    "ebitdaratio": 0.2149112426,
    "operatingIncome": 224200000,
    "operatingIncomeRatio": 0.1768836292,
    "totalOtherIncomeExpensesNet": -22300000,
    "incomeBeforeTax": 201000000,
    "incomeBeforeTaxRatio": 0.1585798817,
    "incomeTaxExpense": 63900000,
    "netIncome": 141400000,
    "netIncomeRatio": 0.1115581854,
    "eps": 1.32,
    "epsdiluted": 1.31,
    "weightedAverageShsOut": 106200000,
    "weightedAverageShsOutDil": 107400000,
    "link": "https://www.sec.gov/Archives/edgar/data/202058/000119312514172802/0001193125-14-172802-index.htm",
    "finalLink": "https://www.sec.gov/Archives/edgar/data/202058/000119312514172802/d714949d10q.htm"
  },
  {
    "date": "2013-12-27",
    "symbol": "LHX",
    "reportedCurrency": "USD",
    "cik": "0000202058",
    "fillingDate": "2014-01-29",
    "acceptedDate": "2014-01-29 17:20:00",
    "calendarYear": "2013",
    "period": "Q4",
    "revenue": 1223200000,
    "costOfRevenue": 795400000,
    "grossProfit": 427800000,
    "grossProfitRatio": 0.3497383911,
    "researchAndDevelopmentExpenses": 0,
    "generalAndAdministrativeExpenses": 0,
    "sellingAndMarketingExpenses": 0,
    "sellingGeneralAndAdministrativeExpenses": 204700000,
    "otherExpenses": 0,
    "operatingExpenses": 204700000,
    "costAndExpenses": 1000100000,
    "interestIncome": 700000,
    "interestExpense": 23700000,
    "depreciationAndAmortization": 50400000,
    "ebitda": 277400000,
    "ebitdaratio": 0.2267822106,
    "operatingIncome": 227000000,
    "operatingIncomeRatio": 0.1855788097,
    "totalOtherIncomeExpensesNet": -19800000,
    "incomeBeforeTax": 203300000,
    "incomeBeforeTaxRatio": 0.1662034009,
    "incomeTaxExpense": 66200000,
    "netIncome": 136200000,
    "netIncomeRatio": 0.1113472858,
    "eps": 1.27,
    "epsdiluted": 1.26,
    "weightedAverageShsOut": 106300000,
    "weightedAverageShsOutDil": 107300000,
    "link": "https://www.sec.gov/Archives/edgar/data/202058/000119312514026591/0001193125-14-026591-index.htm",
    "finalLink": "https://www.sec.gov/Archives/edgar/data/202058/000119312514026591/d657332d10q.htm"
  },
  {
    "date": "2013-09-27",
    "symbol": "LHX",
    "reportedCurrency": "USD",
    "cik": "0000202058",
    "fillingDate": "2013-10-30",
    "acceptedDate": "2013-10-30 17:18:00",
    "calendarYear": "2013",
    "period": "Q3",
    "revenue": 1191900000,
    "costOfRevenue": 774500000,
    "grossProfit": 417400000,
    "grossProfitRatio": 0.3501971642,
    "researchAndDevelopmentExpenses": 0,
    "generalAndAdministrativeExpenses": 0,
    "sellingAndMarketingExpenses": 0,
    "sellingGeneralAndAdministrativeExpenses": 207800000,
    "otherExpenses": 1300000,
    "operatingExpenses": 207800000,
    "costAndExpenses": 982300000,
    "interestIncome": 600000,
    "interestExpense": 23700000,
    "depreciationAndAmortization": 50000000,
    "ebitda": 261500000,
    "ebitdaratio": 0.2193976005,
    "operatingIncome": 211500000,
    "operatingIncomeRatio": 0.1774477725,
    "totalOtherIncomeExpensesNet": -21800000,
    "incomeBeforeTax": 187800000,
    "incomeBeforeTaxRatio": 0.157563554,
    "incomeTaxExpense": 60400000,
    "netIncome": 125800000,
    "netIncomeRatio": 0.1055457673,
    "eps": 1.17,
    "epsdiluted": 1.17,
    "weightedAverageShsOut": 106400000,
    "weightedAverageShsOutDil": 107300000,
    "link": "https://www.sec.gov/Archives/edgar/data/202058/000119312513418845/0001193125-13-418845-index.htm",
    "finalLink": "https://www.sec.gov/Archives/edgar/data/202058/000119312513418845/d614318d10q.htm"
  },
  {
    "date": "2013-06-28",
    "symbol": "LHX",
    "reportedCurrency": "USD",
    "cik": "0000202058",
    "fillingDate": "2013-08-26",
    "acceptedDate": "2013-08-26 17:14:57",
    "calendarYear": "2013",
    "period": "Q2",
    "revenue": 1359600000,
    "costOfRevenue": 887800000,
    "grossProfit": 471800000,
    "grossProfitRatio": 0.3470138276,
    "researchAndDevelopmentExpenses": 900000000,
    "generalAndAdministrativeExpenses": 0,
    "sellingAndMarketingExpenses": 0,
    "sellingGeneralAndAdministrativeExpenses": 300700000,
    "otherExpenses": 2200000,
    "operatingExpenses": 300700000,
    "costAndExpenses": 1188500000,
    "interestIncome": 400000,
    "interestExpense": 26000000,
    "depreciationAndAmortization": 56300000,
    "ebitda": 188700000,
    "ebitdaratio": 0.1387908208,
    "operatingIncome": 132400000,
    "operatingIncomeRatio": 0.0973815828,
    "totalOtherIncomeExpensesNet": -64700000,
    "incomeBeforeTax": 106400000,
    "incomeBeforeTaxRatio": 0.0782583113,
    "incomeTaxExpense": 35900000,
    "netIncome": 55500000,
    "netIncomeRatio": 0.0408208297,
    "eps": 0.51,
    "epsdiluted": 0.51,
    "weightedAverageShsOut": 107800000,
    "weightedAverageShsOutDil": 108600000,
    "link": "https://www.sec.gov/Archives/edgar/data/202058/000119312513346761/0001193125-13-346761-index.htm",
    "finalLink": "https://www.sec.gov/Archives/edgar/data/202058/000119312513346761/d578172d10k.htm"
  },
  {
    "date": "2013-03-29",
    "symbol": "LHX",
    "reportedCurrency": "USD",
    "cik": "0000202058",
    "fillingDate": "2013-05-01",
    "acceptedDate": "2013-05-01 17:15:22",
    "calendarYear": "2013",
    "period": "Q1",
    "revenue": 1203700000,
    "costOfRevenue": 803500000,
    "grossProfit": 400200000,
    "grossProfitRatio": 0.3324748692,
    "researchAndDevelopmentExpenses": 0,
    "generalAndAdministrativeExpenses": 0,
    "sellingAndMarketingExpenses": 0,
    "sellingGeneralAndAdministrativeExpenses": 202500000,
    "otherExpenses": -500000,
    "operatingExpenses": 202500000,
    "costAndExpenses": 1006000000,
    "interestIncome": 800000,
    "interestExpense": 27600000,
    "depreciationAndAmortization": 54100000,
    "ebitda": 252100000,
    "ebitdaratio": 0.2094375675,
    "operatingIncome": 198000000,
    "operatingIncomeRatio": 0.1644928138,
    "totalOtherIncomeExpensesNet": -27300000,
    "incomeBeforeTax": 170400000,
    "incomeBeforeTaxRatio": 0.1415635125,
    "incomeTaxExpense": 45800000,
    "netIncome": 94800000,
    "netIncomeRatio": 0.0787571654,
    "eps": 0.85,
    "epsdiluted": 0.85,
    "weightedAverageShsOut": 110600000,
    "weightedAverageShsOutDil": 111200000,
    "link": "https://www.sec.gov/Archives/edgar/data/202058/000119312513192854/0001193125-13-192854-index.htm",
    "finalLink": "https://www.sec.gov/Archives/edgar/data/202058/000119312513192854/d527518d10q.htm"
  },
  {
    "date": "2012-12-28",
    "symbol": "LHX",
    "reportedCurrency": "USD",
    "cik": "0000202058",
    "fillingDate": "2013-01-30",
    "acceptedDate": "2013-01-30 13:02:29",
    "calendarYear": "2012",
    "period": "Q4",
    "revenue": 1286900000,
    "costOfRevenue": 845400000,
    "grossProfit": 441500000,
    "grossProfitRatio": 0.3430724998,
    "researchAndDevelopmentExpenses": 0,
    "generalAndAdministrativeExpenses": 0,
    "sellingAndMarketingExpenses": 0,
    "sellingGeneralAndAdministrativeExpenses": 213100000,
    "otherExpenses": -1100000,
    "operatingExpenses": 213100000,
    "costAndExpenses": 1058500000,
    "interestIncome": 500000,
    "interestExpense": 27600000,
    "depreciationAndAmortization": 55400000,
    "ebitda": 283200000,
    "ebitdaratio": 0.220063719,
    "operatingIncome": 227800000,
    "operatingIncomeRatio": 0.177014531,
    "totalOtherIncomeExpensesNet": -28200000,
    "incomeBeforeTax": 200200000,
    "incomeBeforeTaxRatio": 0.1555676432,
    "incomeTaxExpense": 61700000,
    "netIncome": 48500000,
    "netIncomeRatio": 0.037687466,
    "eps": 0.43,
    "epsdiluted": 0.43,
    "weightedAverageShsOut": 112300000,
    "weightedAverageShsOutDil": 112900000,
    "link": "https://www.sec.gov/Archives/edgar/data/202058/000119312513029509/0001193125-13-029509-index.htm",
    "finalLink": "https://www.sec.gov/Archives/edgar/data/202058/000119312513029509/d473964d10q.htm"
  },
  {
    "date": "2012-09-28",
    "symbol": "LHX",
    "reportedCurrency": "USD",
    "cik": "0000202058",
    "fillingDate": "2012-10-31",
    "acceptedDate": "2012-10-31 17:24:44",
    "calendarYear": "2012",
    "period": "Q3",
    "revenue": 1261500000,
    "costOfRevenue": 848300000,
    "grossProfit": 413200000,
    "grossProfitRatio": 0.3275465715,
    "researchAndDevelopmentExpenses": 0,
    "generalAndAdministrativeExpenses": 0,
    "sellingAndMarketingExpenses": 0,
    "sellingGeneralAndAdministrativeExpenses": 198200000,
    "otherExpenses": 0,
    "operatingExpenses": 198200000,
    "costAndExpenses": 1046500000,
    "interestIncome": 500000,
    "interestExpense": 27900000,
    "depreciationAndAmortization": 54800000,
    "ebitda": 270300000,
    "ebitdaratio": 0.2142687277,
    "operatingIncome": 215500000,
    "operatingIncomeRatio": 0.1708283789,
    "totalOtherIncomeExpensesNet": -27900000,
    "incomeBeforeTax": 187600000,
    "incomeBeforeTaxRatio": 0.148711851,
    "incomeTaxExpense": 59300000,
    "netIncome": -85800000,
    "netIncomeRatio": -0.0680142687,
    "eps": -0.77,
    "epsdiluted": -0.76,
    "weightedAverageShsOut": 111900000,
    "weightedAverageShsOutDil": 112600000,
    "link": "https://www.sec.gov/Archives/edgar/data/202058/000119312512444164/0001193125-12-444164-index.htm",
    "finalLink": "https://www.sec.gov/Archives/edgar/data/202058/000119312512444164/d427665d10q.htm"
  },
  {
    "date": "2012-06-29",
    "symbol": "LHX",
    "reportedCurrency": "USD",
    "cik": "0000202058",
    "fillingDate": "2012-08-27",
    "acceptedDate": "2012-08-27 17:01:35",
    "calendarYear": "2012",
    "period": "Q2",
    "revenue": 1079000000,
    "costOfRevenue": 746000000,
    "grossProfit": 333000000,
    "grossProfitRatio": 0.3086190918,
    "researchAndDevelopmentExpenses": 0,
    "generalAndAdministrativeExpenses": 0,
    "sellingAndMarketingExpenses": 0,
    "sellingGeneralAndAdministrativeExpenses": 76800000,
    "otherExpenses": 0,
    "operatingExpenses": 76800000,
    "costAndExpenses": 822800000,
    "interestIncome": 200000,
    "interestExpense": 27300000,
    "depreciationAndAmortization": 66300000,
    "ebitda": 334200000,
    "ebitdaratio": 0.3097312326,
    "operatingIncome": 267900000,
    "operatingIncomeRatio": 0.2482854495,
    "totalOtherIncomeExpensesNet": 396700000,
    "incomeBeforeTax": 652900000,
    "incomeBeforeTaxRatio": 0.6050973123,
    "incomeTaxExpense": 103000000,
    "netIncome": 129100000,
    "netIncomeRatio": 0.1196478221,
    "eps": 1.14,
    "epsdiluted": 1.13,
    "weightedAverageShsOut": 111900000,
    "weightedAverageShsOutDil": 112500000,
    "link": "https://www.sec.gov/Archives/edgar/data/202058/000119312512369967/0001193125-12-369967-index.htm",
    "finalLink": "https://www.sec.gov/Archives/edgar/data/202058/000119312512369967/d392048d10k.htm"
  },
  {
    "date": "2012-03-30",
    "symbol": "LHX",
    "reportedCurrency": "USD",
    "cik": "0000202058",
    "fillingDate": "2012-05-02",
    "acceptedDate": "2012-05-02 16:12:08",
    "calendarYear": "2012",
    "period": "Q1",
    "revenue": 1368800000,
    "costOfRevenue": 879800000,
    "grossProfit": 489000000,
    "grossProfitRatio": 0.3572472238,
    "researchAndDevelopmentExpenses": 0,
    "generalAndAdministrativeExpenses": 0,
    "sellingAndMarketingExpenses": 0,
    "sellingGeneralAndAdministrativeExpenses": 242000000,
    "otherExpenses": 0,
    "operatingExpenses": 242000000,
    "costAndExpenses": 1121800000,
    "interestIncome": 1200000,
    "interestExpense": 28700000,
    "depreciationAndAmortization": 64700000,
    "ebitda": 321000000,
    "ebitdaratio": 0.2345119813,
    "operatingIncome": 256300000,
    "operatingIncomeRatio": 0.1872443016,
    "totalOtherIncomeExpensesNet": -19400000,
    "incomeBeforeTax": 227600000,
    "incomeBeforeTaxRatio": 0.166277031,
    "incomeTaxExpense": 73200000,
    "netIncome": -353200000,
    "netIncomeRatio": -0.2580362361,
    "eps": -3.15,
    "epsdiluted": -3.15,
    "weightedAverageShsOut": 112300000,
    "weightedAverageShsOutDil": 112300000,
    "link": "https://www.sec.gov/Archives/edgar/data/202058/000119312512204526/0001193125-12-204526-index.htm",
    "finalLink": "https://www.sec.gov/Archives/edgar/data/202058/000119312512204526/d339975d10q.htm"
  },
  {
    "date": "2011-12-30",
    "symbol": "LHX",
    "reportedCurrency": "USD",
    "cik": "0000202058",
    "fillingDate": "2012-02-01",
    "acceptedDate": "2012-02-01 15:59:19",
    "calendarYear": "2011",
    "period": "Q4",
    "revenue": 1310200000,
    "costOfRevenue": 856000000,
    "grossProfit": 454200000,
    "grossProfitRatio": 0.3466646314,
    "researchAndDevelopmentExpenses": 0,
    "generalAndAdministrativeExpenses": 0,
    "sellingAndMarketingExpenses": 0,
    "sellingGeneralAndAdministrativeExpenses": 222300000,
    "otherExpenses": 0,
    "operatingExpenses": 222300000,
    "costAndExpenses": 1078300000,
    "interestIncome": 200000,
    "interestExpense": 29100000,
    "depreciationAndAmortization": 66000000,
    "ebitda": 301000000,
    "ebitdaratio": 0.2297359182,
    "operatingIncome": 235000000,
    "operatingIncomeRatio": 0.1793619295,
    "totalOtherIncomeExpensesNet": -26000000,
    "incomeBeforeTax": 205900000,
    "incomeBeforeTaxRatio": 0.1571515799,
    "incomeTaxExpense": 71100000,
    "netIncome": 133100000,
    "netIncomeRatio": 0.1015875439,
    "eps": 1.17,
    "epsdiluted": 1.16,
    "weightedAverageShsOut": 112400000,
    "weightedAverageShsOutDil": 112800000,
    "link": "https://www.sec.gov/Archives/edgar/data/202058/000119312512034293/0001193125-12-034293-index.htm",
    "finalLink": "https://www.sec.gov/Archives/edgar/data/202058/000119312512034293/d264361d10q.htm"
  },
  {
    "date": "2011-09-30",
    "symbol": "LHX",
    "reportedCurrency": "USD",
    "cik": "0000202058",
    "fillingDate": "2011-10-27",
    "acceptedDate": "2011-10-27 16:18:02",
    "calendarYear": "2011",
    "period": "Q3",
    "revenue": 1336100000,
    "costOfRevenue": 893900000,
    "grossProfit": 442200000,
    "grossProfitRatio": 0.3309632513,
    "researchAndDevelopmentExpenses": 0,
    "generalAndAdministrativeExpenses": 0,
    "sellingAndMarketingExpenses": 0,
    "sellingGeneralAndAdministrativeExpenses": 223400000,
    "otherExpenses": 700000,
    "operatingExpenses": 223400000,
    "costAndExpenses": 1117300000,
    "interestIncome": 900000,
    "interestExpense": 28100000,
    "depreciationAndAmortization": 63300000,
    "ebitda": 283700000,
    "ebitdaratio": 0.2123344061,
    "operatingIncome": 220400000,
    "operatingIncomeRatio": 0.1649577127,
    "totalOtherIncomeExpensesNet": -26500000,
    "incomeBeforeTax": 192300000,
    "incomeBeforeTaxRatio": 0.1439263528,
    "incomeTaxExpense": 61700000,
    "netIncome": 121600000,
    "netIncomeRatio": 0.0910111519,
    "eps": 1.01,
    "epsdiluted": 1.01,
    "weightedAverageShsOut": 118800000,
    "weightedAverageShsOutDil": 119400000,
    "link": "https://www.sec.gov/Archives/edgar/data/202058/000119312511284168/0001193125-11-284168-index.htm",
    "finalLink": "https://www.sec.gov/Archives/edgar/data/202058/000119312511284168/d245510d10q.htm"
  },
  {
    "date": "2011-07-01",
    "symbol": "LHX",
    "reportedCurrency": "USD",
    "cik": "0000202058",
    "fillingDate": "2011-08-29",
    "acceptedDate": "2011-08-29 17:19:57",
    "calendarYear": "2011",
    "period": "Q2",
    "revenue": 1667400000,
    "costOfRevenue": 1092600000,
    "grossProfit": 574800000,
    "grossProfitRatio": 0.3447283195,
    "researchAndDevelopmentExpenses": 0,
    "generalAndAdministrativeExpenses": 0,
    "sellingAndMarketingExpenses": 0,
    "sellingGeneralAndAdministrativeExpenses": 347900000,
    "otherExpenses": 0,
    "operatingExpenses": 347900000,
    "costAndExpenses": 1440500000,
    "interestIncome": 500000,
    "interestExpense": 26200000,
    "depreciationAndAmortization": 63500000,
    "ebitda": 290600000,
    "ebitdaratio": 0.1742833153,
    "operatingIncome": 227400000,
    "operatingIncomeRatio": 0.1363799928,
    "totalOtherIncomeExpensesNet": -26000000,
    "incomeBeforeTax": 200900000,
    "incomeBeforeTaxRatio": 0.1204869857,
    "incomeTaxExpense": 68000000,
    "netIncome": 133500000,
    "netIncomeRatio": 0.0800647715,
    "eps": 1.09,
    "epsdiluted": 1.09,
    "weightedAverageShsOut": 122050000,
    "weightedAverageShsOutDil": 122850000,
    "link": "https://www.sec.gov/Archives/edgar/data/202058/000095012311081041/0000950123-11-081041-index.htm",
    "finalLink": "https://www.sec.gov/Archives/edgar/data/202058/000095012311081041/g27195e10vk.htm"
  },
  {
    "date": "2011-04-01",
    "symbol": "LHX",
    "reportedCurrency": "USD",
    "cik": "0000202058",
    "fillingDate": "2011-05-04",
    "acceptedDate": "2011-05-04 17:16:57",
    "calendarYear": "2011",
    "period": "Q1",
    "revenue": 1412800000,
    "costOfRevenue": 896600000,
    "grossProfit": 516200000,
    "grossProfitRatio": 0.3653737259,
    "researchAndDevelopmentExpenses": 0,
    "generalAndAdministrativeExpenses": 0,
    "sellingAndMarketingExpenses": 0,
    "sellingGeneralAndAdministrativeExpenses": 281000000,
    "otherExpenses": 0,
    "operatingExpenses": 281000000,
    "costAndExpenses": 1177600000,
    "interestIncome": 1300000,
    "interestExpense": 27100000,
    "depreciationAndAmortization": 52300000,
    "ebitda": 288500000,
    "ebitdaratio": 0.2042044168,
    "operatingIncome": 236500000,
    "operatingIncomeRatio": 0.1673980747,
    "totalOtherIncomeExpensesNet": -26100000,
    "incomeBeforeTax": 209100000,
    "incomeBeforeTaxRatio": 0.1480039638,
    "incomeTaxExpense": 67500000,
    "netIncome": 139500000,
    "netIncomeRatio": 0.0987400906,
    "eps": 1.1,
    "epsdiluted": 1.09,
    "weightedAverageShsOut": 125000000,
    "weightedAverageShsOutDil": 126000000,
    "link": "https://www.sec.gov/Archives/edgar/data/202058/000095012311044780/0000950123-11-044780-index.htm",
    "finalLink": "https://www.sec.gov/Archives/edgar/data/202058/000095012311044780/g26622e10vq.htm"
  },
  {
    "date": "2010-12-31",
    "symbol": "LHX",
    "reportedCurrency": "USD",
    "cik": "0000202058",
    "fillingDate": "2011-01-27",
    "acceptedDate": "2011-01-27 16:18:50",
    "calendarYear": "2010",
    "period": "Q4",
    "revenue": 1438500000,
    "costOfRevenue": 940500000,
    "grossProfit": 498000000,
    "grossProfitRatio": 0.346193952,
    "researchAndDevelopmentExpenses": 0,
    "generalAndAdministrativeExpenses": 0,
    "sellingAndMarketingExpenses": 0,
    "sellingGeneralAndAdministrativeExpenses": 255200000,
    "otherExpenses": -900000,
    "operatingExpenses": 255200000,
    "costAndExpenses": 1195700000,
    "interestIncome": 400000,
    "interestExpense": 20400000,
    "depreciationAndAmortization": 49400000,
    "ebitda": 291700000,
    "ebitdaratio": 0.2027806743,
    "operatingIncome": 243200000,
    "operatingIncomeRatio": 0.1690649983,
    "totalOtherIncomeExpensesNet": -20900000,
    "incomeBeforeTax": 221900000,
    "incomeBeforeTaxRatio": 0.1542579075,
    "incomeTaxExpense": 70800000,
    "netIncome": 151100000,
    "netIncomeRatio": 0.1050399722,
    "eps": 1.19,
    "epsdiluted": 1.18,
    "weightedAverageShsOut": 125900000,
    "weightedAverageShsOutDil": 126800000,
    "link": "https://www.sec.gov/Archives/edgar/data/202058/000095012311006063/0000950123-11-006063-index.htm",
    "finalLink": "https://www.sec.gov/Archives/edgar/data/202058/000095012311006063/g25407e10vq.htm"
  },
  {
    "date": "2010-10-01",
    "symbol": "LHX",
    "reportedCurrency": "USD",
    "cik": "0000202058",
    "fillingDate": "2010-10-28",
    "acceptedDate": "2010-10-28 17:05:52",
    "calendarYear": "2010",
    "period": "Q3",
    "revenue": 1405400000,
    "costOfRevenue": 881100000,
    "grossProfit": 524300000,
    "grossProfitRatio": 0.3730610502,
    "researchAndDevelopmentExpenses": 0,
    "generalAndAdministrativeExpenses": 0,
    "sellingAndMarketingExpenses": 0,
    "sellingGeneralAndAdministrativeExpenses": 255200000,
    "otherExpenses": 0,
    "operatingExpenses": 255200000,
    "costAndExpenses": 1136300000,
    "interestIncome": 600000,
    "interestExpense": 17800000,
    "depreciationAndAmortization": 46800000,
    "ebitda": 316100000,
    "ebitdaratio": 0.2249181728,
    "operatingIncome": 269700000,
    "operatingIncomeRatio": 0.1919026612,
    "totalOtherIncomeExpensesNet": -17600000,
    "incomeBeforeTax": 251500000,
    "incomeBeforeTaxRatio": 0.1789526114,
    "incomeTaxExpense": 87600000,
    "netIncome": 163900000,
    "netIncomeRatio": 0.1166216024,
    "eps": 1.28,
    "epsdiluted": 1.27,
    "weightedAverageShsOut": 126800000,
    "weightedAverageShsOutDil": 127700000,
    "link": "https://www.sec.gov/Archives/edgar/data/202058/000095012310097519/0000950123-10-097519-index.htm",
    "finalLink": "https://www.sec.gov/Archives/edgar/data/202058/000095012310097519/g24630e10vq.htm"
  },
  {
    "date": "2010-07-02",
    "symbol": "LHX",
    "reportedCurrency": "USD",
    "cik": "0000202058",
    "fillingDate": "2010-08-30",
    "acceptedDate": "2010-08-30 15:44:53",
    "calendarYear": "2010",
    "period": "Q2",
    "revenue": 1455900000,
    "costOfRevenue": 923700000,
    "grossProfit": 532200000,
    "grossProfitRatio": 0.3655470843,
    "researchAndDevelopmentExpenses": 0,
    "generalAndAdministrativeExpenses": 0,
    "sellingAndMarketingExpenses": 0,
    "sellingGeneralAndAdministrativeExpenses": 0,
    "otherExpenses": 0,
    "operatingExpenses": 286100000,
    "costAndExpenses": 1209800000,
    "interestIncome": 400000,
    "interestExpense": 17600000,
    "depreciationAndAmortization": 44700000,
    "ebitda": 291200000,
    "ebitdaratio": 0.2000137372,
    "operatingIncome": 246500000,
    "operatingIncomeRatio": 0.1693110791,
    "totalOtherIncomeExpensesNet": -18100000,
    "incomeBeforeTax": 228000000,
    "incomeBeforeTaxRatio": 0.1566041624,
    "incomeTaxExpense": 76600000,
    "netIncome": 151400000,
    "netIncomeRatio": 0.1039906587,
    "eps": 1.17,
    "epsdiluted": 1.16,
    "weightedAverageShsOut": 129700000,
    "weightedAverageShsOutDil": 130350000,
    "link": "https://www.sec.gov/Archives/edgar/data/202058/000095012310082207/0000950123-10-082207-index.htm",
    "finalLink": "https://www.sec.gov/Archives/edgar/data/202058/000095012310082207/g23399e10vk.htm"
  },
  {
    "date": "2010-04-02",
    "symbol": "LHX",
    "reportedCurrency": "USD",
    "cik": "0000202058",
    "fillingDate": "2010-04-29",
    "acceptedDate": "2010-04-29 14:44:17",
    "calendarYear": "2010",
    "period": "Q1",
    "revenue": 1329500000,
    "costOfRevenue": 820000000,
    "grossProfit": 509500000,
    "grossProfitRatio": 0.383226777,
    "researchAndDevelopmentExpenses": 0,
    "generalAndAdministrativeExpenses": 0,
    "sellingAndMarketingExpenses": 0,
    "sellingGeneralAndAdministrativeExpenses": 245000000,
    "otherExpenses": 0,
    "operatingExpenses": 245000000,
    "costAndExpenses": 1065000000,
    "interestIncome": 400000,
    "interestExpense": 18100000,
    "depreciationAndAmortization": 40200000,
    "ebitda": 304600000,
    "ebitdaratio": 0.2291086875,
    "operatingIncome": 264900000,
    "operatingIncomeRatio": 0.1992478375,
    "totalOtherIncomeExpensesNet": -18200000,
    "incomeBeforeTax": 246300000,
    "incomeBeforeTaxRatio": 0.1852576156,
    "incomeTaxExpense": 80100000,
    "netIncome": 166200000,
    "netIncomeRatio": 0.125009402,
    "eps": 1.27,
    "epsdiluted": 1.27,
    "weightedAverageShsOut": 130400000,
    "weightedAverageShsOutDil": 130700000,
    "link": "https://www.sec.gov/Archives/edgar/data/202058/000095012310040472/0000950123-10-040472-index.htm",
    "finalLink": "https://www.sec.gov/Archives/edgar/data/202058/000095012310040472/g22682e10vq.htm"
  },
  {
    "date": "2010-01-01",
    "symbol": "LHX",
    "reportedCurrency": "USD",
    "cik": "0000202058",
    "fillingDate": "2010-01-28",
    "acceptedDate": "2010-01-28 16:44:34",
    "calendarYear": "2009",
    "period": "Q4",
    "revenue": 1217700000,
    "costOfRevenue": 778600000,
    "grossProfit": 439100000,
    "grossProfitRatio": 0.3605978484,
    "researchAndDevelopmentExpenses": 0,
    "generalAndAdministrativeExpenses": 0,
    "sellingAndMarketingExpenses": 0,
    "sellingGeneralAndAdministrativeExpenses": 215700000,
    "otherExpenses": -300000,
    "operatingExpenses": 215700000,
    "costAndExpenses": 994300000,
    "interestIncome": 300000,
    "interestExpense": 18200000,
    "depreciationAndAmortization": 38700000,
    "ebitda": 262100000,
    "ebitdaratio": 0.2152418494,
    "operatingIncome": 223400000,
    "operatingIncomeRatio": 0.1834606225,
    "totalOtherIncomeExpensesNet": -18200000,
    "incomeBeforeTax": 205200000,
    "incomeBeforeTaxRatio": 0.1685144124,
    "incomeTaxExpense": 65700000,
    "netIncome": 139500000,
    "netIncomeRatio": 0.1145602365,
    "eps": 1.07,
    "epsdiluted": 1.06,
    "weightedAverageShsOut": 130900000,
    "weightedAverageShsOutDil": 131300000,
    "link": "https://www.sec.gov/Archives/edgar/data/202058/000095012310006167/0000950123-10-006167-index.htm",
    "finalLink": "https://www.sec.gov/Archives/edgar/data/202058/000095012310006167/g21666e10vq.htm"
  },
  {
    "date": "2009-10-02",
    "symbol": "LHX",
    "reportedCurrency": "USD",
    "cik": "0000202058",
    "fillingDate": "2009-10-28",
    "acceptedDate": "2009-10-28 17:18:24",
    "calendarYear": "2009",
    "period": "Q3",
    "revenue": 1203000000,
    "costOfRevenue": 812100000,
    "grossProfit": 390900000,
    "grossProfitRatio": 0.3249376559,
    "researchAndDevelopmentExpenses": 0,
    "generalAndAdministrativeExpenses": 0,
    "sellingAndMarketingExpenses": 0,
    "sellingGeneralAndAdministrativeExpenses": 0,
    "otherExpenses": 0,
    "operatingExpenses": 212100000,
    "costAndExpenses": 1024200000,
    "interestIncome": 400000,
    "interestExpense": 18200000,
    "depreciationAndAmortization": 42100000,
    "ebitda": 221100000,
    "ebitdaratio": 0.1837905237,
    "operatingIncome": 179200000,
    "operatingIncomeRatio": 0.148960931,
    "totalOtherIncomeExpensesNet": -18000000,
    "incomeBeforeTax": 160800000,
    "incomeBeforeTaxRatio": 0.1336658354,
    "incomeTaxExpense": 56300000,
    "netIncome": 104500000,
    "netIncomeRatio": 0.0868661679,
    "eps": 0.79,
    "epsdiluted": 0.79,
    "weightedAverageShsOut": 131800000,
    "weightedAverageShsOutDil": 131900000,
    "link": "https://www.sec.gov/Archives/edgar/data/202058/000095012309054254/0000950123-09-054254-index.htm",
    "finalLink": "https://www.sec.gov/Archives/edgar/data/202058/000095012309054254/g20630e10vq.htm"
  },
  {
    "date": "2009-07-03",
    "symbol": "LHX",
    "reportedCurrency": "USD",
    "cik": "0000202058",
    "fillingDate": "2009-08-31",
    "acceptedDate": "2009-08-31 17:09:07",
    "calendarYear": "2009",
    "period": "Q2",
    "revenue": 752200000,
    "costOfRevenue": 478300000,
    "grossProfit": 273900000,
    "grossProfitRatio": 0.3641318798,
    "researchAndDevelopmentExpenses": 0,
    "generalAndAdministrativeExpenses": 0,
    "sellingAndMarketingExpenses": 0,
    "sellingGeneralAndAdministrativeExpenses": 74300000,
    "otherExpenses": 0,
    "operatingExpenses": 74300000,
    "costAndExpenses": 552600000,
    "interestIncome": -500000,
    "interestExpense": 11800000,
    "depreciationAndAmortization": 50200000,
    "ebitda": 249300000,
    "ebitdaratio": 0.3314278118,
    "operatingIncome": 199100000,
    "operatingIncomeRatio": 0.264690242,
    "totalOtherIncomeExpensesNet": 32300000,
    "incomeBeforeTax": 231900000,
    "incomeBeforeTaxRatio": 0.308295666,
    "incomeTaxExpense": -41300000,
    "netIncome": -156400000,
    "netIncomeRatio": -0.2079234246,
    "eps": -1.18,
    "epsdiluted": -1.17,
    "weightedAverageShsOut": 132500000,
    "weightedAverageShsOutDil": 133150000,
    "link": "https://www.sec.gov/Archives/edgar/data/202058/000095012309039868/0000950123-09-039868-index.htm",
    "finalLink": "https://www.sec.gov/Archives/edgar/data/202058/000095012309039868/g20164e10vk.htm"
  },
  {
    "date": "2009-04-03",
    "symbol": "LHX",
    "reportedCurrency": "USD",
    "cik": "0000202058",
    "fillingDate": "2009-05-12",
    "acceptedDate": "2009-05-12 16:43:25",
    "calendarYear": "2009",
    "period": "Q1",
    "revenue": 1205100000,
    "costOfRevenue": 813300000,
    "grossProfit": 391800000,
    "grossProfitRatio": 0.3251182474,
    "researchAndDevelopmentExpenses": 0,
    "generalAndAdministrativeExpenses": 0,
    "sellingAndMarketingExpenses": 0,
    "sellingGeneralAndAdministrativeExpenses": 240100000,
    "otherExpenses": 0,
    "operatingExpenses": 188400000,
    "costAndExpenses": 1001700000,
    "interestIncome": 700000,
    "interestExpense": 12600000,
    "depreciationAndAmortization": 41800000,
    "ebitda": 252500000,
    "ebitdaratio": 0.2095261804,
    "operatingIncome": 204100000,
    "operatingIncomeRatio": 0.1693635383,
    "totalOtherIncomeExpensesNet": -5300000,
    "incomeBeforeTax": 198100000,
    "incomeBeforeTaxRatio": 0.1643846984,
    "incomeTaxExpense": 62200000,
    "netIncome": 114200000,
    "netIncomeRatio": 0.09476392,
    "eps": 0.86,
    "epsdiluted": 0.86,
    "weightedAverageShsOut": 132700000,
    "weightedAverageShsOutDil": 133100000,
    "link": "https://www.sec.gov/Archives/edgar/data/202058/000095014409004231/0000950144-09-004231-index.htm",
    "finalLink": "https://www.sec.gov/Archives/edgar/data/202058/000095014409004231/g19010e10vq.htm"
  },
  {
    "date": "2009-01-02",
    "symbol": "LHX",
    "reportedCurrency": "USD",
    "cik": "0000202058",
    "fillingDate": "2009-02-10",
    "acceptedDate": "2009-02-10 16:24:35",
    "calendarYear": "2008",
    "period": "Q4",
    "revenue": 1333200000,
    "costOfRevenue": 925300000,
    "grossProfit": 407900000,
    "grossProfitRatio": 0.3059555956,
    "researchAndDevelopmentExpenses": 0,
    "generalAndAdministrativeExpenses": 0,
    "sellingAndMarketingExpenses": 0,
    "sellingGeneralAndAdministrativeExpenses": 236600000,
    "otherExpenses": 0,
    "operatingExpenses": 191800000,
    "costAndExpenses": 1117100000,
    "interestIncome": 900000,
    "interestExpense": 13800000,
    "depreciationAndAmortization": 43200000,
    "ebitda": 259500000,
    "ebitdaratio": 0.1946444644,
    "operatingIncome": 217000000,
    "operatingIncomeRatio": 0.1627662766,
    "totalOtherIncomeExpensesNet": -13600000,
    "incomeBeforeTax": 202500000,
    "incomeBeforeTaxRatio": 0.151890189,
    "incomeTaxExpense": 61900000,
    "netIncome": -38600000,
    "netIncomeRatio": -0.0289528953,
    "eps": -0.29,
    "epsdiluted": -0.29,
    "weightedAverageShsOut": 133300000,
    "weightedAverageShsOutDil": 133300000,
    "link": "https://www.sec.gov/Archives/edgar/data/202058/000095014409001119/0000950144-09-001119-index.htm",
    "finalLink": "https://www.sec.gov/Archives/edgar/data/202058/000095014409001119/g17294e10vq.htm"
  },
  {
    "date": "2008-09-26",
    "symbol": "LHX",
    "reportedCurrency": "USD",
    "cik": "0000202058",
    "fillingDate": "2008-11-04",
    "acceptedDate": "2008-11-04 14:52:10",
    "calendarYear": "2008",
    "period": "Q3",
    "revenue": 1172600000,
    "costOfRevenue": 791900000,
    "grossProfit": 380700000,
    "grossProfitRatio": 0.3246631417,
    "researchAndDevelopmentExpenses": 0,
    "generalAndAdministrativeExpenses": 0,
    "sellingAndMarketingExpenses": 0,
    "sellingGeneralAndAdministrativeExpenses": 240300000,
    "otherExpenses": 0,
    "operatingExpenses": 189600000,
    "costAndExpenses": 981500000,
    "interestIncome": 1000000,
    "interestExpense": 12400000,
    "depreciationAndAmortization": 42500000,
    "ebitda": 226500000,
    "ebitdaratio": 0.193160498,
    "operatingIncome": 192100000,
    "operatingIncomeRatio": 0.1638239809,
    "totalOtherIncomeExpensesNet": -19500000,
    "incomeBeforeTax": 171600000,
    "incomeBeforeTaxRatio": 0.1463414634,
    "incomeTaxExpense": 52200000,
    "netIncome": 118700000,
    "netIncomeRatio": 0.1012280403,
    "eps": 0.89,
    "epsdiluted": 0.88,
    "weightedAverageShsOut": 134000000,
    "weightedAverageShsOutDil": 134700000,
    "link": "https://www.sec.gov/Archives/edgar/data/202058/000095014408008093/0000950144-08-008093-index.htm",
    "finalLink": "https://www.sec.gov/Archives/edgar/data/202058/000095014408008093/g16315e10vq.htm"
  },
  {
    "date": "2008-06-27",
    "symbol": "LHX",
    "reportedCurrency": "USD",
    "cik": "0000202058",
    "fillingDate": "2008-08-26",
    "acceptedDate": "2008-08-25 17:56:07",
    "calendarYear": "2008",
    "period": "Q2",
    "revenue": 1433200000,
    "costOfRevenue": 990000000,
    "grossProfit": 443200000,
    "grossProfitRatio": 0.3092380687,
    "researchAndDevelopmentExpenses": 0,
    "generalAndAdministrativeExpenses": 0,
    "sellingAndMarketingExpenses": 0,
    "sellingGeneralAndAdministrativeExpenses": 270200000,
    "otherExpenses": 0,
    "operatingExpenses": 270200000,
    "costAndExpenses": 1260200000,
    "interestIncome": 0,
    "interestExpense": 0,
    "depreciationAndAmortization": 46400000,
    "ebitda": 216500000,
    "ebitdaratio": 0.1510605638,
    "operatingIncome": 170100000,
    "operatingIncomeRatio": 0.1186854591,
    "totalOtherIncomeExpensesNet": -8400000,
    "incomeBeforeTax": 164600000,
    "incomeBeforeTaxRatio": 0.1148478928,
    "incomeTaxExpense": 52500000,
    "netIncome": 121700000,
    "netIncomeRatio": 0.0849148758,
    "eps": 0.91,
    "epsdiluted": 0.9,
    "weightedAverageShsOut": 133950000,
    "weightedAverageShsOutDil": 135600000,
    "link": "https://www.sec.gov/Archives/edgar/data/202058/000095014408006698/0000950144-08-006698-index.htm",
    "finalLink": "https://www.sec.gov/Archives/edgar/data/202058/000095014408006698/g14665e10vk.htm"
  },
  {
    "date": "2008-03-28",
    "symbol": "LHX",
    "reportedCurrency": "USD",
    "cik": "0000202058",
    "fillingDate": "2008-05-06",
    "acceptedDate": "2008-05-06 14:02:53",
    "calendarYear": "2008",
    "period": "Q1",
    "revenue": 1329600000,
    "costOfRevenue": 933900000,
    "grossProfit": 395700000,
    "grossProfitRatio": 0.2976083032,
    "researchAndDevelopmentExpenses": 0,
    "generalAndAdministrativeExpenses": 0,
    "sellingAndMarketingExpenses": 0,
    "sellingGeneralAndAdministrativeExpenses": 236400000,
    "otherExpenses": 0,
    "operatingExpenses": 236400000,
    "costAndExpenses": 1170300000,
    "interestIncome": 1900000,
    "interestExpense": 13900000,
    "depreciationAndAmortization": 41600000,
    "ebitda": 205600000,
    "ebitdaratio": 0.1546329723,
    "operatingIncome": 161200000,
    "operatingIncomeRatio": 0.1212394705,
    "totalOtherIncomeExpensesNet": -9200000,
    "incomeBeforeTax": 150100000,
    "incomeBeforeTaxRatio": 0.1128910951,
    "incomeTaxExpense": 38900000,
    "netIncome": 108000000,
    "netIncomeRatio": 0.0812274368,
    "eps": 0.8,
    "epsdiluted": 0.78,
    "weightedAverageShsOut": 134600000,
    "weightedAverageShsOutDil": 136200000,
    "link": "https://www.sec.gov/Archives/edgar/data/202058/000095014408003647/0000950144-08-003647-index.htm",
    "finalLink": "https://www.sec.gov/Archives/edgar/data/202058/000095014408003647/g12407e10vq.htm"
  },
  {
    "date": "2007-12-28",
    "symbol": "LHX",
    "reportedCurrency": "USD",
    "cik": "0000202058",
    "fillingDate": "2008-02-05",
    "acceptedDate": "2008-02-05 14:57:04",
    "calendarYear": "2007",
    "period": "Q4",
    "revenue": 1317700000,
    "costOfRevenue": 908200000,
    "grossProfit": 409500000,
    "grossProfitRatio": 0.3107687638,
    "researchAndDevelopmentExpenses": 0,
    "generalAndAdministrativeExpenses": 0,
    "sellingAndMarketingExpenses": 0,
    "sellingGeneralAndAdministrativeExpenses": 230300000,
    "otherExpenses": 0,
    "operatingExpenses": 230300000,
    "costAndExpenses": 1138500000,
    "interestIncome": 0,
    "interestExpense": 0,
    "depreciationAndAmortization": 42300000,
    "ebitda": 217200000,
    "ebitdaratio": 0.164832663,
    "operatingIncome": 174900000,
    "operatingIncomeRatio": 0.1327312742,
    "totalOtherIncomeExpensesNet": -8000000,
    "incomeBeforeTax": 171200000,
    "incomeBeforeTaxRatio": 0.1299233513,
    "incomeTaxExpense": 57300000,
    "netIncome": 114300000,
    "netIncomeRatio": 0.0867420505,
    "eps": 0.84,
    "epsdiluted": 0.83,
    "weightedAverageShsOut": 135700000,
    "weightedAverageShsOutDil": 137600000,
    "link": "https://www.sec.gov/Archives/edgar/data/202058/000095014408000653/0000950144-08-000653-index.htm",
    "finalLink": "https://www.sec.gov/Archives/edgar/data/202058/000095014408000653/g11375e10vq.htm"
  },
  {
    "date": "2007-09-28",
    "symbol": "LHX",
    "reportedCurrency": "USD",
    "cik": "0000202058",
    "fillingDate": "2007-11-06",
    "acceptedDate": "2007-11-06 16:05:58",
    "calendarYear": "2007",
    "period": "Q3",
    "revenue": 1230500000,
    "costOfRevenue": 849600000,
    "grossProfit": 380900000,
    "grossProfitRatio": 0.3095489638,
    "researchAndDevelopmentExpenses": 0,
    "generalAndAdministrativeExpenses": 0,
    "sellingAndMarketingExpenses": 0,
    "sellingGeneralAndAdministrativeExpenses": 216900000,
    "otherExpenses": 0,
    "operatingExpenses": 216900000,
    "costAndExpenses": 1066500000,
    "interestIncome": 0,
    "interestExpense": 0,
    "depreciationAndAmortization": 41900000,
    "ebitda": 204200000,
    "ebitdaratio": 0.1659488013,
    "operatingIncome": 162300000,
    "operatingIncomeRatio": 0.1318976026,
    "totalOtherIncomeExpensesNet": -11400000,
    "incomeBeforeTax": 152600000,
    "incomeBeforeTaxRatio": 0.1240146282,
    "incomeTaxExpense": 52800000,
    "netIncome": 100200000,
    "netIncomeRatio": 0.0814303129,
    "eps": 0.76,
    "epsdiluted": 0.73,
    "weightedAverageShsOut": 132600000,
    "weightedAverageShsOutDil": 137900000,
    "link": "https://www.sec.gov/Archives/edgar/data/202058/000095014407009944/0000950144-07-009944-index.htm",
    "finalLink": "https://www.sec.gov/Archives/edgar/data/202058/000095014407009944/g09912e10vq.htm"
  },
  {
    "date": "2007-06-29",
    "symbol": "LHX",
    "reportedCurrency": "USD",
    "cik": "0000202058",
    "fillingDate": "2007-08-27",
    "acceptedDate": "2007-08-27 15:38:51",
    "calendarYear": "2007",
    "period": "Q2",
    "revenue": 1207600000,
    "costOfRevenue": 827400000,
    "grossProfit": 380200000,
    "grossProfitRatio": 0.3148393508,
    "researchAndDevelopmentExpenses": 0,
    "generalAndAdministrativeExpenses": 0,
    "sellingAndMarketingExpenses": 0,
    "sellingGeneralAndAdministrativeExpenses": 238400000,
    "otherExpenses": 0,
    "operatingExpenses": 238400000,
    "costAndExpenses": 1065800000,
    "interestIncome": 0,
    "interestExpense": 0,
    "depreciationAndAmortization": 46100000,
    "ebitda": 188300000,
    "ebitdaratio": 0.1559291156,
    "operatingIncome": 142200000,
    "operatingIncomeRatio": 0.1177542233,
    "totalOtherIncomeExpensesNet": -7300000,
    "incomeBeforeTax": 134500000,
    "incomeBeforeTaxRatio": 0.1113779397,
    "incomeTaxExpense": 50800000,
    "netIncome": 87600000,
    "netIncomeRatio": 0.0725405763,
    "eps": 0.66,
    "epsdiluted": 0.62,
    "weightedAverageShsOut": 132670799,
    "weightedAverageShsOutDil": 140879155,
    "link": "https://www.sec.gov/Archives/edgar/data/202058/000095014407008190/0000950144-07-008190-index.htm",
    "finalLink": "https://www.sec.gov/Archives/edgar/data/202058/000095014407008190/g08574e10vk.htm"
  },
  {
    "date": "2007-03-30",
    "symbol": "LHX",
    "reportedCurrency": "USD",
    "cik": "0000202058",
    "fillingDate": "2007-05-08",
    "acceptedDate": "2007-05-08 16:52:33",
    "calendarYear": "2007",
    "period": "Q1",
    "revenue": 1072400000,
    "costOfRevenue": 719100000,
    "grossProfit": 353300000,
    "grossProfitRatio": 0.3294479672,
    "researchAndDevelopmentExpenses": 0,
    "generalAndAdministrativeExpenses": 0,
    "sellingAndMarketingExpenses": 0,
    "sellingGeneralAndAdministrativeExpenses": 241500000,
    "otherExpenses": 0,
    "operatingExpenses": 241500000,
    "costAndExpenses": 960600000,
    "interestIncome": 0,
    "interestExpense": 0,
    "depreciationAndAmortization": 34300000,
    "ebitda": -20100000,
    "ebitdaratio": -0.0187430063,
    "operatingIncome": -54400000,
    "operatingIncomeRatio": -0.0507273405,
    "totalOtherIncomeExpensesNet": 269300000,
    "incomeBeforeTax": 272100000,
    "incomeBeforeTaxRatio": 0.2537299515,
    "incomeTaxExpense": 63800000,
    "netIncome": 214900000,
    "netIncomeRatio": 0.2003916449,
    "eps": 1.62,
    "epsdiluted": 1.52,
    "weightedAverageShsOut": 133000000,
    "weightedAverageShsOutDil": 141700000,
    "link": "https://www.sec.gov/Archives/edgar/data/202058/000095014407004406/0000950144-07-004406-index.htm",
    "finalLink": "https://www.sec.gov/Archives/edgar/data/202058/000095014407004406/g06921e10vq.htm"
  },
  {
    "date": "2006-12-29",
    "symbol": "LHX",
    "reportedCurrency": "USD",
    "cik": "0000202058",
    "fillingDate": "2007-01-31",
    "acceptedDate": "2007-01-31 15:56:00",
    "calendarYear": "2006",
    "period": "Q4",
    "revenue": 1016200000,
    "costOfRevenue": 683700000,
    "grossProfit": 332500000,
    "grossProfitRatio": 0.3271993702,
    "researchAndDevelopmentExpenses": 0,
    "generalAndAdministrativeExpenses": 0,
    "sellingAndMarketingExpenses": 0,
    "sellingGeneralAndAdministrativeExpenses": 181400000,
    "otherExpenses": 0,
    "operatingExpenses": 181400000,
    "costAndExpenses": 865100000,
    "interestIncome": 0,
    "interestExpense": 0,
    "depreciationAndAmortization": 27500000,
    "ebitda": 178800000,
    "ebitdaratio": 0.1759496162,
    "operatingIncome": 151300000,
    "operatingIncomeRatio": 0.1488880142,
    "totalOtherIncomeExpensesNet": -7500000,
    "incomeBeforeTax": 143600000,
    "incomeBeforeTaxRatio": 0.1413107656,
    "incomeTaxExpense": 49600000,
    "netIncome": 94000000,
    "netIncomeRatio": 0.0925014761,
    "eps": 0.71,
    "epsdiluted": 0.67,
    "weightedAverageShsOut": 132900000,
    "weightedAverageShsOutDil": 141600000,
    "link": "https://www.sec.gov/Archives/edgar/data/202058/000095014407000694/0000950144-07-000694-index.htm",
    "finalLink": "https://www.sec.gov/Archives/edgar/data/202058/000095014407000694/g05199e10vq.htm"
  },
  {
    "date": "2006-09-29",
    "symbol": "LHX",
    "reportedCurrency": "USD",
    "cik": "0000202058",
    "fillingDate": "2006-10-26",
    "acceptedDate": "2006-10-26 15:36:52",
    "calendarYear": "2006",
    "period": "Q3",
    "revenue": 946800000,
    "costOfRevenue": 640900000,
    "grossProfit": 305900000,
    "grossProfitRatio": 0.3230882974,
    "researchAndDevelopmentExpenses": 0,
    "generalAndAdministrativeExpenses": 0,
    "sellingAndMarketingExpenses": 0,
    "sellingGeneralAndAdministrativeExpenses": 169400000,
    "otherExpenses": 0,
    "operatingExpenses": 169400000,
    "costAndExpenses": 810300000,
    "interestIncome": 0,
    "interestExpense": 0,
    "depreciationAndAmortization": 27300000,
    "ebitda": 182300000,
    "ebitdaratio": 0.1925433038,
    "operatingIncome": 155000000,
    "operatingIncomeRatio": 0.1637093367,
    "totalOtherIncomeExpensesNet": -25900000,
    "incomeBeforeTax": 110600000,
    "incomeBeforeTaxRatio": 0.1168145332,
    "incomeTaxExpense": 26700000,
    "netIncome": 83900000,
    "netIncomeRatio": 0.0886142797,
    "eps": 0.63,
    "epsdiluted": 0.6,
    "weightedAverageShsOut": 132900000,
    "weightedAverageShsOutDil": 141700000,
    "link": "https://www.sec.gov/Archives/edgar/data/202058/000095014406009823/0000950144-06-009823-index.htm",
    "finalLink": "https://www.sec.gov/Archives/edgar/data/202058/000095014406009823/g02641e10vq.htm"
  },
  {
    "date": "2006-06-30",
    "symbol": "LHX",
    "reportedCurrency": "USD",
    "cik": "0000202058",
    "fillingDate": "2006-09-07",
    "acceptedDate": "2006-09-06 19:35:48",
    "calendarYear": "2006",
    "period": "Q2",
    "revenue": 992400000,
    "costOfRevenue": 651400000,
    "grossProfit": 341000000,
    "grossProfitRatio": 0.343611447,
    "researchAndDevelopmentExpenses": 0,
    "generalAndAdministrativeExpenses": 0,
    "sellingAndMarketingExpenses": 0,
    "sellingGeneralAndAdministrativeExpenses": 205100000,
    "otherExpenses": 0,
    "operatingExpenses": 205100000,
    "costAndExpenses": 856500000,
    "interestIncome": 0,
    "interestExpense": 0,
    "depreciationAndAmortization": 28800000,
    "ebitda": 165100000,
    "ebitdaratio": 0.1663643692,
    "operatingIncome": 136300000,
    "operatingIncomeRatio": 0.137343813,
    "totalOtherIncomeExpensesNet": -7000000,
    "incomeBeforeTax": 128900000,
    "incomeBeforeTaxRatio": 0.1298871423,
    "incomeTaxExpense": 43800000,
    "netIncome": 85100000,
    "netIncomeRatio": 0.085751713,
    "eps": 0.64,
    "epsdiluted": 0.6,
    "weightedAverageShsOut": 132900000,
    "weightedAverageShsOutDil": 141650000,
    "link": "https://www.sec.gov/Archives/edgar/data/202058/000095014406008540/0000950144-06-008540-index.htm",
    "finalLink": "https://www.sec.gov/Archives/edgar/data/202058/000095014406008540/g02416e10vk.htm"
  },
  {
    "date": "2006-03-31",
    "symbol": "LHX",
    "reportedCurrency": "USD",
    "cik": "0000202058",
    "fillingDate": "2006-05-02",
    "acceptedDate": "2006-05-02 12:19:00",
    "calendarYear": "2006",
    "period": "Q1",
    "revenue": 881100000,
    "costOfRevenue": 584200000,
    "grossProfit": 296900000,
    "grossProfitRatio": 0.3369651572,
    "researchAndDevelopmentExpenses": 0,
    "generalAndAdministrativeExpenses": 0,
    "sellingAndMarketingExpenses": 0,
    "sellingGeneralAndAdministrativeExpenses": 177800000,
    "otherExpenses": 0,
    "operatingExpenses": 177800000,
    "costAndExpenses": 762000000,
    "interestIncome": 0,
    "interestExpense": 0,
    "depreciationAndAmortization": 25100000,
    "ebitda": 144200000,
    "ebitdaratio": 0.1636590625,
    "operatingIncome": 119100000,
    "operatingIncomeRatio": 0.1351719442,
    "totalOtherIncomeExpensesNet": -7800000,
    "incomeBeforeTax": 111300000,
    "incomeBeforeTaxRatio": 0.1263193735,
    "incomeTaxExpense": 38800000,
    "netIncome": 72500000,
    "netIncomeRatio": 0.0822835092,
    "eps": 0.54,
    "epsdiluted": 0.52,
    "weightedAverageShsOut": 133200000,
    "weightedAverageShsOutDil": 142000000,
    "link": "https://www.sec.gov/Archives/edgar/data/202058/000095014406004258/0000950144-06-004258-index.htm",
    "finalLink": "https://www.sec.gov/Archives/edgar/data/202058/000095014406004258/g01146e10vq.htm"
  },
  {
    "date": "2005-12-30",
    "symbol": "LHX",
    "reportedCurrency": "USD",
    "cik": "0000202058",
    "fillingDate": "2006-01-26",
    "acceptedDate": "2006-01-26 15:36:40",
    "calendarYear": "2005",
    "period": "Q4",
    "revenue": 841600000,
    "costOfRevenue": 605600000,
    "grossProfit": 236000000,
    "grossProfitRatio": 0.280418251,
    "researchAndDevelopmentExpenses": 0,
    "generalAndAdministrativeExpenses": 0,
    "sellingAndMarketingExpenses": 0,
    "sellingGeneralAndAdministrativeExpenses": 167700000,
    "otherExpenses": 0,
    "operatingExpenses": 167700000,
    "costAndExpenses": 773300000,
    "interestIncome": 0,
    "interestExpense": 0,
    "depreciationAndAmortization": 24300000,
    "ebitda": 92800000,
    "ebitdaratio": 0.1102661597,
    "operatingIncome": 68500000,
    "operatingIncomeRatio": 0.0813925856,
    "totalOtherIncomeExpensesNet": -7300000,
    "incomeBeforeTax": 61000000,
    "incomeBeforeTaxRatio": 0.0724809886,
    "incomeTaxExpense": 31000000,
    "netIncome": 30000000,
    "netIncomeRatio": 0.0356463878,
    "eps": 0.23,
    "epsdiluted": 0.22,
    "weightedAverageShsOut": 132900000,
    "weightedAverageShsOutDil": 141700000,
    "link": "https://www.sec.gov/Archives/edgar/data/202058/000095014406000542/0000950144-06-000542-index.htm",
    "finalLink": "https://www.sec.gov/Archives/edgar/data/202058/000095014406000542/g99237e10vq.htm"
  },
  {
    "date": "2005-09-30",
    "symbol": "LHX",
    "reportedCurrency": "USD",
    "cik": "0000202058",
    "fillingDate": "2005-10-27",
    "acceptedDate": "2005-10-27 14:23:45",
    "calendarYear": "2005",
    "period": "Q3",
    "revenue": 759700000,
    "costOfRevenue": 536600000,
    "grossProfit": 223100000,
    "grossProfitRatio": 0.2936685534,
    "researchAndDevelopmentExpenses": 0,
    "generalAndAdministrativeExpenses": 0,
    "sellingAndMarketingExpenses": 0,
    "sellingGeneralAndAdministrativeExpenses": 139700000,
    "otherExpenses": 0,
    "operatingExpenses": 139700000,
    "costAndExpenses": 676300000,
    "interestIncome": 0,
    "interestExpense": 0,
    "depreciationAndAmortization": 20200000,
    "ebitda": 104100000,
    "ebitdaratio": 0.1370277741,
    "operatingIncome": 83900000,
    "operatingIncomeRatio": 0.1104383309,
    "totalOtherIncomeExpensesNet": -3800000,
    "incomeBeforeTax": 79600000,
    "incomeBeforeTaxRatio": 0.1047782019,
    "incomeTaxExpense": 29300000,
    "netIncome": 50300000,
    "netIncomeRatio": 0.0662103462,
    "eps": 0.38,
    "epsdiluted": 0.36,
    "weightedAverageShsOut": 132500000,
    "weightedAverageShsOutDil": 141100000,
    "link": "https://www.sec.gov/Archives/edgar/data/202058/000095015205008471/0000950152-05-008471-index.htm",
    "finalLink": "https://www.sec.gov/Archives/edgar/data/202058/000095015205008471/l16527ae10vq.htm"
  },
  {
    "date": "2005-07-01",
    "symbol": "LHX",
    "reportedCurrency": "USD",
    "cik": "0000202058",
    "fillingDate": "2005-09-02",
    "acceptedDate": "2005-09-02 16:55:16",
    "calendarYear": "2005",
    "period": "Q2",
    "revenue": 821900000,
    "costOfRevenue": 585100000,
    "grossProfit": 236800000,
    "grossProfitRatio": 0.2881129091,
    "researchAndDevelopmentExpenses": 0,
    "generalAndAdministrativeExpenses": 0,
    "sellingAndMarketingExpenses": 0,
    "sellingGeneralAndAdministrativeExpenses": 141400000,
    "otherExpenses": 0,
    "operatingExpenses": 141400000,
    "costAndExpenses": 726500000,
    "interestIncome": 0,
    "interestExpense": 0,
    "depreciationAndAmortization": 21000000,
    "ebitda": 116500000,
    "ebitdaratio": 0.1417447378,
    "operatingIncome": 95500000,
    "operatingIncomeRatio": 0.1161941842,
    "totalOtherIncomeExpensesNet": -4000000,
    "incomeBeforeTax": 91400000,
    "incomeBeforeTaxRatio": 0.1112057428,
    "incomeTaxExpense": 30200000,
    "netIncome": 61200000,
    "netIncomeRatio": 0.0744616133,
    "eps": 0.46,
    "epsdiluted": 0.44,
    "weightedAverageShsOut": 132763158,
    "weightedAverageShsOutDil": 139796576,
    "link": "https://www.sec.gov/Archives/edgar/data/202058/000095015205007458/0000950152-05-007458-index.htm",
    "finalLink": "https://www.sec.gov/Archives/edgar/data/202058/000095015205007458/l15252ae10vk.htm"
  },
  {
    "date": "2005-04-01",
    "symbol": "LHX",
    "reportedCurrency": "USD",
    "cik": "0000202058",
    "fillingDate": "2005-04-27",
    "acceptedDate": "2005-04-27 11:54:17",
    "calendarYear": "2005",
    "period": "Q1",
    "revenue": 772100000,
    "costOfRevenue": 547400000,
    "grossProfit": 224700000,
    "grossProfitRatio": 0.2910244787,
    "researchAndDevelopmentExpenses": 0,
    "generalAndAdministrativeExpenses": 0,
    "sellingAndMarketingExpenses": 0,
    "sellingGeneralAndAdministrativeExpenses": 136000000,
    "otherExpenses": 0,
    "operatingExpenses": 136000000,
    "costAndExpenses": 683400000,
    "interestIncome": 0,
    "interestExpense": 0,
    "depreciationAndAmortization": 20600000,
    "ebitda": 110300000,
    "ebitdaratio": 0.1428571429,
    "operatingIncome": 89700000,
    "operatingIncomeRatio": 0.1161766611,
    "totalOtherIncomeExpensesNet": -5500000,
    "incomeBeforeTax": 83200000,
    "incomeBeforeTaxRatio": 0.1077580624,
    "incomeTaxExpense": 27400000,
    "netIncome": 55800000,
    "netIncomeRatio": 0.0722704313,
    "eps": 0.42,
    "epsdiluted": 0.4,
    "weightedAverageShsOut": 132800000,
    "weightedAverageShsOutDil": 141400000,
    "link": "https://www.sec.gov/Archives/edgar/data/202058/000095015205003585/0000950152-05-003585-index.htm",
    "finalLink": "https://www.sec.gov/Archives/edgar/data/202058/000095015205003585/l13314ae10vq.htm"
  },
  {
    "date": "2004-12-31",
    "symbol": "LHX",
    "reportedCurrency": "USD",
    "cik": "0000202058",
    "fillingDate": "2005-01-27",
    "acceptedDate": "2005-01-27 12:00:04",
    "calendarYear": "2004",
    "period": "Q4",
    "revenue": 737200000,
    "costOfRevenue": 540200000,
    "grossProfit": 197000000,
    "grossProfitRatio": 0.2672273467,
    "researchAndDevelopmentExpenses": 0,
    "generalAndAdministrativeExpenses": 0,
    "sellingAndMarketingExpenses": 0,
    "sellingGeneralAndAdministrativeExpenses": 124200000,
    "otherExpenses": 0,
    "operatingExpenses": 124200000,
    "costAndExpenses": 664400000,
    "interestIncome": 0,
    "interestExpense": 0,
    "depreciationAndAmortization": 24800000,
    "ebitda": 101100000,
    "ebitdaratio": 0.1371405317,
    "operatingIncome": 76300000,
    "operatingIncomeRatio": 0.1034997287,
    "totalOtherIncomeExpensesNet": -7900000,
    "incomeBeforeTax": 64900000,
    "incomeBeforeTaxRatio": 0.0880358112,
    "incomeTaxExpense": 19800000,
    "netIncome": 45100000,
    "netIncomeRatio": 0.0611774281,
    "eps": 0.34,
    "epsdiluted": 0.33,
    "weightedAverageShsOut": 132900000,
    "weightedAverageShsOutDil": 141700000,
    "link": "https://www.sec.gov/Archives/edgar/data/202058/000095015205000521/0000950152-05-000521-index.htm",
    "finalLink": "https://www.sec.gov/Archives/edgar/data/202058/000095015205000521/l11605ae10vq.htm"
  },
  {
    "date": "2004-10-01",
    "symbol": "LHX",
    "reportedCurrency": "USD",
    "cik": "0000202058",
    "fillingDate": "2004-10-21",
    "acceptedDate": "2004-10-21 16:21:38",
    "calendarYear": "2004",
    "period": "Q3",
    "revenue": 669400000,
    "costOfRevenue": 504100000,
    "grossProfit": 165300000,
    "grossProfitRatio": 0.246937556,
    "researchAndDevelopmentExpenses": 0,
    "generalAndAdministrativeExpenses": 0,
    "sellingAndMarketingExpenses": 0,
    "sellingGeneralAndAdministrativeExpenses": 101000000,
    "otherExpenses": 0,
    "operatingExpenses": 101000000,
    "costAndExpenses": 605100000,
    "interestIncome": 0,
    "interestExpense": 0,
    "depreciationAndAmortization": 14700000,
    "ebitda": 80700000,
    "ebitdaratio": 0.1205557215,
    "operatingIncome": 66000000,
    "operatingIncomeRatio": 0.0985957574,
    "totalOtherIncomeExpensesNet": -5400000,
    "incomeBeforeTax": 58900000,
    "incomeBeforeTaxRatio": 0.0879892441,
    "incomeTaxExpense": 18800000,
    "netIncome": 40100000,
    "netIncomeRatio": 0.059904392,
    "eps": 0.3,
    "epsdiluted": 0.29,
    "weightedAverageShsOut": 132500000,
    "weightedAverageShsOutDil": 140800000,
    "link": "https://www.sec.gov/Archives/edgar/data/202058/000095015204007534/0000950152-04-007534-index.htm",
    "finalLink": "https://www.sec.gov/Archives/edgar/data/202058/000095015204007534/l09822ae10vq.htm"
  },
  {
    "date": "2004-07-02",
    "symbol": "LHX",
    "reportedCurrency": "USD",
    "cik": "0000202058",
    "fillingDate": "2004-09-01",
    "acceptedDate": "2004-09-01 12:16:43",
    "calendarYear": "2004",
    "period": "Q2",
    "revenue": 686600000,
    "costOfRevenue": 520200000,
    "grossProfit": 166400000,
    "grossProfitRatio": 0.2423536266,
    "researchAndDevelopmentExpenses": 0,
    "generalAndAdministrativeExpenses": 0,
    "sellingAndMarketingExpenses": 0,
    "sellingGeneralAndAdministrativeExpenses": 112800000,
    "otherExpenses": 0,
    "operatingExpenses": 112800000,
    "costAndExpenses": 633000000,
    "interestIncome": 0,
    "interestExpense": 0,
    "depreciationAndAmortization": 14700000,
    "ebitda": 71900000,
    "ebitdaratio": 0.1047189047,
    "operatingIncome": 57200000,
    "operatingIncomeRatio": 0.0833090591,
    "totalOtherIncomeExpensesNet": -7800000,
    "incomeBeforeTax": 45800000,
    "incomeBeforeTaxRatio": 0.0667055054,
    "incomeTaxExpense": 14700000,
    "netIncome": 38200000,
    "netIncomeRatio": 0.0556364696,
    "eps": 0.29,
    "epsdiluted": 0.28,
    "weightedAverageShsOut": 132650000,
    "weightedAverageShsOutDil": 138853608,
    "link": "https://www.sec.gov/Archives/edgar/data/202058/000095015204006593/0000950152-04-006593-index.htm",
    "finalLink": "https://www.sec.gov/Archives/edgar/data/202058/000095015204006593/l09036ae10vk.htm"
  },
  {
    "date": "2004-04-02",
    "symbol": "LHX",
    "reportedCurrency": "USD",
    "cik": "0000202058",
    "fillingDate": "2004-04-28",
    "acceptedDate": "2004-04-28 10:19:20",
    "calendarYear": "2004",
    "period": "Q1",
    "revenue": 654000000,
    "costOfRevenue": 492700000,
    "grossProfit": 161300000,
    "grossProfitRatio": 0.2466360856,
    "researchAndDevelopmentExpenses": 0,
    "generalAndAdministrativeExpenses": 0,
    "sellingAndMarketingExpenses": 0,
    "sellingGeneralAndAdministrativeExpenses": 103600000,
    "otherExpenses": 0,
    "operatingExpenses": 103600000,
    "costAndExpenses": 596300000,
    "interestIncome": 0,
    "interestExpense": 0,
    "depreciationAndAmortization": 13300000,
    "ebitda": 72400000,
    "ebitdaratio": 0.1107033639,
    "operatingIncome": 59100000,
    "operatingIncomeRatio": 0.0903669725,
    "totalOtherIncomeExpensesNet": -5700000,
    "incomeBeforeTax": 52000000,
    "incomeBeforeTaxRatio": 0.0795107034,
    "incomeTaxExpense": 16600000,
    "netIncome": 35500000,
    "netIncomeRatio": 0.0542813456,
    "eps": 0.27,
    "epsdiluted": 0.26,
    "weightedAverageShsOut": 132400000,
    "weightedAverageShsOutDil": 134200000,
    "link": "https://www.sec.gov/Archives/edgar/data/202058/000095015204003278/0000950152-04-003278-index.htm",
    "finalLink": "https://www.sec.gov/Archives/edgar/data/202058/000095015204003278/l07044ae10vq.htm"
  },
  {
    "date": "2004-01-02",
    "symbol": "LHX",
    "reportedCurrency": "USD",
    "cik": "0000202058",
    "fillingDate": "2004-01-28",
    "acceptedDate": "2004-01-28 09:06:15",
    "calendarYear": "2003",
    "period": "Q4",
    "revenue": 593900000,
    "costOfRevenue": 440400000,
    "grossProfit": 153500000,
    "grossProfitRatio": 0.2584610204,
    "researchAndDevelopmentExpenses": 0,
    "generalAndAdministrativeExpenses": 0,
    "sellingAndMarketingExpenses": 0,
    "sellingGeneralAndAdministrativeExpenses": 101000000,
    "otherExpenses": 0,
    "operatingExpenses": 101000000,
    "costAndExpenses": 541400000,
    "interestIncome": 0,
    "interestExpense": 0,
    "depreciationAndAmortization": 13700000,
    "ebitda": 72200000,
    "ebitdaratio": 0.1215692878,
    "operatingIncome": 58500000,
    "operatingIncomeRatio": 0.0985014312,
    "totalOtherIncomeExpensesNet": -10800000,
    "incomeBeforeTax": 41700000,
    "incomeBeforeTaxRatio": 0.0702138407,
    "incomeTaxExpense": 10000000,
    "netIncome": 33100000,
    "netIncomeRatio": 0.0557332884,
    "eps": 0.25,
    "epsdiluted": 0.24,
    "weightedAverageShsOut": 132600000,
    "weightedAverageShsOutDil": 140200000,
    "link": "https://www.sec.gov/Archives/edgar/data/202058/000095015204000536/0000950152-04-000536-index.htm",
    "finalLink": "https://www.sec.gov/Archives/edgar/data/202058/000095015204000536/l05216be10vq.htm"
  },
  {
    "date": "2003-09-26",
    "symbol": "LHX",
    "reportedCurrency": "USD",
    "cik": "0000202058",
    "fillingDate": "2003-10-22",
    "acceptedDate": "2003-10-22 09:07:55",
    "calendarYear": "2003",
    "period": "Q3",
    "revenue": 547900000,
    "costOfRevenue": 413700000,
    "grossProfit": 134200000,
    "grossProfitRatio": 0.2449352072,
    "researchAndDevelopmentExpenses": 0,
    "generalAndAdministrativeExpenses": 0,
    "sellingAndMarketingExpenses": 0,
    "sellingGeneralAndAdministrativeExpenses": 91600000,
    "otherExpenses": 0,
    "operatingExpenses": 91600000,
    "costAndExpenses": 505300000,
    "interestIncome": 0,
    "interestExpense": 0,
    "depreciationAndAmortization": 13400000,
    "ebitda": 56000000,
    "ebitdaratio": 0.1022084322,
    "operatingIncome": 42600000,
    "operatingIncomeRatio": 0.0777514145,
    "totalOtherIncomeExpensesNet": -5000000,
    "incomeBeforeTax": 37600000,
    "incomeBeforeTaxRatio": 0.0686256616,
    "incomeTaxExpense": 12100000,
    "netIncome": 26000000,
    "netIncomeRatio": 0.0474539149,
    "eps": 0.2,
    "epsdiluted": 0.2,
    "weightedAverageShsOut": 132600000,
    "weightedAverageShsOutDil": 139800000,
    "link": "https://www.sec.gov/Archives/edgar/data/202058/000095015203008980/0000950152-03-008980-index.htm",
    "finalLink": "https://www.sec.gov/Archives/edgar/data/202058/000095015203008980/l03580ae10vq.htm"
  },
  {
    "date": "2003-06-27",
    "symbol": "LHX",
    "reportedCurrency": "USD",
    "cik": "0000202058",
    "fillingDate": "2003-08-28",
    "acceptedDate": "2003-08-28 16:50:20",
    "calendarYear": "2003",
    "period": "Q2",
    "revenue": 579700000,
    "costOfRevenue": 446700000,
    "grossProfit": 133000000,
    "grossProfitRatio": 0.229429015,
    "researchAndDevelopmentExpenses": 0,
    "generalAndAdministrativeExpenses": 0,
    "sellingAndMarketingExpenses": 0,
    "sellingGeneralAndAdministrativeExpenses": 128600000,
    "otherExpenses": 0,
    "operatingExpenses": 128600000,
    "costAndExpenses": 575300000,
    "interestIncome": 0,
    "interestExpense": 0,
    "depreciationAndAmortization": 15600000,
    "ebitda": 18400000,
    "ebitdaratio": 0.0317405555,
    "operatingIncome": 2800000,
    "operatingIncomeRatio": 0.0048300845,
    "totalOtherIncomeExpensesNet": -3400000,
    "incomeBeforeTax": 1000000,
    "incomeBeforeTaxRatio": 0.0017250302,
    "incomeTaxExpense": 300000,
    "netIncome": 700000,
    "netIncomeRatio": 0.0012075211,
    "eps": 0.0053,
    "epsdiluted": 0.0053,
    "weightedAverageShsOut": 132311111,
    "weightedAverageShsOutDil": 132511111,
    "link": "https://www.sec.gov/Archives/edgar/data/202058/000095015203007977/0000950152-03-007977-index.htm",
    "finalLink": "https://www.sec.gov/Archives/edgar/data/202058/000095015203007977/l02647ae10vk.htm"
  },
  {
    "date": "2003-03-28",
    "symbol": "LHX",
    "reportedCurrency": "USD",
    "cik": "0000202058",
    "fillingDate": "2003-05-06",
    "acceptedDate": "2003-05-06 16:44:15",
    "calendarYear": "2003",
    "period": "Q1",
    "revenue": 538900000,
    "costOfRevenue": 404900000,
    "grossProfit": 134000000,
    "grossProfitRatio": 0.2486546669,
    "researchAndDevelopmentExpenses": 0,
    "generalAndAdministrativeExpenses": 0,
    "sellingAndMarketingExpenses": 0,
    "sellingGeneralAndAdministrativeExpenses": 97600000,
    "otherExpenses": 0,
    "operatingExpenses": 97600000,
    "costAndExpenses": 502500000,
    "interestIncome": 0,
    "interestExpense": 0,
    "depreciationAndAmortization": 14600000,
    "ebitda": 48200000,
    "ebitdaratio": 0.0894414548,
    "operatingIncome": 33600000,
    "operatingIncomeRatio": 0.0623492299,
    "totalOtherIncomeExpensesNet": -2200000,
    "incomeBeforeTax": 34200000,
    "incomeBeforeTaxRatio": 0.063462609,
    "incomeTaxExpense": 11600000,
    "netIncome": 22600000,
    "netIncomeRatio": 0.0419372796,
    "eps": 0.17,
    "epsdiluted": 0.17,
    "weightedAverageShsOut": 132400000,
    "weightedAverageShsOutDil": 132800000,
    "link": "https://www.sec.gov/Archives/edgar/data/202058/000095015203005086/0000950152-03-005086-index.htm",
    "finalLink": "https://www.sec.gov/Archives/edgar/data/202058/000095015203005086/l99773ae10vq.htm"
  },
  {
    "date": "2002-12-27",
    "symbol": "LHX",
    "reportedCurrency": "USD",
    "cik": "0000202058",
    "fillingDate": "2003-01-23",
    "acceptedDate": "2003-01-23 17:22:42",
    "calendarYear": "2002",
    "period": "Q4",
    "revenue": 523900000,
    "costOfRevenue": 388700000,
    "grossProfit": 135200000,
    "grossProfitRatio": 0.2580645161,
    "researchAndDevelopmentExpenses": 0,
    "generalAndAdministrativeExpenses": 0,
    "sellingAndMarketingExpenses": 0,
    "sellingGeneralAndAdministrativeExpenses": 108900000,
    "otherExpenses": 0,
    "operatingExpenses": 108900000,
    "costAndExpenses": 497600000,
    "interestIncome": 0,
    "interestExpense": 0,
    "depreciationAndAmortization": 12700000,
    "ebitda": 35900000,
    "ebitdaratio": 0.0685245276,
    "operatingIncome": 23200000,
    "operatingIncomeRatio": 0.0442832602,
    "totalOtherIncomeExpensesNet": -1600000,
    "incomeBeforeTax": 24700000,
    "incomeBeforeTaxRatio": 0.047146402,
    "incomeTaxExpense": 8400000,
    "netIncome": 16300000,
    "netIncomeRatio": 0.0311128078,
    "eps": 0.13,
    "epsdiluted": 0.13,
    "weightedAverageShsOut": 132400000,
    "weightedAverageShsOutDil": 132600000,
    "link": "https://www.sec.gov/Archives/edgar/data/202058/000095015203000629/0000950152-03-000629-index.htm",
    "finalLink": "https://www.sec.gov/Archives/edgar/data/202058/000095015203000629/l97982ae10vq.htm"
  },
  {
    "date": "2002-09-27",
    "symbol": "LHX",
    "reportedCurrency": "USD",
    "cik": "0000202058",
    "fillingDate": "2002-11-06",
    "acceptedDate": "2002-11-05 19:29:29",
    "calendarYear": "2002",
    "period": "Q3",
    "revenue": 450200000,
    "costOfRevenue": 335300000,
    "grossProfit": 114900000,
    "grossProfitRatio": 0.2552199023,
    "researchAndDevelopmentExpenses": 0,
    "generalAndAdministrativeExpenses": 0,
    "sellingAndMarketingExpenses": 0,
    "sellingGeneralAndAdministrativeExpenses": 96800000,
    "otherExpenses": 0,
    "operatingExpenses": 96800000,
    "costAndExpenses": 432100000,
    "interestIncome": 0,
    "interestExpense": 0,
    "depreciationAndAmortization": 13500000,
    "ebitda": 15400000,
    "ebitdaratio": 0.0342070191,
    "operatingIncome": 1900000,
    "operatingIncomeRatio": 0.0042203465,
    "totalOtherIncomeExpensesNet": 28300000,
    "incomeBeforeTax": 30200000,
    "incomeBeforeTaxRatio": 0.0670812972,
    "incomeTaxExpense": 10300000,
    "netIncome": 19900000,
    "netIncomeRatio": 0.0442025766,
    "eps": 0.15,
    "epsdiluted": 0.15,
    "weightedAverageShsOut": 132400000,
    "weightedAverageShsOutDil": 133200000,
    "link": "https://www.sec.gov/Archives/edgar/data/202058/000095015202008048/0000950152-02-008048-index.htm",
    "finalLink": "https://www.sec.gov/Archives/edgar/data/202058/000095015202008048/l96983ae10vq.htm"
  },
  {
    "date": "2002-06-28",
    "symbol": "LHX",
    "reportedCurrency": "USD",
    "cik": "0000202058",
    "fillingDate": "2002-09-03",
    "acceptedDate": "2002-09-03 16:01:30",
    "calendarYear": "2002",
    "period": "Q2",
    "revenue": 497600000,
    "costOfRevenue": 359200000,
    "grossProfit": 138400000,
    "grossProfitRatio": 0.2781350482,
    "researchAndDevelopmentExpenses": 0,
    "generalAndAdministrativeExpenses": 0,
    "sellingAndMarketingExpenses": 0,
    "sellingGeneralAndAdministrativeExpenses": 103800000,
    "otherExpenses": 0,
    "operatingExpenses": 103800000,
    "costAndExpenses": 463000000,
    "interestIncome": 0,
    "interestExpense": 0,
    "depreciationAndAmortization": 14900000,
    "ebitda": 41800000,
    "ebitdaratio": 0.0840032154,
    "operatingIncome": 26900000,
    "operatingIncomeRatio": 0.0540594855,
    "totalOtherIncomeExpensesNet": 13400000,
    "incomeBeforeTax": 40300000,
    "incomeBeforeTaxRatio": 0.080988746,
    "incomeTaxExpense": 13700000,
    "netIncome": 26600000,
    "netIncomeRatio": 0.0534565916,
    "eps": 0.2,
    "epsdiluted": 0.2,
    "weightedAverageShsOut": 132100000,
    "weightedAverageShsOutDil": 133212903,
    "link": "https://www.sec.gov/Archives/edgar/data/202058/000095015202006756/0000950152-02-006756-index.htm",
    "finalLink": "https://www.sec.gov/Archives/edgar/data/202058/000095015202006756/l95435be10vk.htm"
  },
  {
    "date": "2002-03-29",
    "symbol": "LHX",
    "reportedCurrency": "USD",
    "cik": "0000202058",
    "fillingDate": "2002-05-10",
    "acceptedDate": "2002-05-10 15:43:44",
    "calendarYear": "2002",
    "period": "Q1",
    "revenue": 483300000,
    "costOfRevenue": 354300000,
    "grossProfit": 129000000,
    "grossProfitRatio": 0.2669149597,
    "researchAndDevelopmentExpenses": 0,
    "generalAndAdministrativeExpenses": 0,
    "sellingAndMarketingExpenses": 0,
    "sellingGeneralAndAdministrativeExpenses": 99300000,
    "otherExpenses": 0,
    "operatingExpenses": 99300000,
    "costAndExpenses": 453600000,
    "interestIncome": 0,
    "interestExpense": 0,
    "depreciationAndAmortization": 13800000,
    "ebitda": 35900000,
    "ebitdaratio": 0.0742809849,
    "operatingIncome": 22100000,
    "operatingIncomeRatio": 0.0457272915,
    "totalOtherIncomeExpensesNet": 12000000,
    "incomeBeforeTax": 34100000,
    "incomeBeforeTaxRatio": 0.0705565901,
    "incomeTaxExpense": 11600000,
    "netIncome": 22500000,
    "netIncomeRatio": 0.0465549348,
    "eps": 0.17,
    "epsdiluted": 0.17,
    "weightedAverageShsOut": 132000000,
    "weightedAverageShsOutDil": 132600000,
    "link": "https://www.sec.gov/Archives/edgar/data/202058/000095015202004041/0000950152-02-004041-index.htm",
    "finalLink": "https://www.sec.gov/Archives/edgar/data/202058/000095015202004041/l93884ae10-q.htm"
  },
  {
    "date": "2001-12-28",
    "symbol": "LHX",
    "reportedCurrency": "USD",
    "cik": "0000202058",
    "fillingDate": "2002-02-04",
    "acceptedDate": "2002-02-04 00:00:00",
    "calendarYear": "2001",
    "period": "Q4",
    "revenue": 451500000,
    "costOfRevenue": 333800000,
    "grossProfit": 117700000,
    "grossProfitRatio": 0.2606866002,
    "researchAndDevelopmentExpenses": 0,
    "generalAndAdministrativeExpenses": 0,
    "sellingAndMarketingExpenses": 0,
    "sellingGeneralAndAdministrativeExpenses": 97500000,
    "otherExpenses": 0,
    "operatingExpenses": 89700000,
    "costAndExpenses": 423500000,
    "interestIncome": 0,
    "interestExpense": 0,
    "depreciationAndAmortization": 12800000,
    "ebitda": 33000000,
    "ebitdaratio": 0.073089701,
    "operatingIncome": 20200000,
    "operatingIncomeRatio": 0.0447397564,
    "totalOtherIncomeExpensesNet": -3200000,
    "incomeBeforeTax": 24800000,
    "incomeBeforeTaxRatio": 0.0549280177,
    "incomeTaxExpense": 8400000,
    "netIncome": 16400000,
    "netIncomeRatio": 0.0363233666,
    "eps": 0.13,
    "epsdiluted": 0.13,
    "weightedAverageShsOut": 131800000,
    "weightedAverageShsOutDil": 132600000,
    "link": "https://www.sec.gov/Archives/edgar/data/202058/000095015202000695/0000950152-02-000695-index.htm",
    "finalLink": "https://www.sec.gov/Archives/edgar/data/202058/000095015202000695/l92409ae10-q.htm"
  },
  {
    "date": "2001-09-28",
    "symbol": "LHX",
    "reportedCurrency": "USD",
    "cik": "0000202058",
    "fillingDate": "2001-11-06",
    "acceptedDate": "2001-11-06 00:00:00",
    "calendarYear": "2001",
    "period": "Q3",
    "revenue": 443400000,
    "costOfRevenue": 330800000,
    "grossProfit": 112600000,
    "grossProfitRatio": 0.2539467749,
    "researchAndDevelopmentExpenses": 0,
    "generalAndAdministrativeExpenses": 0,
    "sellingAndMarketingExpenses": 0,
    "sellingGeneralAndAdministrativeExpenses": 99600000,
    "otherExpenses": 0,
    "operatingExpenses": 81700000,
    "costAndExpenses": 412500000,
    "interestIncome": 0,
    "interestExpense": 0,
    "depreciationAndAmortization": 13600000,
    "ebitda": 26600000,
    "ebitdaratio": 0.0599909788,
    "operatingIncome": 13000000,
    "operatingIncomeRatio": 0.0293188994,
    "totalOtherIncomeExpensesNet": 12900000,
    "incomeBeforeTax": 25900000,
    "incomeBeforeTaxRatio": 0.0584122688,
    "incomeTaxExpense": 8800000,
    "netIncome": 17100000,
    "netIncomeRatio": 0.0385656292,
    "eps": 0.13,
    "epsdiluted": 0.13,
    "weightedAverageShsOut": 131400000,
    "weightedAverageShsOutDil": 132000000,
    "link": "https://www.sec.gov/Archives/edgar/data/202058/000095015201505483/0000950152-01-505483-index.htm",
    "finalLink": "https://www.sec.gov/Archives/edgar/data/202058/000095015201505483/l90939ae10-q.htm"
  },
  {
    "date": "2001-06-29",
    "symbol": "LHX",
    "reportedCurrency": "USD",
    "cik": "0000202058",
    "fillingDate": "2001-08-31",
    "acceptedDate": "2001-08-31 00:00:00",
    "calendarYear": "2001",
    "period": "Q2",
    "revenue": 528500000,
    "costOfRevenue": 380400000,
    "grossProfit": 148100000,
    "grossProfitRatio": 0.2802270577,
    "researchAndDevelopmentExpenses": 0,
    "generalAndAdministrativeExpenses": 0,
    "sellingAndMarketingExpenses": 0,
    "sellingGeneralAndAdministrativeExpenses": 113100000,
    "otherExpenses": 0,
    "operatingExpenses": 98500000,
    "costAndExpenses": 478900000,
    "interestIncome": 0,
    "interestExpense": 0,
    "depreciationAndAmortization": 21200000,
    "ebitda": 50200000,
    "ebitdaratio": 0.0949858089,
    "operatingIncome": 29000000,
    "operatingIncomeRatio": 0.05487228,
    "totalOtherIncomeExpensesNet": -4900000,
    "incomeBeforeTax": 44700000,
    "incomeBeforeTaxRatio": 0.0845789972,
    "incomeTaxExpense": 15600000,
    "netIncome": 29100000,
    "netIncomeRatio": 0.0550614948,
    "eps": 0.22,
    "epsdiluted": 0.22,
    "weightedAverageShsOut": 132575000,
    "weightedAverageShsOutDil": 132875000,
    "link": "https://www.sec.gov/Archives/edgar/data/202058/000095015201504250/0000950152-01-504250-index.htm",
    "finalLink": "https://www.sec.gov/Archives/edgar/data/202058/000095015201504250/l89738be10-k405.htm"
  },
  {
    "date": "2001-03-30",
    "symbol": "LHX",
    "reportedCurrency": "USD",
    "cik": "0000202058",
    "fillingDate": "2001-05-14",
    "acceptedDate": "2001-05-14 00:00:00",
    "calendarYear": "2001",
    "period": "Q1",
    "revenue": 479300000,
    "costOfRevenue": 352600000,
    "grossProfit": 126700000,
    "grossProfitRatio": 0.2643438348,
    "researchAndDevelopmentExpenses": 0,
    "generalAndAdministrativeExpenses": 0,
    "sellingAndMarketingExpenses": 0,
    "sellingGeneralAndAdministrativeExpenses": 104800000,
    "otherExpenses": 0,
    "operatingExpenses": 103200000,
    "costAndExpenses": 455800000,
    "interestIncome": 0,
    "interestExpense": 0,
    "depreciationAndAmortization": 21000000,
    "ebitda": 36900000,
    "ebitdaratio": 0.0769872731,
    "operatingIncome": 15900000,
    "operatingIncomeRatio": 0.0331733778,
    "totalOtherIncomeExpensesNet": -6500000,
    "incomeBeforeTax": 17000000,
    "incomeBeforeTaxRatio": 0.0354683914,
    "incomeTaxExpense": 5900000,
    "netIncome": 11100000,
    "netIncomeRatio": 0.0231587732,
    "eps": 0.085,
    "epsdiluted": 0.085,
    "weightedAverageShsOut": 131400000,
    "weightedAverageShsOutDil": 131600000,
    "link": "https://www.sec.gov/Archives/edgar/data/202058/000095015201501793/0000950152-01-501793-index.htm",
    "finalLink": "https://www.sec.gov/Archives/edgar/data/202058/000095015201501793/l87941ae10-q.htm"
  },
  {
    "date": "2000-12-29",
    "symbol": "LHX",
    "reportedCurrency": "USD",
    "cik": "0000202058",
    "fillingDate": "2001-02-08",
    "acceptedDate": "2001-02-08 00:00:00",
    "calendarYear": "2000",
    "period": "Q4",
    "revenue": 486900000,
    "costOfRevenue": 362500000,
    "grossProfit": 124400000,
    "grossProfitRatio": 0.2554939413,
    "researchAndDevelopmentExpenses": 0,
    "generalAndAdministrativeExpenses": 0,
    "sellingAndMarketingExpenses": 0,
    "sellingGeneralAndAdministrativeExpenses": 95700000,
    "otherExpenses": 0,
    "operatingExpenses": 93500000,
    "costAndExpenses": 456000000,
    "interestIncome": 0,
    "interestExpense": 0,
    "depreciationAndAmortization": 20100000,
    "ebitda": 43100000,
    "ebitdaratio": 0.0885192031,
    "operatingIncome": 23000000,
    "operatingIncomeRatio": 0.0472376258,
    "totalOtherIncomeExpensesNet": -6300000,
    "incomeBeforeTax": 24600000,
    "incomeBeforeTaxRatio": 0.0505237215,
    "incomeTaxExpense": 8600000,
    "netIncome": 16000000,
    "netIncomeRatio": 0.0328609571,
    "eps": 0.12,
    "epsdiluted": 0.12,
    "weightedAverageShsOut": 132800000,
    "weightedAverageShsOutDil": 133200000,
    "link": "https://www.sec.gov/Archives/edgar/data/202058/000095015201000657/0000950152-01-000657-index.htm",
    "finalLink": "https://www.sec.gov/Archives/edgar/data/202058/000095015201000657/l86269ae10-q.htm"
  },
  {
    "date": "2000-09-29",
    "symbol": "LHX",
    "reportedCurrency": "USD",
    "cik": "0000202058",
    "fillingDate": "2000-11-07",
    "acceptedDate": "2000-11-07 00:00:00",
    "calendarYear": "2000",
    "period": "Q3",
    "revenue": 460400000,
    "costOfRevenue": 335600000,
    "grossProfit": 124800000,
    "grossProfitRatio": 0.271068636,
    "researchAndDevelopmentExpenses": 0,
    "generalAndAdministrativeExpenses": 0,
    "sellingAndMarketingExpenses": 0,
    "sellingGeneralAndAdministrativeExpenses": 100800000,
    "otherExpenses": 0,
    "operatingExpenses": 61400000,
    "costAndExpenses": 397000000,
    "interestIncome": 0,
    "interestExpense": 0,
    "depreciationAndAmortization": 17400000,
    "ebitda": 110400000,
    "ebitdaratio": 0.2397914857,
    "operatingIncome": 93000000,
    "operatingIncomeRatio": 0.2019982624,
    "totalOtherIncomeExpensesNet": -77300000,
    "incomeBeforeTax": -13900000,
    "incomeBeforeTaxRatio": -0.0301911381,
    "incomeTaxExpense": 20900000,
    "netIncome": -34800000,
    "netIncomeRatio": -0.0755864466,
    "eps": -0.25,
    "epsdiluted": -0.25,
    "weightedAverageShsOut": 136600000,
    "weightedAverageShsOutDil": 136600000,
    "link": "https://www.sec.gov/Archives/edgar/data/202058/000095015200007590/0000950152-00-007590-index.htm",
    "finalLink": "https://www.sec.gov/Archives/edgar/data/202058/000095015200007590/l84519ae10-q.htm"
  },
  {
    "date": "2000-06-30",
    "symbol": "LHX",
    "reportedCurrency": "USD",
    "cik": "0000202058",
    "fillingDate": "2000-08-30",
    "acceptedDate": "2000-08-30 00:00:00",
    "calendarYear": "2000",
    "period": "Q2",
    "revenue": 512400000,
    "costOfRevenue": 367700000,
    "grossProfit": 144700000,
    "grossProfitRatio": 0.2823965652,
    "researchAndDevelopmentExpenses": 0,
    "generalAndAdministrativeExpenses": 0,
    "sellingAndMarketingExpenses": 0,
    "sellingGeneralAndAdministrativeExpenses": 120600000,
    "otherExpenses": 0,
    "operatingExpenses": 138700000,
    "costAndExpenses": 506400000,
    "interestIncome": 0,
    "interestExpense": 0,
    "depreciationAndAmortization": 18100000,
    "ebitda": 6000000,
    "ebitdaratio": 0.0117096019,
    "operatingIncome": -12100000,
    "operatingIncomeRatio": -0.0236143638,
    "totalOtherIncomeExpensesNet": 23000000,
    "incomeBeforeTax": 25300000,
    "incomeBeforeTaxRatio": 0.0493754879,
    "incomeTaxExpense": 8900000,
    "netIncome": 16400000,
    "netIncomeRatio": 0.0320062451,
    "eps": 0.11,
    "epsdiluted": 0.11,
    "weightedAverageShsOut": 143400000,
    "weightedAverageShsOutDil": 143400000,
    "link": "https://www.sec.gov/Archives/edgar/data/202058/000095015200006372/0000950152-00-006372-index.htm",
    "finalLink": "https://www.sec.gov/Archives/edgar/data/202058/000095015200006372/l82915ae10-k.htm"
  },
  {
    "date": "2000-03-31",
    "symbol": "LHX",
    "reportedCurrency": "USD",
    "cik": "0000202058",
    "fillingDate": "2000-05-09",
    "acceptedDate": "2000-05-09 00:00:00",
    "calendarYear": "2000",
    "period": "Q1",
    "revenue": 455200000,
    "costOfRevenue": 327600000,
    "grossProfit": 127600000,
    "grossProfitRatio": 0.2803163445,
    "researchAndDevelopmentExpenses": 0,
    "generalAndAdministrativeExpenses": 0,
    "sellingAndMarketingExpenses": 0,
    "sellingGeneralAndAdministrativeExpenses": 108300000,
    "otherExpenses": 0,
    "operatingExpenses": 127100000,
    "costAndExpenses": 454700000,
    "interestIncome": 0,
    "interestExpense": 0,
    "depreciationAndAmortization": 18800000,
    "ebitda": 41400000,
    "ebitdaratio": 0.0909490334,
    "operatingIncome": 22600000,
    "operatingIncomeRatio": 0.0496485062,
    "totalOtherIncomeExpensesNet": -22600000,
    "incomeBeforeTax": -22100000,
    "incomeBeforeTaxRatio": -0.0485500879,
    "incomeTaxExpense": -7800000,
    "netIncome": -14300000,
    "netIncomeRatio": -0.0314147627,
    "eps": -0.1,
    "epsdiluted": -0.1,
    "weightedAverageShsOut": 137800000,
    "weightedAverageShsOutDil": 137800000,
    "link": "https://www.sec.gov/Archives/edgar/data/202058/000095015200003778/0000950152-00-003778-index.html",
    "finalLink": "https://www.sec.gov/Archives/edgar/data/202058/000095015200003778/0000950152-00-003778-d1.html"
  },
  {
    "date": "1999-12-31",
    "symbol": "LHX",
    "reportedCurrency": "USD",
    "cik": "0000202058",
    "fillingDate": "2000-02-04",
    "acceptedDate": "2000-02-04 00:00:00",
    "calendarYear": "1999",
    "period": "Q4",
    "revenue": 441000000,
    "costOfRevenue": 313400000,
    "grossProfit": 127600000,
    "grossProfitRatio": 0.2893424036,
    "researchAndDevelopmentExpenses": 0,
    "generalAndAdministrativeExpenses": 0,
    "sellingAndMarketingExpenses": 0,
    "sellingGeneralAndAdministrativeExpenses": 96500000,
    "otherExpenses": 0,
    "operatingExpenses": 112300000,
    "costAndExpenses": 425700000,
    "interestIncome": 0,
    "interestExpense": 0,
    "depreciationAndAmortization": 15800000,
    "ebitda": 27300000,
    "ebitdaratio": 0.0619047619,
    "operatingIncome": 11500000,
    "operatingIncomeRatio": 0.0260770975,
    "totalOtherIncomeExpensesNet": 9500000,
    "incomeBeforeTax": 21000000,
    "incomeBeforeTaxRatio": 0.0476190476,
    "incomeTaxExpense": 7400000,
    "netIncome": 14600000,
    "netIncomeRatio": 0.033106576,
    "eps": 0.095,
    "epsdiluted": 0.095,
    "weightedAverageShsOut": 150000000,
    "weightedAverageShsOutDil": 150200000,
    "link": "https://www.sec.gov/Archives/edgar/data/202058/000095015200000567/0000950152-00-000567-index.html",
    "finalLink": "https://www.sec.gov/Archives/edgar/data/202058/000095015200000567/0000950152-00-000567-d1.html"
  },
  {
    "date": "1999-10-01",
    "symbol": "LHX",
    "reportedCurrency": "USD",
    "cik": "0000202058",
    "fillingDate": "1999-11-09",
    "acceptedDate": "1999-11-09 00:00:00",
    "calendarYear": "1999",
    "period": "Q3",
    "revenue": 398800000,
    "costOfRevenue": 283600000,
    "grossProfit": 115200000,
    "grossProfitRatio": 0.2888665998,
    "researchAndDevelopmentExpenses": 0,
    "generalAndAdministrativeExpenses": 0,
    "sellingAndMarketingExpenses": 0,
    "sellingGeneralAndAdministrativeExpenses": 92000000,
    "otherExpenses": 0,
    "operatingExpenses": 107900000,
    "costAndExpenses": 391500000,
    "interestIncome": 0,
    "interestExpense": 0,
    "depreciationAndAmortization": 15900000,
    "ebitda": 15800000,
    "ebitdaratio": 0.0396188566,
    "operatingIncome": -100000,
    "operatingIncomeRatio": -0.0002507523,
    "totalOtherIncomeExpensesNet": 14400000,
    "incomeBeforeTax": 14300000,
    "incomeBeforeTaxRatio": 0.0358575727,
    "incomeTaxExpense": 5000000,
    "netIncome": 1300000,
    "netIncomeRatio": 0.0032597793,
    "eps": 0.005,
    "epsdiluted": 0.005,
    "weightedAverageShsOut": 158114000,
    "weightedAverageShsOutDil": 158114000,
    "link": "https://www.sec.gov/Archives/edgar/data/202058/000095015299008737/0000950152-99-008737-index.html",
    "finalLink": "https://www.sec.gov/Archives/edgar/data/202058/000095015299008737/"
  },
  {
    "date": "1999-07-02",
    "symbol": "LHX",
    "reportedCurrency": "USD",
    "cik": "0000202058",
    "fillingDate": "1999-09-13",
    "acceptedDate": "1999-09-13 00:00:00",
    "calendarYear": "1999",
    "period": "Q2",
    "revenue": -1013900000,
    "costOfRevenue": -456600000,
    "grossProfit": -557300000,
    "grossProfitRatio": 0.5496597298,
    "researchAndDevelopmentExpenses": 0,
    "generalAndAdministrativeExpenses": 0,
    "sellingAndMarketingExpenses": 0,
    "sellingGeneralAndAdministrativeExpenses": -308700000,
    "otherExpenses": 0,
    "operatingExpenses": -450400000,
    "costAndExpenses": -907000000,
    "interestIncome": 0,
    "interestExpense": 0,
    "depreciationAndAmortization": -141700000,
    "ebitda": -248600000,
    "ebitdaratio": 0.2451918335,
    "operatingIncome": -38700000,
    "operatingIncomeRatio": 0.0381694447,
    "totalOtherIncomeExpensesNet": -800000,
    "incomeBeforeTax": -107700000,
    "incomeBeforeTaxRatio": 0.1062234934,
    "incomeTaxExpense": -35000000,
    "netIncome": -69500000,
    "netIncomeRatio": 0.068547194,
    "eps": -0.44,
    "epsdiluted": -0.44,
    "weightedAverageShsOut": 158869116,
    "weightedAverageShsOutDil": 158869116,
    "link": "https://www.sec.gov/Archives/edgar/data/202058/000095015299007513/0000950152-99-007513-index.html",
    "finalLink": "https://www.sec.gov/Archives/edgar/data/202058/000095015299007513/"
  },
  {
    "date": "1999-04-02",
    "symbol": "LHX",
    "reportedCurrency": "USD",
    "cik": "0000202058",
    "fillingDate": "1999-05-13",
    "acceptedDate": "1999-05-13 00:00:00",
    "calendarYear": "1999",
    "period": "Q1",
    "revenue": 445400000,
    "costOfRevenue": 327300000,
    "grossProfit": 118100000,
    "grossProfitRatio": 0.2651549169,
    "researchAndDevelopmentExpenses": 0,
    "generalAndAdministrativeExpenses": 0,
    "sellingAndMarketingExpenses": 0,
    "sellingGeneralAndAdministrativeExpenses": 86300000,
    "otherExpenses": 0,
    "operatingExpenses": 87400000,
    "costAndExpenses": 414700000,
    "interestIncome": 0,
    "interestExpense": 0,
    "depreciationAndAmortization": 16200000,
    "ebitda": 42600000,
    "ebitdaratio": 0.0956443646,
    "operatingIncome": 26400000,
    "operatingIncomeRatio": 0.059272564,
    "totalOtherIncomeExpensesNet": 8300000,
    "incomeBeforeTax": 34700000,
    "incomeBeforeTaxRatio": 0.0779074989,
    "incomeTaxExpense": 12500000,
    "netIncome": 41400000,
    "netIncomeRatio": 0.0929501572,
    "eps": 0.26,
    "epsdiluted": 0.26,
    "weightedAverageShsOut": 159230769,
    "weightedAverageShsOutDil": 159230769,
    "link": "https://www.sec.gov/Archives/edgar/data/202058/000095015299004370/0000950152-99-004370-index.html",
    "finalLink": "https://www.sec.gov/Archives/edgar/data/202058/"
  },
  {
    "date": "1999-01-01",
    "symbol": "LHX",
    "reportedCurrency": "USD",
    "cik": "0000202058",
    "fillingDate": "1999-04-09",
    "acceptedDate": "1999-04-09 00:00:00",
    "calendarYear": "1998",
    "period": "Q4",
    "revenue": 417500000,
    "costOfRevenue": 281000000,
    "grossProfit": 136500000,
    "grossProfitRatio": 0.3269461078,
    "researchAndDevelopmentExpenses": 0,
    "generalAndAdministrativeExpenses": 0,
    "sellingAndMarketingExpenses": 0,
    "sellingGeneralAndAdministrativeExpenses": 98700000,
    "otherExpenses": 0,
    "operatingExpenses": 114600000,
    "costAndExpenses": 395600000,
    "interestIncome": 0,
    "interestExpense": 0,
    "depreciationAndAmortization": 16400000,
    "ebitda": 33200000,
    "ebitdaratio": 0.0795209581,
    "operatingIncome": 16800000,
    "operatingIncomeRatio": 0.040239521,
    "totalOtherIncomeExpensesNet": 10400000,
    "incomeBeforeTax": 27200000,
    "incomeBeforeTaxRatio": 0.0651497006,
    "incomeTaxExpense": 9800000,
    "netIncome": 52800000,
    "netIncomeRatio": 0.1264670659,
    "eps": 0.33,
    "epsdiluted": 0.33,
    "weightedAverageShsOut": 160000000,
    "weightedAverageShsOutDil": 160000000,
    "link": "https://www.sec.gov/Archives/edgar/data/202058/000095015299003144/0000950152-99-003144-index.html",
    "finalLink": "https://www.sec.gov/Archives/edgar/data/202058/"
  },
  {
    "date": "1998-10-02",
    "symbol": "LHX",
    "reportedCurrency": "USD",
    "cik": "0000202058",
    "fillingDate": "1998-11-12",
    "acceptedDate": "1998-11-12 00:00:00",
    "calendarYear": "1998",
    "period": "Q3",
    "revenue": 412600000,
    "costOfRevenue": 287400000,
    "grossProfit": 125200000,
    "grossProfitRatio": 0.3034415899,
    "researchAndDevelopmentExpenses": 0,
    "generalAndAdministrativeExpenses": 0,
    "sellingAndMarketingExpenses": 0,
    "sellingGeneralAndAdministrativeExpenses": 86500000,
    "otherExpenses": 0,
    "operatingExpenses": 101700000,
    "costAndExpenses": 389100000,
    "interestIncome": 0,
    "interestExpense": 0,
    "depreciationAndAmortization": 15200000,
    "ebitda": 53400000,
    "ebitdaratio": 0.1294231701,
    "operatingIncome": 38200000,
    "operatingIncomeRatio": 0.0925836161,
    "totalOtherIncomeExpensesNet": -12200000,
    "incomeBeforeTax": 11300000,
    "incomeBeforeTaxRatio": 0.0273873,
    "incomeTaxExpense": 4100000,
    "netIncome": 28400000,
    "netIncomeRatio": 0.0688317984,
    "eps": 0.18,
    "epsdiluted": 0.18,
    "weightedAverageShsOut": 157777778,
    "weightedAverageShsOutDil": 157777778,
    "link": "https://www.sec.gov/Archives/edgar/data/202058/000095015298008777/0000950152-98-008777-index.html",
    "finalLink": "https://www.sec.gov/Archives/edgar/data/202058/"
  },
  {
    "date": "1998-07-03",
    "symbol": "LHX",
    "reportedCurrency": "USD",
    "cik": "0000202058",
    "fillingDate": "1998-09-02",
    "acceptedDate": "1998-09-02 00:00:00",
    "calendarYear": "1998",
    "period": "Q2",
    "revenue": 979000000,
    "costOfRevenue": 605700000,
    "grossProfit": 373300000,
    "grossProfitRatio": 0.3813074566,
    "researchAndDevelopmentExpenses": 0,
    "generalAndAdministrativeExpenses": 0,
    "sellingAndMarketingExpenses": 0,
    "sellingGeneralAndAdministrativeExpenses": 234400000,
    "otherExpenses": 0,
    "operatingExpenses": 289600000,
    "costAndExpenses": 895300000,
    "interestIncome": 0,
    "interestExpense": 0,
    "depreciationAndAmortization": 55200000,
    "ebitda": 239300000,
    "ebitdaratio": 0.244433095,
    "operatingIncome": 184100000,
    "operatingIncomeRatio": 0.1880490296,
    "totalOtherIncomeExpensesNet": -120400000,
    "incomeBeforeTax": -36700000,
    "incomeBeforeTaxRatio": -0.0374872319,
    "incomeTaxExpense": -13500000,
    "netIncome": -23200000,
    "netIncomeRatio": -0.0236976507,
    "eps": -0.15,
    "epsdiluted": -0.15,
    "weightedAverageShsOut": 157982456,
    "weightedAverageShsOutDil": 159987149,
    "link": "https://www.sec.gov/Archives/edgar/data/202058/000095015298007309/0000950152-98-007309-index.html",
    "finalLink": "https://www.sec.gov/Archives/edgar/data/202058/"
  },
  {
    "date": "1998-03-03",
    "symbol": "LHX",
    "reportedCurrency": "USD",
    "cik": "0000202058",
    "fillingDate": "1998-05-12",
    "acceptedDate": "1998-05-12 00:00:00",
    "calendarYear": "1998",
    "period": "Q1",
    "revenue": 961600000,
    "costOfRevenue": 569800000,
    "grossProfit": 391800000,
    "grossProfitRatio": 0.4074459235,
    "researchAndDevelopmentExpenses": 0,
    "generalAndAdministrativeExpenses": 0,
    "sellingAndMarketingExpenses": 0,
    "sellingGeneralAndAdministrativeExpenses": 246000000,
    "otherExpenses": 0,
    "operatingExpenses": 303700000,
    "costAndExpenses": 873500000,
    "interestIncome": 0,
    "interestExpense": 0,
    "depreciationAndAmortization": 57700000,
    "ebitda": 123200000,
    "ebitdaratio": 0.1281198003,
    "operatingIncome": 65500000,
    "operatingIncomeRatio": 0.0681156406,
    "totalOtherIncomeExpensesNet": 25300000,
    "incomeBeforeTax": 90800000,
    "incomeBeforeTaxRatio": 0.0944259567,
    "incomeTaxExpense": 30900000,
    "netIncome": 59900000,
    "netIncomeRatio": 0.0622920133,
    "eps": 0.38,
    "epsdiluted": 0.38,
    "weightedAverageShsOut": 157631579,
    "weightedAverageShsOutDil": 159733333,
    "link": "https://www.sec.gov/Archives/edgar/data/202058/000095015298004355/0000950152-98-004355-index.html",
    "finalLink": "https://www.sec.gov/Archives/edgar/data/202058/"
  },
  {
    "date": "1998-01-02",
    "symbol": "LHX",
    "reportedCurrency": "USD",
    "cik": "0000202058",
    "fillingDate": "1998-02-04",
    "acceptedDate": "1998-02-04 00:00:00",
    "calendarYear": "1997",
    "period": "Q4",
    "revenue": 970000000,
    "costOfRevenue": 591000000,
    "grossProfit": 379000000,
    "grossProfitRatio": 0.3907216495,
    "researchAndDevelopmentExpenses": 0,
    "generalAndAdministrativeExpenses": 0,
    "sellingAndMarketingExpenses": 0,
    "sellingGeneralAndAdministrativeExpenses": 245600000,
    "otherExpenses": 0,
    "operatingExpenses": 295600000,
    "costAndExpenses": 886600000,
    "interestIncome": 0,
    "interestExpense": 0,
    "depreciationAndAmortization": 50000000,
    "ebitda": 120600000,
    "ebitdaratio": 0.1243298969,
    "operatingIncome": 70600000,
    "operatingIncomeRatio": 0.0727835052,
    "totalOtherIncomeExpensesNet": -3600000,
    "incomeBeforeTax": 79800000,
    "incomeBeforeTaxRatio": 0.0822680412,
    "incomeTaxExpense": 27100000,
    "netIncome": 52700000,
    "netIncomeRatio": 0.0543298969,
    "eps": 0.34,
    "epsdiluted": 0.33,
    "weightedAverageShsOut": 157313433,
    "weightedAverageShsOutDil": 159696970,
    "link": "https://www.sec.gov/Archives/edgar/data/202058/000095015298000693/0000950152-98-000693-index.html",
    "finalLink": "https://www.sec.gov/Archives/edgar/data/202058/"
  },
  {
    "date": "1997-10-03",
    "symbol": "LHX",
    "reportedCurrency": "USD",
    "cik": "0000202058",
    "fillingDate": "1997-11-10",
    "acceptedDate": "1997-11-10 00:00:00",
    "calendarYear": "1997",
    "period": "Q3",
    "revenue": 979600000,
    "costOfRevenue": 608500000,
    "grossProfit": 371100000,
    "grossProfitRatio": 0.3788280931,
    "researchAndDevelopmentExpenses": 0,
    "generalAndAdministrativeExpenses": 0,
    "sellingAndMarketingExpenses": 0,
    "sellingGeneralAndAdministrativeExpenses": 250900000,
    "otherExpenses": 0,
    "operatingExpenses": 298200000,
    "costAndExpenses": 906700000,
    "interestIncome": 0,
    "interestExpense": 0,
    "depreciationAndAmortization": 47300000,
    "ebitda": 110100000,
    "ebitdaratio": 0.1123928134,
    "operatingIncome": 62800000,
    "operatingIncomeRatio": 0.0641077991,
    "totalOtherIncomeExpensesNet": -6800000,
    "incomeBeforeTax": 66100000,
    "incomeBeforeTaxRatio": 0.067476521,
    "incomeTaxExpense": 22500000,
    "netIncome": 43600000,
    "netIncomeRatio": 0.0445079624,
    "eps": 0.28,
    "epsdiluted": 0.28,
    "weightedAverageShsOut": 158545455,
    "weightedAverageShsOutDil": 158545455,
    "link": "https://www.sec.gov/Archives/edgar/data/202058/000095015297007762/0000950152-97-007762-index.html",
    "finalLink": "https://www.sec.gov/Archives/edgar/data/202058/"
  },
  {
    "date": "1997-06-27",
    "symbol": "LHX",
    "reportedCurrency": "USD",
    "cik": "0000202058",
    "fillingDate": "1997-08-29",
    "acceptedDate": "1997-08-29 00:00:00",
    "calendarYear": "1997",
    "period": "Q2",
    "revenue": 1046500000,
    "costOfRevenue": 639900000,
    "grossProfit": 406600000,
    "grossProfitRatio": 0.3885332059,
    "researchAndDevelopmentExpenses": 0,
    "generalAndAdministrativeExpenses": 0,
    "sellingAndMarketingExpenses": 0,
    "sellingGeneralAndAdministrativeExpenses": 262400000,
    "otherExpenses": 0,
    "operatingExpenses": 311900000,
    "costAndExpenses": 951800000,
    "interestIncome": 0,
    "interestExpense": 0,
    "depreciationAndAmortization": 49500000,
    "ebitda": 125300000,
    "ebitdaratio": 0.1197324415,
    "operatingIncome": 75800000,
    "operatingIncomeRatio": 0.0724319159,
    "totalOtherIncomeExpensesNet": 25200000,
    "incomeBeforeTax": 101000000,
    "incomeBeforeTaxRatio": 0.0965121835,
    "incomeTaxExpense": 32800000,
    "netIncome": 68200000,
    "netIncomeRatio": 0.065169613,
    "eps": 0.44,
    "epsdiluted": 0.43,
    "weightedAverageShsOut": 156317378,
    "weightedAverageShsOutDil": 157436091,
    "link": "https://www.sec.gov/Archives/edgar/data/202058/000095015297006326/0000950152-97-006326-index.html",
    "finalLink": "https://www.sec.gov/Archives/edgar/data/202058/"
  },
  {
    "date": "1997-03-31",
    "symbol": "LHX",
    "reportedCurrency": "USD",
    "cik": "0000202058",
    "fillingDate": "1997-05-09",
    "acceptedDate": "1997-05-09 00:00:00",
    "calendarYear": "1997",
    "period": "Q1",
    "revenue": 921400000,
    "costOfRevenue": 561300000,
    "grossProfit": 360100000,
    "grossProfitRatio": 0.3908183199,
    "researchAndDevelopmentExpenses": 0,
    "generalAndAdministrativeExpenses": 0,
    "sellingAndMarketingExpenses": 0,
    "sellingGeneralAndAdministrativeExpenses": 231500000,
    "otherExpenses": 0,
    "operatingExpenses": 280000000,
    "costAndExpenses": 841300000,
    "interestIncome": 0,
    "interestExpense": 0,
    "depreciationAndAmortization": 48500000,
    "ebitda": 108900000,
    "ebitdaratio": 0.1181897113,
    "operatingIncome": 60400000,
    "operatingIncomeRatio": 0.0655524202,
    "totalOtherIncomeExpensesNet": 22900000,
    "incomeBeforeTax": 83300000,
    "incomeBeforeTaxRatio": 0.0904059041,
    "incomeTaxExpense": 27700000,
    "netIncome": 55600000,
    "netIncomeRatio": 0.0603429564,
    "eps": 0.36,
    "epsdiluted": 0.35,
    "weightedAverageShsOut": 156619718,
    "weightedAverageShsOutDil": 158857143,
    "link": "https://www.sec.gov/Archives/edgar/data/202058/000095015297003699/0000950152-97-003699-index.html",
    "finalLink": "https://www.sec.gov/Archives/edgar/data/202058/"
  },
  {
    "date": "1996-12-31",
    "symbol": "LHX",
    "reportedCurrency": "USD",
    "cik": "0000202058",
    "fillingDate": "1997-02-11",
    "acceptedDate": "1997-02-11 00:00:00",
    "calendarYear": "1996",
    "period": "Q4",
    "revenue": 945900000,
    "costOfRevenue": 590600000,
    "grossProfit": 355300000,
    "grossProfitRatio": 0.3756211016,
    "researchAndDevelopmentExpenses": 0,
    "generalAndAdministrativeExpenses": 0,
    "sellingAndMarketingExpenses": 0,
    "sellingGeneralAndAdministrativeExpenses": 239000000,
    "otherExpenses": 0,
    "operatingExpenses": 282700000,
    "costAndExpenses": 873300000,
    "interestIncome": 0,
    "interestExpense": 0,
    "depreciationAndAmortization": 43700000,
    "ebitda": 103400000,
    "ebitdaratio": 0.109313881,
    "operatingIncome": 59700000,
    "operatingIncomeRatio": 0.0631144941,
    "totalOtherIncomeExpensesNet": -3100000,
    "incomeBeforeTax": 69500000,
    "incomeBeforeTaxRatio": 0.0734749974,
    "incomeTaxExpense": 24000000,
    "netIncome": 45500000,
    "netIncomeRatio": 0.0481023364,
    "eps": 0.3,
    "epsdiluted": 0.29,
    "weightedAverageShsOut": 154237288,
    "weightedAverageShsOutDil": 156896552,
    "link": "https://www.sec.gov/Archives/edgar/data/202058/000095015297000789/0000950152-97-000789-index.html",
    "finalLink": "https://www.sec.gov/Archives/edgar/data/202058/"
  },
  {
    "date": "1996-09-30",
    "symbol": "LHX",
    "reportedCurrency": "USD",
    "cik": "0000202058",
    "fillingDate": "1996-11-08",
    "acceptedDate": "1996-11-08 00:00:00",
    "calendarYear": "1996",
    "period": "Q3",
    "revenue": 883400000,
    "costOfRevenue": 543900000,
    "grossProfit": 339500000,
    "grossProfitRatio": 0.3843106181,
    "researchAndDevelopmentExpenses": 0,
    "generalAndAdministrativeExpenses": 0,
    "sellingAndMarketingExpenses": 0,
    "sellingGeneralAndAdministrativeExpenses": 230900000,
    "otherExpenses": 0,
    "operatingExpenses": 272700000,
    "costAndExpenses": 816600000,
    "interestIncome": 0,
    "interestExpense": 0,
    "depreciationAndAmortization": 41800000,
    "ebitda": 102400000,
    "ebitdaratio": 0.1159157799,
    "operatingIncome": 60600000,
    "operatingIncomeRatio": 0.0685985963,
    "totalOtherIncomeExpensesNet": -8600000,
    "incomeBeforeTax": 58200000,
    "incomeBeforeTaxRatio": 0.0658818202,
    "incomeTaxExpense": 20100000,
    "netIncome": 38100000,
    "netIncomeRatio": 0.0431288205,
    "eps": 0.25,
    "epsdiluted": 0.25,
    "weightedAverageShsOut": 155510204,
    "weightedAverageShsOutDil": 155510204,
    "link": "https://www.sec.gov/Archives/edgar/data/202058/000095015296005774/0000950152-96-005774-index.html",
    "finalLink": "https://www.sec.gov/Archives/edgar/data/202058/"
  },
  {
    "date": "1996-06-30",
    "symbol": "LHX",
    "reportedCurrency": "USD",
    "cik": "0000202058",
    "fillingDate": "1996-09-18",
    "acceptedDate": "1996-09-18 00:00:00",
    "calendarYear": "1996",
    "period": "Q2",
    "revenue": 1012000000,
    "costOfRevenue": 620500000,
    "grossProfit": 391500000,
    "grossProfitRatio": 0.3868577075,
    "researchAndDevelopmentExpenses": 0,
    "generalAndAdministrativeExpenses": 0,
    "sellingAndMarketingExpenses": 0,
    "sellingGeneralAndAdministrativeExpenses": 248300000,
    "otherExpenses": 0,
    "operatingExpenses": 294100000,
    "costAndExpenses": 914600000,
    "interestIncome": 0,
    "interestExpense": 0,
    "depreciationAndAmortization": 45800000,
    "ebitda": 134900000,
    "ebitdaratio": 0.1333003953,
    "operatingIncome": 89100000,
    "operatingIncomeRatio": 0.0880434783,
    "totalOtherIncomeExpensesNet": -4700000,
    "incomeBeforeTax": 92700000,
    "incomeBeforeTaxRatio": 0.0916007905,
    "incomeTaxExpense": 32400000,
    "netIncome": 60300000,
    "netIncomeRatio": 0.0595849802,
    "eps": 0.39,
    "epsdiluted": 0.39,
    "weightedAverageShsOut": 155447790,
    "weightedAverageShsOutDil": 155447790,
    "link": "https://www.sec.gov/Archives/edgar/data/202058/000095015296004770/0000950152-96-004770-index.html",
    "finalLink": "https://www.sec.gov/Archives/edgar/data/202058/"
  },
  {
    "date": "1996-03-31",
    "symbol": "LHX",
    "reportedCurrency": "USD",
    "cik": "0000202058",
    "fillingDate": "1996-05-02",
    "acceptedDate": "1996-05-02 00:00:00",
    "calendarYear": "1996",
    "period": "Q1",
    "revenue": 875900000,
    "costOfRevenue": 533900000,
    "grossProfit": 342000000,
    "grossProfitRatio": 0.3904555315,
    "researchAndDevelopmentExpenses": 0,
    "generalAndAdministrativeExpenses": 0,
    "sellingAndMarketingExpenses": 0,
    "sellingGeneralAndAdministrativeExpenses": 229100000,
    "otherExpenses": 0,
    "operatingExpenses": 272900000,
    "costAndExpenses": 806800000,
    "interestIncome": 0,
    "interestExpense": 0,
    "depreciationAndAmortization": 43800000,
    "ebitda": 96400000,
    "ebitdaratio": 0.1100582258,
    "operatingIncome": 52600000,
    "operatingIncomeRatio": 0.0600525174,
    "totalOtherIncomeExpensesNet": -1100000,
    "incomeBeforeTax": 68000000,
    "incomeBeforeTaxRatio": 0.0776344332,
    "incomeTaxExpense": 23800000,
    "netIncome": 44200000,
    "netIncomeRatio": 0.0504623816,
    "eps": 0.28,
    "epsdiluted": 0.28,
    "weightedAverageShsOut": 155087719,
    "weightedAverageShsOutDil": 155087719,
    "link": "https://www.sec.gov/Archives/edgar/data/202058/000095015296001972/0000950152-96-001972-index.html",
    "finalLink": "https://www.sec.gov/Archives/edgar/data/202058/"
  },
  {
    "date": "1995-12-31",
    "symbol": "LHX",
    "reportedCurrency": "USD",
    "cik": "0000202058",
    "fillingDate": "1996-02-09",
    "acceptedDate": "1996-02-09 00:00:00",
    "calendarYear": "1995",
    "period": "Q4",
    "revenue": 916600000,
    "costOfRevenue": 575700000,
    "grossProfit": 340900000,
    "grossProfitRatio": 0.3719179577,
    "researchAndDevelopmentExpenses": 0,
    "generalAndAdministrativeExpenses": 0,
    "sellingAndMarketingExpenses": 0,
    "sellingGeneralAndAdministrativeExpenses": 223000000,
    "otherExpenses": 0,
    "operatingExpenses": 262800000,
    "costAndExpenses": 838500000,
    "interestIncome": 0,
    "interestExpense": 0,
    "depreciationAndAmortization": 39800000,
    "ebitda": 117300000,
    "ebitdaratio": 0.1279729435,
    "operatingIncome": 77500000,
    "operatingIncomeRatio": 0.0845516038,
    "totalOtherIncomeExpensesNet": -16000000,
    "incomeBeforeTax": 62100000,
    "incomeBeforeTaxRatio": 0.0677503818,
    "incomeTaxExpense": 21700000,
    "netIncome": 40400000,
    "netIncomeRatio": 0.0440759328,
    "eps": 0.26,
    "epsdiluted": 0.26,
    "weightedAverageShsOut": 155384615,
    "weightedAverageShsOutDil": 155384615,
    "link": "https://www.sec.gov/Archives/edgar/data/202058/000095015296000367/0000950152-96-000367-index.html",
    "finalLink": "https://www.sec.gov/Archives/edgar/data/202058/"
  },
  {
    "date": "1995-09-30",
    "symbol": "LHX",
    "reportedCurrency": "USD",
    "cik": "0000202058",
    "fillingDate": "1995-11-14",
    "acceptedDate": "1995-11-14 00:00:00",
    "calendarYear": "1995",
    "period": "Q3",
    "revenue": 816700000,
    "costOfRevenue": 503800000,
    "grossProfit": 312900000,
    "grossProfitRatio": 0.3831272193,
    "researchAndDevelopmentExpenses": 0,
    "generalAndAdministrativeExpenses": 0,
    "sellingAndMarketingExpenses": 0,
    "sellingGeneralAndAdministrativeExpenses": 211500000,
    "otherExpenses": 0,
    "operatingExpenses": 252800000,
    "costAndExpenses": 756600000,
    "interestIncome": 0,
    "interestExpense": 0,
    "depreciationAndAmortization": 41300000,
    "ebitda": 94600000,
    "ebitdaratio": 0.1158320069,
    "operatingIncome": 53300000,
    "operatingIncomeRatio": 0.0652626423,
    "totalOtherIncomeExpensesNet": -8500000,
    "incomeBeforeTax": 51600000,
    "incomeBeforeTaxRatio": 0.0631810946,
    "incomeTaxExpense": 18100000,
    "netIncome": 33500000,
    "netIncomeRatio": 0.0410187339,
    "eps": 0.22,
    "epsdiluted": 0.22,
    "weightedAverageShsOut": 155813953,
    "weightedAverageShsOutDil": 155813953,
    "link": "https://www.sec.gov/Archives/edgar/data/202058/000095015295002648/0000950152-95-002648-index.html",
    "finalLink": "https://www.sec.gov/Archives/edgar/data/202058/"
  }
]