[
  {
    "date": "2025-01-03",
    "symbol": "LHX",
    "reportedCurrency": "USD",
    "cik": "0000202058",
    "fillingDate": "2025-02-14",
    "acceptedDate": "2025-02-14 16:25:17",
    "calendarYear": "2024",
    "period": "FY",
    "revenue": 21325000000,
    "costOfRevenue": 16580000000,
    "grossProfit": 4745000000,
    "grossProfitRatio": 0.2225087925,
    "researchAndDevelopmentExpenses": 515000000,
    "generalAndAdministrativeExpenses": 0,
    "sellingAndMarketingExpenses": 0,
    "sellingGeneralAndAdministrativeExpenses": 2172000000,
    "otherExpenses": 0,
    "operatingExpenses": 2687000000,
    "costAndExpenses": 19267000000,
    "interestIncome": 0,
    "interestExpense": 675000000,
    "depreciationAndAmortization": 1289000000,
    "ebitda": 3561000000,
    "ebitdaratio": 0.1669871043,
    "operatingIncome": 2058000000,
    "operatingIncomeRatio": 0.0965064478,
    "totalOtherIncomeExpensesNet": -461000000,
    "incomeBeforeTax": 1597000000,
    "incomeBeforeTaxRatio": 0.0748886284,
    "incomeTaxExpense": 85000000,
    "netIncome": 1502000000,
    "netIncomeRatio": 0.0704337632,
    "eps": 7.91,
    "epsdiluted": 7.87,
    "weightedAverageShsOut": 189800000,
    "weightedAverageShsOutDil": 190700000,
    "link": "https://www.sec.gov/Archives/edgar/data/202058/000020205825000023/0000202058-25-000023-index.htm",
    "finalLink": "https://www.sec.gov/Archives/edgar/data/202058/000020205825000023/hrs-20250103.htm"
  },
  {
    "date": "2023-12-29",
    "symbol": "LHX",
    "reportedCurrency": "USD",
    "cik": "0000202058",
    "fillingDate": "2024-02-20",
    "acceptedDate": "2024-02-16 21:46:41",
    "calendarYear": "2023",
    "period": "FY",
    "revenue": 19419000000,
    "costOfRevenue": 14993000000,
    "grossProfit": 4426000000,
    "grossProfitRatio": 0.2279211082,
    "researchAndDevelopmentExpenses": 480000000,
    "generalAndAdministrativeExpenses": 0,
    "sellingAndMarketingExpenses": 0,
    "sellingGeneralAndAdministrativeExpenses": 1921000000,
    "otherExpenses": 0,
    "operatingExpenses": 2401000000,
    "costAndExpenses": 17394000000,
    "interestIncome": 0,
    "interestExpense": 543000000,
    "depreciationAndAmortization": 1168000000,
    "ebitda": 2932000000,
    "ebitdaratio": 0.1509861476,
    "operatingIncome": 2025000000,
    "operatingIncomeRatio": 0.1042793141,
    "totalOtherIncomeExpensesNet": -804000000,
    "incomeBeforeTax": 1221000000,
    "incomeBeforeTaxRatio": 0.0628765642,
    "incomeTaxExpense": 23000000,
    "netIncome": 1227000000,
    "netIncomeRatio": 0.0631855399,
    "eps": 6.47,
    "epsdiluted": 6.44,
    "weightedAverageShsOut": 189600000,
    "weightedAverageShsOutDil": 190600000,
    "link": "https://www.sec.gov/Archives/edgar/data/202058/000020205824000029/0000202058-24-000029-index.htm",
    "finalLink": "https://www.sec.gov/Archives/edgar/data/202058/000020205824000029/hrs-20231229.htm"
  },
  {
    "date": "2022-12-30",
    "symbol": "LHX",
    "reportedCurrency": "USD",
    "cik": "0000202058",
    "fillingDate": "2023-02-24",
    "acceptedDate": "2023-02-24 15:40:58",
    "calendarYear": "2022",
    "period": "FY",
    "revenue": 17062000000,
    "costOfRevenue": 12135000000,
    "grossProfit": 4927000000,
    "grossProfitRatio": 0.2887703669,
    "researchAndDevelopmentExpenses": 603000000,
    "generalAndAdministrativeExpenses": 0,
    "sellingAndMarketingExpenses": 0,
    "sellingGeneralAndAdministrativeExpenses": 2181000000,
    "otherExpenses": 0,
    "operatingExpenses": 2784000000,
    "costAndExpenses": 14919000000,
    "interestIncome": 0,
    "interestExpense": 279000000,
    "depreciationAndAmortization": 947000000,
    "ebitda": 2499000000,
    "ebitdaratio": 0.1464658305,
    "operatingIncome": 2143000000,
    "operatingIncomeRatio": 0.1256007502,
    "totalOtherIncomeExpensesNet": -870000000,
    "incomeBeforeTax": 1273000000,
    "incomeBeforeTaxRatio": 0.074610245,
    "incomeTaxExpense": 212000000,
    "netIncome": 1062000000,
    "netIncomeRatio": 0.0622435822,
    "eps": 5.54,
    "epsdiluted": 5.49,
    "weightedAverageShsOut": 191800000,
    "weightedAverageShsOutDil": 193500000,
    "link": "https://www.sec.gov/Archives/edgar/data/202058/000020205823000014/0000202058-23-000014-index.htm",
    "finalLink": "https://www.sec.gov/Archives/edgar/data/202058/000020205823000014/hrs-20221230.htm"
  },
  {
    "date": "2021-12-31",
    "symbol": "LHX",
    "reportedCurrency": "USD",
    "cik": "0000202058",
    "fillingDate": "2022-02-25",
    "acceptedDate": "2022-02-25 16:08:24",
    "calendarYear": "2021",
    "period": "FY",
    "revenue": 17814000000,
    "costOfRevenue": 12438000000,
    "grossProfit": 5376000000,
    "grossProfitRatio": 0.3017851128,
    "researchAndDevelopmentExpenses": 692000000,
    "generalAndAdministrativeExpenses": 0,
    "sellingAndMarketingExpenses": 0,
    "sellingGeneralAndAdministrativeExpenses": 2460000000,
    "otherExpenses": 0,
    "operatingExpenses": 3152000000,
    "costAndExpenses": 15590000000,
    "interestIncome": 0,
    "interestExpense": 265000000,
    "depreciationAndAmortization": 970000000,
    "ebitda": 3518000000,
    "ebitdaratio": 0.1974851241,
    "operatingIncome": 2224000000,
    "operatingIncomeRatio": 0.124845627,
    "totalOtherIncomeExpensesNet": 59000000,
    "incomeBeforeTax": 2283000000,
    "incomeBeforeTaxRatio": 0.1281576288,
    "incomeTaxExpense": 440000000,
    "netIncome": 1846000000,
    "netIncomeRatio": 0.1036263613,
    "eps": 9.17,
    "epsdiluted": 9.08,
    "weightedAverageShsOut": 201300000,
    "weightedAverageShsOutDil": 203200000,
    "link": "https://www.sec.gov/Archives/edgar/data/202058/000020205822000015/0000202058-22-000015-index.htm",
    "finalLink": "https://www.sec.gov/Archives/edgar/data/202058/000020205822000015/hrs-20211231.htm"
  },
  {
    "date": "2021-01-01",
    "symbol": "LHX",
    "reportedCurrency": "USD",
    "cik": "0000202058",
    "fillingDate": "2021-03-01",
    "acceptedDate": "2021-03-01 16:58:49",
    "calendarYear": "2020",
    "period": "FY",
    "revenue": 18194000000,
    "costOfRevenue": 12855000000,
    "grossProfit": 5339000000,
    "grossProfitRatio": 0.2934483896,
    "researchAndDevelopmentExpenses": 684000000,
    "generalAndAdministrativeExpenses": 0,
    "sellingAndMarketingExpenses": 0,
    "sellingGeneralAndAdministrativeExpenses": 2484000000,
    "otherExpenses": 0,
    "operatingExpenses": 3168000000,
    "costAndExpenses": 16023000000,
    "interestIncome": 16000000,
    "interestExpense": 270000000,
    "depreciationAndAmortization": 1047000000,
    "ebitda": 2639000000,
    "ebitdaratio": 0.145047818,
    "operatingIncome": 2171000000,
    "operatingIncomeRatio": 0.1193250522,
    "totalOtherIncomeExpensesNet": -849000000,
    "incomeBeforeTax": 1322000000,
    "incomeBeforeTaxRatio": 0.0726613169,
    "incomeTaxExpense": 234000000,
    "netIncome": 1119000000,
    "netIncomeRatio": 0.0615037925,
    "eps": 5.23,
    "epsdiluted": 5.18,
    "weightedAverageShsOut": 214000000,
    "weightedAverageShsOutDil": 215900000,
    "link": "https://www.sec.gov/Archives/edgar/data/202058/000020205821000008/0000202058-21-000008-index.htm",
    "finalLink": "https://www.sec.gov/Archives/edgar/data/202058/000020205821000008/hrs-20210101.htm"
  },
  {
    "date": "2019-12-31",
    "symbol": "LHX",
    "reportedCurrency": "USD",
    "cik": "0000202058",
    "fillingDate": "2019-12-31",
    "acceptedDate": "2019-12-30 19:00:00",
    "calendarYear": "2019",
    "period": "FY",
    "revenue": 18526000000,
    "costOfRevenue": 13452000000,
    "grossProfit": 5074000000,
    "grossProfitRatio": 0.2738853503,
    "researchAndDevelopmentExpenses": 658000000,
    "generalAndAdministrativeExpenses": 0,
    "sellingAndMarketingExpenses": 0,
    "sellingGeneralAndAdministrativeExpenses": 2156000000,
    "otherExpenses": 0,
    "operatingExpenses": 2814000000,
    "costAndExpenses": 16266000000,
    "interestIncome": 0,
    "interestExpense": 0,
    "depreciationAndAmortization": 894000000,
    "ebitda": 2980000000,
    "ebitdaratio": 0.1608550146,
    "operatingIncome": 2260000000,
    "operatingIncomeRatio": 0.1219907158,
    "totalOtherIncomeExpensesNet": -444000000,
    "incomeBeforeTax": 1816000000,
    "incomeBeforeTaxRatio": 0.0980243981,
    "incomeTaxExpense": 146000000,
    "netIncome": 1644000000,
    "netIncomeRatio": 0.088740149,
    "eps": 7.43,
    "epsdiluted": 7.35,
    "weightedAverageShsOut": 221200000,
    "weightedAverageShsOutDil": 223700000,
    "link": null,
    "finalLink": null
  },
  {
    "date": "2019-06-28",
    "symbol": "LHX",
    "reportedCurrency": "USD",
    "cik": "0000202058",
    "fillingDate": "2019-08-22",
    "acceptedDate": "2019-08-22 15:04:00",
    "calendarYear": "2018",
    "period": "FY",
    "revenue": 6801000000,
    "costOfRevenue": 4467000000,
    "grossProfit": 2334000000,
    "grossProfitRatio": 0.3431848258,
    "researchAndDevelopmentExpenses": 0,
    "generalAndAdministrativeExpenses": 0,
    "sellingAndMarketingExpenses": 0,
    "sellingGeneralAndAdministrativeExpenses": 1242000000,
    "otherExpenses": 0,
    "operatingExpenses": 1242000000,
    "costAndExpenses": 5709000000,
    "interestIncome": 2000000,
    "interestExpense": 167000000,
    "depreciationAndAmortization": 258000000,
    "ebitda": 1538000000,
    "ebitdaratio": 0.2261432142,
    "operatingIncome": 1280000000,
    "operatingIncomeRatio": 0.1882076165,
    "totalOtherIncomeExpensesNet": 21000000,
    "incomeBeforeTax": 1113000000,
    "incomeBeforeTaxRatio": 0.1636524041,
    "incomeTaxExpense": 160000000,
    "netIncome": 949000000,
    "netIncomeRatio": 0.1395383032,
    "eps": 8.04,
    "epsdiluted": 7.88,
    "weightedAverageShsOut": 118000000,
    "weightedAverageShsOutDil": 120500000,
    "link": "https://www.sec.gov/Archives/edgar/data/202058/000020205819000090/0000202058-19-000090-index.htm",
    "finalLink": "https://www.sec.gov/Archives/edgar/data/202058/000020205819000090/hrs628201910-k.htm"
  },
  {
    "date": "2018-06-29",
    "symbol": "LHX",
    "reportedCurrency": "USD",
    "cik": "0000202058",
    "fillingDate": "2018-08-27",
    "acceptedDate": "2018-08-27 16:55:27",
    "calendarYear": "2017",
    "period": "FY",
    "revenue": 6182000000,
    "costOfRevenue": 4032000000,
    "grossProfit": 2150000000,
    "grossProfitRatio": 0.3477838887,
    "researchAndDevelopmentExpenses": 311000000,
    "generalAndAdministrativeExpenses": 0,
    "sellingAndMarketingExpenses": 0,
    "sellingGeneralAndAdministrativeExpenses": 667000000,
    "otherExpenses": 0,
    "operatingExpenses": 978000000,
    "costAndExpenses": 5010000000,
    "interestIncome": 2000000,
    "interestExpense": 170000000,
    "depreciationAndAmortization": 260000000,
    "ebitda": 1356000000,
    "ebitdaratio": 0.2193464898,
    "operatingIncome": 1172000000,
    "operatingIncomeRatio": 0.1895826593,
    "totalOtherIncomeExpensesNet": -246000000,
    "incomeBeforeTax": 908000000,
    "incomeBeforeTaxRatio": 0.146878033,
    "incomeTaxExpense": 206000000,
    "netIncome": 699000000,
    "netIncomeRatio": 0.1130702038,
    "eps": 5.89,
    "epsdiluted": 5.77,
    "weightedAverageShsOut": 118600000,
    "weightedAverageShsOutDil": 121100000,
    "link": "https://www.sec.gov/Archives/edgar/data/202058/000020205818000063/0000202058-18-000063-index.htm",
    "finalLink": "https://www.sec.gov/Archives/edgar/data/202058/000020205818000063/hrs629201810-k.htm"
  },
  {
    "date": "2017-06-30",
    "symbol": "LHX",
    "reportedCurrency": "USD",
    "cik": "0000202058",
    "fillingDate": "2017-08-29",
    "acceptedDate": "2017-08-29 14:10:47",
    "calendarYear": "2016",
    "period": "FY",
    "revenue": 5900000000,
    "costOfRevenue": 3843000000,
    "grossProfit": 2057000000,
    "grossProfitRatio": 0.3486440678,
    "researchAndDevelopmentExpenses": 310000000,
    "generalAndAdministrativeExpenses": 0,
    "sellingAndMarketingExpenses": 0,
    "sellingGeneralAndAdministrativeExpenses": 616000000,
    "otherExpenses": 0,
    "operatingExpenses": 926000000,
    "costAndExpenses": 4769000000,
    "interestIncome": 2000000,
    "interestExpense": 172000000,
    "depreciationAndAmortization": 273000000,
    "ebitda": 1350000000,
    "ebitdaratio": 0.2288135593,
    "operatingIncome": 1131000000,
    "operatingIncomeRatio": 0.1916949153,
    "totalOtherIncomeExpensesNet": -226000000,
    "incomeBeforeTax": 889000000,
    "incomeBeforeTaxRatio": 0.1506779661,
    "incomeTaxExpense": 261000000,
    "netIncome": 543000000,
    "netIncomeRatio": 0.0920338983,
    "eps": 4.5,
    "epsdiluted": 4.44,
    "weightedAverageShsOut": 122600000,
    "weightedAverageShsOutDil": 124300000,
    "link": "https://www.sec.gov/Archives/edgar/data/202058/000020205817000037/0000202058-17-000037-index.htm",
    "finalLink": "https://www.sec.gov/Archives/edgar/data/202058/000020205817000037/hrs630201710-k.htm"
  },
  {
    "date": "2016-07-01",
    "symbol": "LHX",
    "reportedCurrency": "USD",
    "cik": "0000202058",
    "fillingDate": "2016-08-29",
    "acceptedDate": "2016-08-29 17:29:47",
    "calendarYear": "2015",
    "period": "FY",
    "revenue": 5992000000,
    "costOfRevenue": 3995000000,
    "grossProfit": 1997000000,
    "grossProfitRatio": 0.3332777036,
    "researchAndDevelopmentExpenses": 305000000,
    "generalAndAdministrativeExpenses": 0,
    "sellingAndMarketingExpenses": 0,
    "sellingGeneralAndAdministrativeExpenses": 463000000,
    "otherExpenses": 0,
    "operatingExpenses": 768000000,
    "costAndExpenses": 4763000000,
    "interestIncome": 2000000,
    "interestExpense": 183000000,
    "depreciationAndAmortization": 289000000,
    "ebitda": 1356000000,
    "ebitdaratio": 0.2263017356,
    "operatingIncome": 1229000000,
    "operatingIncomeRatio": 0.2051068091,
    "totalOtherIncomeExpensesNet": -345000000,
    "incomeBeforeTax": 884000000,
    "incomeBeforeTaxRatio": 0.1475300401,
    "incomeTaxExpense": 273000000,
    "netIncome": 324000000,
    "netIncomeRatio": 0.0540720961,
    "eps": 2.61,
    "epsdiluted": 2.59,
    "weightedAverageShsOut": 123800000,
    "weightedAverageShsOutDil": 125000000,
    "link": "https://www.sec.gov/Archives/edgar/data/202058/000020205816000022/0000202058-16-000022-index.htm",
    "finalLink": "https://www.sec.gov/Archives/edgar/data/202058/000020205816000022/hrs71201610-k.htm"
  },
  {
    "date": "2015-07-03",
    "symbol": "LHX",
    "reportedCurrency": "USD",
    "cik": "0000202058",
    "fillingDate": "2015-08-31",
    "acceptedDate": "2015-08-31 17:24:39",
    "calendarYear": "2014",
    "period": "FY",
    "revenue": 5083000000,
    "costOfRevenue": 3356000000,
    "grossProfit": 1727000000,
    "grossProfitRatio": 0.3397599843,
    "researchAndDevelopmentExpenses": 277000000,
    "generalAndAdministrativeExpenses": 0,
    "sellingAndMarketingExpenses": 0,
    "sellingGeneralAndAdministrativeExpenses": 549000000,
    "otherExpenses": 0,
    "operatingExpenses": 826000000,
    "costAndExpenses": 4182000000,
    "interestIncome": 2000000,
    "interestExpense": 130000000,
    "depreciationAndAmortization": 223000000,
    "ebitda": 830000000,
    "ebitdaratio": 0.163289396,
    "operatingIncome": 901000000,
    "operatingIncomeRatio": 0.1772575251,
    "totalOtherIncomeExpensesNet": -424000000,
    "incomeBeforeTax": 396000000,
    "incomeBeforeTaxRatio": 0.077906748,
    "incomeTaxExpense": 109000000,
    "netIncome": 334000000,
    "netIncomeRatio": 0.0657092268,
    "eps": 3.15,
    "epsdiluted": 3.11,
    "weightedAverageShsOut": 105700000,
    "weightedAverageShsOutDil": 106800000,
    "link": "https://www.sec.gov/Archives/edgar/data/202058/000119312515308363/0001193125-15-308363-index.htm",
    "finalLink": "https://www.sec.gov/Archives/edgar/data/202058/000119312515308363/d22254d10k.htm"
  },
  {
    "date": "2014-06-27",
    "symbol": "LHX",
    "reportedCurrency": "USD",
    "cik": "0000202058",
    "fillingDate": "2014-08-25",
    "acceptedDate": "2014-08-25 17:30:23",
    "calendarYear": "2013",
    "period": "FY",
    "revenue": 5012000000,
    "costOfRevenue": 3310500000,
    "grossProfit": 1701500000,
    "grossProfitRatio": 0.3394852354,
    "researchAndDevelopmentExpenses": 264100000,
    "generalAndAdministrativeExpenses": 0,
    "sellingAndMarketingExpenses": 0,
    "sellingGeneralAndAdministrativeExpenses": 555500000,
    "otherExpenses": 0,
    "operatingExpenses": 819600000,
    "costAndExpenses": 4130100000,
    "interestIncome": 3000000,
    "interestExpense": 94000000,
    "depreciationAndAmortization": 201400000,
    "ebitda": 1090400000,
    "ebitdaratio": 0.2175578611,
    "operatingIncome": 881900000,
    "operatingIncomeRatio": 0.1759577015,
    "totalOtherIncomeExpensesNet": -86500000,
    "incomeBeforeTax": 795000000,
    "incomeBeforeTaxRatio": 0.1586193136,
    "incomeTaxExpense": 256000000,
    "netIncome": 535000000,
    "netIncomeRatio": 0.1067438148,
    "eps": 5,
    "epsdiluted": 4.95,
    "weightedAverageShsOut": 106100000,
    "weightedAverageShsOutDil": 107300000,
    "link": "https://www.sec.gov/Archives/edgar/data/202058/000119312514320240/0001193125-14-320240-index.htm",
    "finalLink": "https://www.sec.gov/Archives/edgar/data/202058/000119312514320240/d769277d10k.htm"
  },
  {
    "date": "2013-06-28",
    "symbol": "LHX",
    "reportedCurrency": "USD",
    "cik": "0000202058",
    "fillingDate": "2013-08-26",
    "acceptedDate": "2013-08-26 17:14:57",
    "calendarYear": "2012",
    "period": "FY",
    "revenue": 5111700000,
    "costOfRevenue": 3385000000,
    "grossProfit": 1726700000,
    "grossProfitRatio": 0.337793689,
    "researchAndDevelopmentExpenses": 236300000,
    "generalAndAdministrativeExpenses": 0,
    "sellingAndMarketingExpenses": 0,
    "sellingGeneralAndAdministrativeExpenses": 634200000,
    "otherExpenses": 0,
    "operatingExpenses": 870500000,
    "costAndExpenses": 4255500000,
    "interestIncome": 2000000,
    "interestExpense": 109000000,
    "depreciationAndAmortization": 220900000,
    "ebitda": 994600000,
    "ebitdaratio": 0.194573234,
    "operatingIncome": 856200000,
    "operatingIncomeRatio": 0.1674980926,
    "totalOtherIncomeExpensesNet": -191600000,
    "incomeBeforeTax": 665000000,
    "incomeBeforeTaxRatio": 0.1300937066,
    "incomeTaxExpense": 203000000,
    "netIncome": 113000000,
    "netIncomeRatio": 0.0221061486,
    "eps": 1.01,
    "epsdiluted": 1.01,
    "weightedAverageShsOut": 110500000,
    "weightedAverageShsOutDil": 111200000,
    "link": "https://www.sec.gov/Archives/edgar/data/202058/000119312513346761/0001193125-13-346761-index.htm",
    "finalLink": "https://www.sec.gov/Archives/edgar/data/202058/000119312513346761/d578172d10k.htm"
  },
  {
    "date": "2012-06-29",
    "symbol": "LHX",
    "reportedCurrency": "USD",
    "cik": "0000202058",
    "fillingDate": "2012-08-27",
    "acceptedDate": "2012-08-27 17:01:35",
    "calendarYear": "2011",
    "period": "FY",
    "revenue": 5451300000,
    "costOfRevenue": 3569300000,
    "grossProfit": 1882000000,
    "grossProfitRatio": 0.3452387504,
    "researchAndDevelopmentExpenses": 218900000,
    "generalAndAdministrativeExpenses": 0,
    "sellingAndMarketingExpenses": 0,
    "sellingGeneralAndAdministrativeExpenses": 722000000,
    "otherExpenses": 0,
    "operatingExpenses": 940900000,
    "costAndExpenses": 4510200000,
    "interestIncome": 2500000,
    "interestExpense": 113200000,
    "depreciationAndAmortization": 221600000,
    "ebitda": 1176700000,
    "ebitdaratio": 0.2158567681,
    "operatingIncome": 941100000,
    "operatingIncomeRatio": 0.1726377194,
    "totalOtherIncomeExpensesNet": -99200000,
    "incomeBeforeTax": 841900000,
    "incomeBeforeTaxRatio": 0.1544402253,
    "incomeTaxExpense": 286000000,
    "netIncome": 30600000,
    "netIncomeRatio": 0.0056133399,
    "eps": 0.26,
    "epsdiluted": 0.26,
    "weightedAverageShsOut": 114200000,
    "weightedAverageShsOutDil": 114800000,
    "link": "https://www.sec.gov/Archives/edgar/data/202058/000119312512369967/0001193125-12-369967-index.htm",
    "finalLink": "https://www.sec.gov/Archives/edgar/data/202058/000119312512369967/d392048d10k.htm"
  },
  {
    "date": "2011-07-01",
    "symbol": "LHX",
    "reportedCurrency": "USD",
    "cik": "0000202058",
    "fillingDate": "2011-08-29",
    "acceptedDate": "2011-08-29 17:19:57",
    "calendarYear": "2010",
    "period": "FY",
    "revenue": 5418400000,
    "costOfRevenue": 3532500000,
    "grossProfit": 1885900000,
    "grossProfitRatio": 0.3480547763,
    "researchAndDevelopmentExpenses": 239800000,
    "generalAndAdministrativeExpenses": 0,
    "sellingAndMarketingExpenses": 0,
    "sellingGeneralAndAdministrativeExpenses": 604500000,
    "otherExpenses": 0,
    "operatingExpenses": 844300000,
    "costAndExpenses": 4376800000,
    "interestIncome": 2800000,
    "interestExpense": 90400000,
    "depreciationAndAmortization": 183100000,
    "ebitda": 1179000000,
    "ebitdaratio": 0.2175919091,
    "operatingIncome": 1041599999,
    "operatingIncomeRatio": 0.1922338696,
    "totalOtherIncomeExpensesNet": -136099999,
    "incomeBeforeTax": 905500000,
    "incomeBeforeTaxRatio": 0.1671157537,
    "incomeTaxExpense": 306800000,
    "netIncome": 588000000,
    "netIncomeRatio": 0.10851912,
    "eps": 4.63,
    "epsdiluted": 4.6,
    "weightedAverageShsOut": 125300000,
    "weightedAverageShsOutDil": 126300000,
    "link": "https://www.sec.gov/Archives/edgar/data/202058/000095012311081041/0000950123-11-081041-index.htm",
    "finalLink": "https://www.sec.gov/Archives/edgar/data/202058/000095012311081041/g27195e10vk.htm"
  },
  {
    "date": "2010-07-02",
    "symbol": "LHX",
    "reportedCurrency": "USD",
    "cik": "0000202058",
    "fillingDate": "2010-08-30",
    "acceptedDate": "2010-08-30 15:44:53",
    "calendarYear": "2009",
    "period": "FY",
    "revenue": 4725000000,
    "costOfRevenue": 3052900000,
    "grossProfit": 1672100000,
    "grossProfitRatio": 0.3538835979,
    "researchAndDevelopmentExpenses": 228100000,
    "generalAndAdministrativeExpenses": 0,
    "sellingAndMarketingExpenses": 0,
    "sellingGeneralAndAdministrativeExpenses": 495100000,
    "otherExpenses": 0,
    "operatingExpenses": 723200000,
    "costAndExpenses": 3776100000,
    "interestIncome": 1500000,
    "interestExpense": 72100000,
    "depreciationAndAmortization": 139900000,
    "ebitda": 1088400000,
    "ebitdaratio": 0.2303492063,
    "operatingIncome": 948900000,
    "operatingIncomeRatio": 0.2008253968,
    "totalOtherIncomeExpensesNet": -72500000,
    "incomeBeforeTax": 876400000,
    "incomeBeforeTaxRatio": 0.1854814815,
    "incomeTaxExpense": 295400000,
    "netIncome": 561600000,
    "netIncomeRatio": 0.1188571429,
    "eps": 4.31,
    "epsdiluted": 4.28,
    "weightedAverageShsOut": 129000000,
    "weightedAverageShsOutDil": 130000000,
    "link": "https://www.sec.gov/Archives/edgar/data/202058/000095012310082207/0000950123-10-082207-index.htm",
    "finalLink": "https://www.sec.gov/Archives/edgar/data/202058/000095012310082207/g23399e10vk.htm"
  },
  {
    "date": "2009-07-03",
    "symbol": "LHX",
    "reportedCurrency": "USD",
    "cik": "0000202058",
    "fillingDate": "2009-08-31",
    "acceptedDate": "2009-08-31 17:09:07",
    "calendarYear": "2008",
    "period": "FY",
    "revenue": 5005000000,
    "costOfRevenue": 3420200000,
    "grossProfit": 1584800000,
    "grossProfitRatio": 0.3166433566,
    "researchAndDevelopmentExpenses": 243500000,
    "generalAndAdministrativeExpenses": 0,
    "sellingAndMarketingExpenses": 0,
    "sellingGeneralAndAdministrativeExpenses": 535400000,
    "otherExpenses": 0,
    "operatingExpenses": 778900000,
    "costAndExpenses": 4199100000,
    "interestIncome": 3200000,
    "interestExpense": 52800000,
    "depreciationAndAmortization": 141500000,
    "ebitda": 679600000,
    "ebitdaratio": 0.1357842158,
    "operatingIncome": 805900000,
    "operatingIncomeRatio": 0.161018981,
    "totalOtherIncomeExpensesNet": -320600000,
    "incomeBeforeTax": 485300000,
    "incomeBeforeTaxRatio": 0.096963037,
    "incomeTaxExpense": 172900000,
    "netIncome": 37900000,
    "netIncomeRatio": 0.0075724276,
    "eps": 0.29,
    "epsdiluted": 0.28,
    "weightedAverageShsOut": 132300000,
    "weightedAverageShsOutDil": 133200000,
    "link": "https://www.sec.gov/Archives/edgar/data/202058/000095012309039868/0000950123-09-039868-index.htm",
    "finalLink": "https://www.sec.gov/Archives/edgar/data/202058/000095012309039868/g20164e10vk.htm"
  },
  {
    "date": "2008-06-27",
    "symbol": "LHX",
    "reportedCurrency": "USD",
    "cik": "0000202058",
    "fillingDate": "2008-08-26",
    "acceptedDate": "2008-08-25 17:56:07",
    "calendarYear": "2007",
    "period": "FY",
    "revenue": 4596100000,
    "costOfRevenue": 3145600000,
    "grossProfit": 1450500000,
    "grossProfitRatio": 0.3155936555,
    "researchAndDevelopmentExpenses": 248000000,
    "generalAndAdministrativeExpenses": 0,
    "sellingAndMarketingExpenses": 0,
    "sellingGeneralAndAdministrativeExpenses": 472100000,
    "otherExpenses": 0,
    "operatingExpenses": 720100000,
    "costAndExpenses": 3865700000,
    "interestIncome": 5200000,
    "interestExpense": 53100000,
    "depreciationAndAmortization": 136400000,
    "ebitda": 857000000,
    "ebitdaratio": 0.1864624355,
    "operatingIncome": 730400000,
    "operatingIncomeRatio": 0.158917343,
    "totalOtherIncomeExpensesNet": -62900000,
    "incomeBeforeTax": 667500000,
    "incomeBeforeTaxRatio": 0.145231827,
    "incomeTaxExpense": 214000000,
    "netIncome": 444200000,
    "netIncomeRatio": 0.0966471574,
    "eps": 3.32,
    "epsdiluted": 3.26,
    "weightedAverageShsOut": 133900000,
    "weightedAverageShsOutDil": 136500000,
    "link": "https://www.sec.gov/Archives/edgar/data/202058/000095014408006698/0000950144-08-006698-index.htm",
    "finalLink": "https://www.sec.gov/Archives/edgar/data/202058/000095014408006698/g14665e10vk.htm"
  },
  {
    "date": "2007-06-29",
    "symbol": "LHX",
    "reportedCurrency": "USD",
    "cik": "0000202058",
    "fillingDate": "2007-08-27",
    "acceptedDate": "2007-08-27 15:38:51",
    "calendarYear": "2006",
    "period": "FY",
    "revenue": 4243000000,
    "costOfRevenue": 2862400000,
    "grossProfit": 1380600000,
    "grossProfitRatio": 0.3253829837,
    "researchAndDevelopmentExpenses": 234600000,
    "generalAndAdministrativeExpenses": 0,
    "sellingAndMarketingExpenses": 0,
    "sellingGeneralAndAdministrativeExpenses": 532400000,
    "otherExpenses": 0,
    "operatingExpenses": 767000000,
    "costAndExpenses": 3629400000,
    "interestIncome": 0,
    "interestExpense": 0,
    "depreciationAndAmortization": 148500000,
    "ebitda": 850400000,
    "ebitdaratio": 0.2004242281,
    "operatingIncome": 613600000,
    "operatingIncomeRatio": 0.1446146594,
    "totalOtherIncomeExpensesNet": 47200000,
    "incomeBeforeTax": 660800000,
    "incomeBeforeTaxRatio": 0.155738864,
    "incomeTaxExpense": 190900000,
    "netIncome": 480400000,
    "netIncomeRatio": 0.113221777,
    "eps": 3.63,
    "epsdiluted": 3.43,
    "weightedAverageShsOut": 132341598,
    "weightedAverageShsOutDil": 140058309,
    "link": "https://www.sec.gov/Archives/edgar/data/202058/000095014407008190/0000950144-07-008190-index.htm",
    "finalLink": "https://www.sec.gov/Archives/edgar/data/202058/000095014407008190/g08574e10vk.htm"
  },
  {
    "date": "2006-06-30",
    "symbol": "LHX",
    "reportedCurrency": "USD",
    "cik": "0000202058",
    "fillingDate": "2006-09-07",
    "acceptedDate": "2006-09-06 19:35:48",
    "calendarYear": "2005",
    "period": "FY",
    "revenue": 3474800000,
    "costOfRevenue": 2385800000,
    "grossProfit": 1089000000,
    "grossProfitRatio": 0.3133993323,
    "researchAndDevelopmentExpenses": 197800000,
    "generalAndAdministrativeExpenses": 0,
    "sellingAndMarketingExpenses": 0,
    "sellingGeneralAndAdministrativeExpenses": 479100000,
    "otherExpenses": 0,
    "operatingExpenses": 676900000,
    "costAndExpenses": 3062700000,
    "interestIncome": 0,
    "interestExpense": 0,
    "depreciationAndAmortization": 96500000,
    "ebitda": 513800000,
    "ebitdaratio": 0.1478646253,
    "operatingIncome": 412100000,
    "operatingIncomeRatio": 0.1185967538,
    "totalOtherIncomeExpensesNet": -31300000,
    "incomeBeforeTax": 380800000,
    "incomeBeforeTaxRatio": 0.1095890411,
    "incomeTaxExpense": 142900000,
    "netIncome": 237900000,
    "netIncomeRatio": 0.0684643721,
    "eps": 1.79,
    "epsdiluted": 1.71,
    "weightedAverageShsOut": 132900000,
    "weightedAverageShsOutDil": 141600000,
    "link": "https://www.sec.gov/Archives/edgar/data/202058/000095014406008540/0000950144-06-008540-index.htm",
    "finalLink": "https://www.sec.gov/Archives/edgar/data/202058/000095014406008540/g02416e10vk.htm"
  },
  {
    "date": "2005-07-01",
    "symbol": "LHX",
    "reportedCurrency": "USD",
    "cik": "0000202058",
    "fillingDate": "2005-09-02",
    "acceptedDate": "2005-09-02 16:55:16",
    "calendarYear": "2004",
    "period": "FY",
    "revenue": 3000600000,
    "costOfRevenue": 2172000000,
    "grossProfit": 828600000,
    "grossProfitRatio": 0.276144771,
    "researchAndDevelopmentExpenses": 137300000,
    "generalAndAdministrativeExpenses": 0,
    "sellingAndMarketingExpenses": 0,
    "sellingGeneralAndAdministrativeExpenses": 361500000,
    "otherExpenses": 0,
    "operatingExpenses": 498800000,
    "costAndExpenses": 2670800000,
    "interestIncome": 0,
    "interestExpense": 0,
    "depreciationAndAmortization": 82600000,
    "ebitda": 409800000,
    "ebitdaratio": 0.1365726855,
    "operatingIncome": 329800000,
    "operatingIncomeRatio": 0.1099113511,
    "totalOtherIncomeExpensesNet": -31400000,
    "incomeBeforeTax": 298400000,
    "incomeBeforeTaxRatio": 0.0994467773,
    "incomeTaxExpense": 96200000,
    "netIncome": 202200000,
    "netIncomeRatio": 0.0673865227,
    "eps": 1.52,
    "epsdiluted": 1.46,
    "weightedAverageShsOut": 133026316,
    "weightedAverageShsOutDil": 138493151,
    "link": "https://www.sec.gov/Archives/edgar/data/202058/000095015205007458/0000950152-05-007458-index.htm",
    "finalLink": "https://www.sec.gov/Archives/edgar/data/202058/000095015205007458/l15252ae10vk.htm"
  },
  {
    "date": "2004-07-02",
    "symbol": "LHX",
    "reportedCurrency": "USD",
    "cik": "0000202058",
    "fillingDate": "2004-09-01",
    "acceptedDate": "2004-09-01 12:16:43",
    "calendarYear": "2003",
    "period": "FY",
    "revenue": 2518600000,
    "costOfRevenue": 1888300000,
    "grossProfit": 630300000,
    "grossProfitRatio": 0.2502580799,
    "researchAndDevelopmentExpenses": 111300000,
    "generalAndAdministrativeExpenses": 0,
    "sellingAndMarketingExpenses": 0,
    "sellingGeneralAndAdministrativeExpenses": 309700000,
    "otherExpenses": 0,
    "operatingExpenses": 421000000,
    "costAndExpenses": 2309300000,
    "interestIncome": 0,
    "interestExpense": 0,
    "depreciationAndAmortization": 55100000,
    "ebitda": 259600000,
    "ebitdaratio": 0.1030731359,
    "operatingIncome": 209300000,
    "operatingIncomeRatio": 0.0831017232,
    "totalOtherIncomeExpensesNet": -29300000,
    "incomeBeforeTax": 180000000,
    "incomeBeforeTaxRatio": 0.071468276,
    "incomeTaxExpense": 54300000,
    "netIncome": 132800000,
    "netIncomeRatio": 0.0527277059,
    "eps": 1,
    "epsdiluted": 0.97,
    "weightedAverageShsOut": 132800000,
    "weightedAverageShsOutDil": 136907216,
    "link": "https://www.sec.gov/Archives/edgar/data/202058/000095015204006593/0000950152-04-006593-index.htm",
    "finalLink": "https://www.sec.gov/Archives/edgar/data/202058/000095015204006593/l09036ae10vk.htm"
  },
  {
    "date": "2003-06-27",
    "symbol": "LHX",
    "reportedCurrency": "USD",
    "cik": "0000202058",
    "fillingDate": "2003-08-28",
    "acceptedDate": "2003-08-28 16:50:20",
    "calendarYear": "2002",
    "period": "FY",
    "revenue": 2060600000,
    "costOfRevenue": 1543200000,
    "grossProfit": 517400000,
    "grossProfitRatio": 0.251091915,
    "researchAndDevelopmentExpenses": 0,
    "generalAndAdministrativeExpenses": 0,
    "sellingAndMarketingExpenses": 0,
    "sellingGeneralAndAdministrativeExpenses": 414100000,
    "otherExpenses": 0,
    "operatingExpenses": 414100000,
    "costAndExpenses": 1957300000,
    "interestIncome": 0,
    "interestExpense": 0,
    "depreciationAndAmortization": 56400000,
    "ebitda": 136000000,
    "ebitdaratio": 0.0660001941,
    "operatingIncome": 79600000,
    "operatingIncomeRatio": 0.0386295254,
    "totalOtherIncomeExpensesNet": 28600000,
    "incomeBeforeTax": 108200000,
    "incomeBeforeTaxRatio": 0.052508978,
    "incomeTaxExpense": 37900000,
    "netIncome": 59500000,
    "netIncomeRatio": 0.0288750849,
    "eps": 0.45,
    "epsdiluted": 0.45,
    "weightedAverageShsOut": 132222222,
    "weightedAverageShsOutDil": 132222222,
    "link": "https://www.sec.gov/Archives/edgar/data/202058/000095015203007977/0000950152-03-007977-index.htm",
    "finalLink": "https://www.sec.gov/Archives/edgar/data/202058/000095015203007977/l02647ae10vk.htm"
  },
  {
    "date": "2002-06-28",
    "symbol": "LHX",
    "reportedCurrency": "USD",
    "cik": "0000202058",
    "fillingDate": "2002-09-03",
    "acceptedDate": "2002-09-03 16:01:30",
    "calendarYear": "2001",
    "period": "FY",
    "revenue": 1835800000,
    "costOfRevenue": 1353400000,
    "grossProfit": 482400000,
    "grossProfitRatio": 0.2627737226,
    "researchAndDevelopmentExpenses": 0,
    "generalAndAdministrativeExpenses": 0,
    "sellingAndMarketingExpenses": 0,
    "sellingGeneralAndAdministrativeExpenses": 378300000,
    "otherExpenses": 0,
    "operatingExpenses": 378300000,
    "costAndExpenses": 1731700000,
    "interestIncome": 0,
    "interestExpense": 0,
    "depreciationAndAmortization": 55100000,
    "ebitda": 118200000,
    "ebitdaratio": 0.0643860987,
    "operatingIncome": 63100000,
    "operatingIncomeRatio": 0.0343719359,
    "totalOtherIncomeExpensesNet": 68600000,
    "incomeBeforeTax": 131700000,
    "incomeBeforeTaxRatio": 0.0717398409,
    "incomeTaxExpense": 44700000,
    "netIncome": 82600000,
    "netIncomeRatio": 0.0449940081,
    "eps": 0.62,
    "epsdiluted": 0.62,
    "weightedAverageShsOut": 131800000,
    "weightedAverageShsOutDil": 133225806,
    "link": "https://www.sec.gov/Archives/edgar/data/202058/000095015202006756/0000950152-02-006756-index.htm",
    "finalLink": "https://www.sec.gov/Archives/edgar/data/202058/000095015202006756/l95435be10vk.htm"
  },
  {
    "date": "2001-06-29",
    "symbol": "LHX",
    "reportedCurrency": "USD",
    "cik": "0000202058",
    "fillingDate": "2001-08-31",
    "acceptedDate": "2001-08-31 00:00:00",
    "calendarYear": "2000",
    "period": "FY",
    "revenue": 1955100000,
    "costOfRevenue": 1431100000,
    "grossProfit": 524000000,
    "grossProfitRatio": 0.2680169812,
    "researchAndDevelopmentExpenses": 0,
    "generalAndAdministrativeExpenses": 0,
    "sellingAndMarketingExpenses": 0,
    "sellingGeneralAndAdministrativeExpenses": 414400000,
    "otherExpenses": 0,
    "operatingExpenses": 356600000,
    "costAndExpenses": 1787700000,
    "interestIncome": 0,
    "interestExpense": 0,
    "depreciationAndAmortization": 79700000,
    "ebitda": 240600000,
    "ebitdaratio": 0.1230627589,
    "operatingIncome": 160900000,
    "operatingIncomeRatio": 0.0822975807,
    "totalOtherIncomeExpensesNet": -95000000,
    "incomeBeforeTax": 72400000,
    "incomeBeforeTaxRatio": 0.0370313539,
    "incomeTaxExpense": 51000000,
    "netIncome": 21400000,
    "netIncomeRatio": 0.0109457317,
    "eps": 0.16,
    "epsdiluted": 0.16,
    "weightedAverageShsOut": 133750000,
    "weightedAverageShsOutDil": 133750000,
    "link": "https://www.sec.gov/Archives/edgar/data/202058/000095015201504250/0000950152-01-504250-index.htm",
    "finalLink": "https://www.sec.gov/Archives/edgar/data/202058/000095015201504250/l89738be10-k405.htm"
  },
  {
    "date": "2000-06-30",
    "symbol": "LHX",
    "reportedCurrency": "USD",
    "cik": "0000202058",
    "fillingDate": "2000-08-30",
    "acceptedDate": "2000-08-30 00:00:00",
    "calendarYear": "1999",
    "period": "FY",
    "revenue": 1807400000,
    "costOfRevenue": 1294500000,
    "grossProfit": 512900000,
    "grossProfitRatio": 0.2837778024,
    "researchAndDevelopmentExpenses": 0,
    "generalAndAdministrativeExpenses": 0,
    "sellingAndMarketingExpenses": 0,
    "sellingGeneralAndAdministrativeExpenses": 415200000,
    "otherExpenses": 0,
    "operatingExpenses": 483800000,
    "costAndExpenses": 1778300000,
    "interestIncome": 0,
    "interestExpense": 0,
    "depreciationAndAmortization": 68600000,
    "ebitda": 90500000,
    "ebitdaratio": 0.0500719265,
    "operatingIncome": 21900000,
    "operatingIncomeRatio": 0.0121168529,
    "totalOtherIncomeExpensesNet": 2200000,
    "incomeBeforeTax": 38500000,
    "incomeBeforeTaxRatio": 0.0213013168,
    "incomeTaxExpense": 13500000,
    "netIncome": 18000000,
    "netIncomeRatio": 0.0099590572,
    "eps": 0.13,
    "epsdiluted": 0.13,
    "weightedAverageShsOut": 149000000,
    "weightedAverageShsOutDil": 149000000,
    "link": "https://www.sec.gov/Archives/edgar/data/202058/000095015200006372/0000950152-00-006372-index.htm",
    "finalLink": "https://www.sec.gov/Archives/edgar/data/202058/000095015200006372/l82915ae10-k.htm"
  },
  {
    "date": "1999-07-02",
    "symbol": "LHX",
    "reportedCurrency": "USD",
    "cik": "0000202058",
    "fillingDate": "1999-09-13",
    "acceptedDate": "1999-09-13 00:00:00",
    "calendarYear": "1998",
    "period": "FY",
    "revenue": 1743500000,
    "costOfRevenue": 1214800000,
    "grossProfit": 528700000,
    "grossProfitRatio": 0.303240608,
    "researchAndDevelopmentExpenses": 0,
    "generalAndAdministrativeExpenses": 0,
    "sellingAndMarketingExpenses": 0,
    "sellingGeneralAndAdministrativeExpenses": 384300000,
    "otherExpenses": 0,
    "operatingExpenses": 447800000,
    "costAndExpenses": 1662600000,
    "interestIncome": 0,
    "interestExpense": 0,
    "depreciationAndAmortization": 63500000,
    "ebitda": 150800000,
    "ebitdaratio": 0.0864926871,
    "operatingIncome": 87300000,
    "operatingIncomeRatio": 0.0500716949,
    "totalOtherIncomeExpensesNet": -2900000,
    "incomeBeforeTax": 78000000,
    "incomeBeforeTaxRatio": 0.0447375968,
    "incomeTaxExpense": 28100000,
    "netIncome": 53100000,
    "netIncomeRatio": 0.0304559794,
    "eps": 0.34,
    "epsdiluted": 0.34,
    "weightedAverageShsOut": 158507463,
    "weightedAverageShsOutDil": 158507463,
    "link": "https://www.sec.gov/Archives/edgar/data/202058/000095015299007513/0000950152-99-007513-index.html",
    "finalLink": "https://www.sec.gov/Archives/edgar/data/202058/000095015299007513/"
  },
  {
    "date": "1998-07-03",
    "symbol": "LHX",
    "reportedCurrency": "USD",
    "cik": "0000202058",
    "fillingDate": "1998-09-02",
    "acceptedDate": "1998-09-02 00:00:00",
    "calendarYear": "1997",
    "period": "FY",
    "revenue": 1924800000,
    "costOfRevenue": 1381600000,
    "grossProfit": 543200000,
    "grossProfitRatio": 0.2822111388,
    "researchAndDevelopmentExpenses": 0,
    "generalAndAdministrativeExpenses": 0,
    "sellingAndMarketingExpenses": 0,
    "sellingGeneralAndAdministrativeExpenses": 420700000,
    "otherExpenses": 0,
    "operatingExpenses": 482600000,
    "costAndExpenses": 1864200000,
    "interestIncome": 0,
    "interestExpense": 0,
    "depreciationAndAmortization": 61900000,
    "ebitda": 81000000,
    "ebitdaratio": 0.0420822943,
    "operatingIncome": 19100000,
    "operatingIncomeRatio": 0.0099231089,
    "totalOtherIncomeExpensesNet": 84600000,
    "incomeBeforeTax": 103700000,
    "incomeBeforeTaxRatio": 0.0538757273,
    "incomeTaxExpense": 37300000,
    "netIncome": 133000000,
    "netIncomeRatio": 0.0690980881,
    "eps": 0.84,
    "epsdiluted": 0.83,
    "weightedAverageShsOut": 158333333,
    "weightedAverageShsOutDil": 160240964,
    "link": "https://www.sec.gov/Archives/edgar/data/202058/000095015298007309/0000950152-98-007309-index.html",
    "finalLink": "https://www.sec.gov/Archives/edgar/data/202058/"
  },
  {
    "date": "1997-06-27",
    "symbol": "LHX",
    "reportedCurrency": "USD",
    "cik": "0000202058",
    "fillingDate": "1997-08-29",
    "acceptedDate": "1997-08-29 00:00:00",
    "calendarYear": "1996",
    "period": "FY",
    "revenue": 1948600000,
    "costOfRevenue": 1397900000,
    "grossProfit": 550700000,
    "grossProfitRatio": 0.2826131582,
    "researchAndDevelopmentExpenses": 0,
    "generalAndAdministrativeExpenses": 0,
    "sellingAndMarketingExpenses": 0,
    "sellingGeneralAndAdministrativeExpenses": 399900000,
    "otherExpenses": 0,
    "operatingExpenses": 462700000,
    "costAndExpenses": 1860600000,
    "interestIncome": 0,
    "interestExpense": 0,
    "depreciationAndAmortization": 62800000,
    "ebitda": 120000000,
    "ebitdaratio": 0.0615826747,
    "operatingIncome": 57200000,
    "operatingIncomeRatio": 0.0293544083,
    "totalOtherIncomeExpensesNet": 42000000,
    "incomeBeforeTax": 99200000,
    "incomeBeforeTaxRatio": 0.0509083445,
    "incomeTaxExpense": 34900000,
    "netIncome": 207500000,
    "netIncomeRatio": 0.1064867084,
    "eps": 1.33,
    "epsdiluted": 1.33,
    "weightedAverageShsOut": 156015038,
    "weightedAverageShsOutDil": 156015038,
    "link": "https://www.sec.gov/Archives/edgar/data/202058/000095015297006326/0000950152-97-006326-index.html",
    "finalLink": "https://www.sec.gov/Archives/edgar/data/202058/"
  },
  {
    "date": "1996-06-30",
    "symbol": "LHX",
    "reportedCurrency": "USD",
    "cik": "0000202058",
    "fillingDate": "1996-09-18",
    "acceptedDate": "1996-09-18 00:00:00",
    "calendarYear": "1995",
    "period": "FY",
    "revenue": 3621200000,
    "costOfRevenue": 2233900000,
    "grossProfit": 1387300000,
    "grossProfitRatio": 0.3831050481,
    "researchAndDevelopmentExpenses": 0,
    "generalAndAdministrativeExpenses": 0,
    "sellingAndMarketingExpenses": 0,
    "sellingGeneralAndAdministrativeExpenses": 911900000,
    "otherExpenses": 0,
    "operatingExpenses": 1082600000,
    "costAndExpenses": 3316500000,
    "interestIncome": 0,
    "interestExpense": 0,
    "depreciationAndAmortization": 170700000,
    "ebitda": 443200000,
    "ebitdaratio": 0.1223903678,
    "operatingIncome": 272500000,
    "operatingIncomeRatio": 0.0752512979,
    "totalOtherIncomeExpensesNet": -30300000,
    "incomeBeforeTax": 274400000,
    "incomeBeforeTaxRatio": 0.0757759859,
    "incomeTaxExpense": 96000000,
    "netIncome": 178400000,
    "netIncomeRatio": 0.0492654369,
    "eps": 1.15,
    "epsdiluted": 1.15,
    "weightedAverageShsOut": 155807860,
    "weightedAverageShsOutDil": 155807860,
    "link": "https://www.sec.gov/Archives/edgar/data/202058/000095015296004770/0000950152-96-004770-index.html",
    "finalLink": "https://www.sec.gov/Archives/edgar/data/202058/"
  },
  {
    "date": "1995-06-30",
    "symbol": "LHX",
    "reportedCurrency": "USD",
    "cik": "0000202058",
    "fillingDate": "1995-09-08",
    "acceptedDate": "1995-09-08 00:00:00",
    "calendarYear": "1994",
    "period": "FY",
    "revenue": 3444100000,
    "costOfRevenue": 2163200000,
    "grossProfit": 1280900000,
    "grossProfitRatio": 0.3719113847,
    "researchAndDevelopmentExpenses": 0,
    "generalAndAdministrativeExpenses": 0,
    "sellingAndMarketingExpenses": 0,
    "sellingGeneralAndAdministrativeExpenses": 835800000,
    "otherExpenses": 0,
    "operatingExpenses": 1001100000,
    "costAndExpenses": 3164300000,
    "interestIncome": 0,
    "interestExpense": 0,
    "depreciationAndAmortization": 165300000,
    "ebitda": 421900000,
    "ebitdaratio": 0.1224993467,
    "operatingIncome": 256600000,
    "operatingIncomeRatio": 0.0745042246,
    "totalOtherIncomeExpensesNet": -42200000,
    "incomeBeforeTax": 237600000,
    "incomeBeforeTaxRatio": 0.0689875439,
    "incomeTaxExpense": 83100000,
    "netIncome": 154500000,
    "netIncomeRatio": 0.0448593246,
    "eps": 0.99,
    "epsdiluted": 0.99,
    "weightedAverageShsOut": 156060606,
    "weightedAverageShsOutDil": 156060606,
    "link": "https://www.sec.gov/Archives/edgar/data/202058/000095015295002035/0000950152-95-002035-index.html",
    "finalLink": "https://www.sec.gov/Archives/edgar/data/202058/"
  },
  {
    "date": "1994-06-30",
    "symbol": "LHX",
    "reportedCurrency": "USD",
    "cik": "0000202058",
    "fillingDate": "1994-09-23",
    "acceptedDate": "1994-09-23 00:00:00",
    "calendarYear": "1993",
    "period": "FY",
    "revenue": 3336100000,
    "costOfRevenue": 2121400000,
    "grossProfit": 1214700000,
    "grossProfitRatio": 0.3641077905,
    "researchAndDevelopmentExpenses": 0,
    "generalAndAdministrativeExpenses": 0,
    "sellingAndMarketingExpenses": 0,
    "sellingGeneralAndAdministrativeExpenses": 830800000,
    "otherExpenses": 0,
    "operatingExpenses": 984200000,
    "costAndExpenses": 3105600000,
    "interestIncome": 0,
    "interestExpense": 0,
    "depreciationAndAmortization": 153400000,
    "ebitda": 362600000,
    "ebitdaratio": 0.1086897875,
    "operatingIncome": 209200000,
    "operatingIncomeRatio": 0.0627079524,
    "totalOtherIncomeExpensesNet": -37000000,
    "incomeBeforeTax": 193500000,
    "incomeBeforeTaxRatio": 0.0580018585,
    "incomeTaxExpense": 71600000,
    "netIncome": 111800000,
    "netIncomeRatio": 0.0335121849,
    "eps": 0.71,
    "epsdiluted": 0.71,
    "weightedAverageShsOut": 158581560,
    "weightedAverageShsOutDil": 160000000,
    "link": "https://www.sec.gov/Archives/edgar/data/202058/000095015294000975/0000950152-94-000975-index.html",
    "finalLink": "https://www.sec.gov/Archives/edgar/data/202058/"
  },
  {
    "date": "1993-06-30",
    "symbol": "LHX",
    "reportedCurrency": "USD",
    "cik": "0000202058",
    "fillingDate": "1993-06-30",
    "acceptedDate": "1993-06-29 20:00:00",
    "calendarYear": "1992",
    "period": "FY",
    "revenue": 3099100000,
    "costOfRevenue": 1936200000,
    "grossProfit": 1162900000,
    "grossProfitRatio": 0.3752379723,
    "researchAndDevelopmentExpenses": 0,
    "generalAndAdministrativeExpenses": 0,
    "sellingAndMarketingExpenses": 0,
    "sellingGeneralAndAdministrativeExpenses": 823000000,
    "otherExpenses": 0,
    "operatingExpenses": 980300000,
    "costAndExpenses": 2916500000,
    "interestIncome": 0,
    "interestExpense": 0,
    "depreciationAndAmortization": 157300000,
    "ebitda": 292800000,
    "ebitdaratio": 0.0944790423,
    "operatingIncome": 135500000,
    "operatingIncomeRatio": 0.043722371,
    "totalOtherIncomeExpensesNet": -12800000,
    "incomeBeforeTax": 169800000,
    "incomeBeforeTaxRatio": 0.0547901004,
    "incomeTaxExpense": 58700000,
    "netIncome": 111100000,
    "netIncomeRatio": 0.0358491175,
    "eps": 0.71,
    "epsdiluted": 0.71,
    "weightedAverageShsOut": 157588652,
    "weightedAverageShsOutDil": 157588652,
    "link": null,
    "finalLink": null
  },
  {
    "date": "1992-06-30",
    "symbol": "LHX",
    "reportedCurrency": "USD",
    "cik": "0000202058",
    "fillingDate": "1992-06-30",
    "acceptedDate": "1992-06-29 20:00:00",
    "calendarYear": "1991",
    "period": "FY",
    "revenue": 3004000000,
    "costOfRevenue": 1866200000,
    "grossProfit": 1137800000,
    "grossProfitRatio": 0.3787616511,
    "researchAndDevelopmentExpenses": 0,
    "generalAndAdministrativeExpenses": 0,
    "sellingAndMarketingExpenses": 0,
    "sellingGeneralAndAdministrativeExpenses": 817300000,
    "otherExpenses": 0,
    "operatingExpenses": 988500000,
    "costAndExpenses": 2854700000,
    "interestIncome": 0,
    "interestExpense": 0,
    "depreciationAndAmortization": 171200000,
    "ebitda": 278700000,
    "ebitdaratio": 0.0927762983,
    "operatingIncome": 107500000,
    "operatingIncomeRatio": 0.0357856192,
    "totalOtherIncomeExpensesNet": -24300000,
    "incomeBeforeTax": 125000000,
    "incomeBeforeTaxRatio": 0.0416111851,
    "incomeTaxExpense": 37500000,
    "netIncome": 75200000,
    "netIncomeRatio": 0.0250332889,
    "eps": 0.48,
    "epsdiluted": 0.48,
    "weightedAverageShsOut": 156666667,
    "weightedAverageShsOutDil": 156666667,
    "link": null,
    "finalLink": null
  },
  {
    "date": "1991-06-30",
    "symbol": "LHX",
    "reportedCurrency": "USD",
    "cik": "0000202058",
    "fillingDate": "1991-06-30",
    "acceptedDate": "1991-06-29 20:00:00",
    "calendarYear": "1990",
    "period": "FY",
    "revenue": 3040100000,
    "costOfRevenue": 1866300000,
    "grossProfit": 1173800000,
    "grossProfitRatio": 0.3861057202,
    "researchAndDevelopmentExpenses": 0,
    "generalAndAdministrativeExpenses": 0,
    "sellingAndMarketingExpenses": 0,
    "sellingGeneralAndAdministrativeExpenses": 957500000,
    "otherExpenses": 0,
    "operatingExpenses": 1141600000,
    "costAndExpenses": 3007900000,
    "interestIncome": 0,
    "interestExpense": 0,
    "depreciationAndAmortization": 184100000,
    "ebitda": 161300000,
    "ebitdaratio": 0.0530574652,
    "operatingIncome": -22800000,
    "operatingIncomeRatio": -0.0074997533,
    "totalOtherIncomeExpensesNet": -22400000,
    "incomeBeforeTax": 9800000,
    "incomeBeforeTaxRatio": 0.0032235782,
    "incomeTaxExpense": -9700000,
    "netIncome": 19500000,
    "netIncomeRatio": 0.0064142627,
    "eps": 0.13,
    "epsdiluted": 0.13,
    "weightedAverageShsOut": 156000000,
    "weightedAverageShsOutDil": 156000000,
    "link": null,
    "finalLink": null
  },
  {
    "date": "1990-06-30",
    "symbol": "LHX",
    "reportedCurrency": "USD",
    "cik": "0000202058",
    "fillingDate": "1990-06-30",
    "acceptedDate": "1990-06-29 20:00:00",
    "calendarYear": "1989",
    "period": "FY",
    "revenue": 3052700000,
    "costOfRevenue": 1791200000,
    "grossProfit": 1261500000,
    "grossProfitRatio": 0.4132407377,
    "researchAndDevelopmentExpenses": 0,
    "generalAndAdministrativeExpenses": 0,
    "sellingAndMarketingExpenses": 0,
    "sellingGeneralAndAdministrativeExpenses": 861300000,
    "otherExpenses": 0,
    "operatingExpenses": 1044900000,
    "costAndExpenses": 2836100000,
    "interestIncome": 0,
    "interestExpense": 0,
    "depreciationAndAmortization": 183600000,
    "ebitda": 353100000,
    "ebitdaratio": 0.1156680971,
    "operatingIncome": 169500000,
    "operatingIncomeRatio": 0.0555246176,
    "totalOtherIncomeExpensesNet": -26700000,
    "incomeBeforeTax": 189900000,
    "incomeBeforeTaxRatio": 0.0622072264,
    "incomeTaxExpense": 59200000,
    "netIncome": 130700000,
    "netIncomeRatio": 0.0428145576,
    "eps": 0.83,
    "epsdiluted": 0.83,
    "weightedAverageShsOut": 158424242,
    "weightedAverageShsOutDil": 158424242,
    "link": null,
    "finalLink": null
  },
  {
    "date": "1989-06-30",
    "symbol": "LHX",
    "reportedCurrency": "USD",
    "cik": "0000202058",
    "fillingDate": "1989-06-30",
    "acceptedDate": "1989-06-29 20:00:00",
    "calendarYear": "1988",
    "period": "FY",
    "revenue": 2213600000,
    "costOfRevenue": 1368300000,
    "grossProfit": 845300000,
    "grossProfitRatio": 0.3818666426,
    "researchAndDevelopmentExpenses": 0,
    "generalAndAdministrativeExpenses": 0,
    "sellingAndMarketingExpenses": 0,
    "sellingGeneralAndAdministrativeExpenses": 565100000,
    "otherExpenses": 0,
    "operatingExpenses": 680700000,
    "costAndExpenses": 2049000000,
    "interestIncome": 0,
    "interestExpense": 0,
    "depreciationAndAmortization": 115600000,
    "ebitda": 241000000,
    "ebitdaratio": 0.108872425,
    "operatingIncome": 125400000,
    "operatingIncomeRatio": 0.0566498012,
    "totalOtherIncomeExpensesNet": 41800000,
    "incomeBeforeTax": 167200000,
    "incomeBeforeTaxRatio": 0.0755330683,
    "incomeTaxExpense": 51000000,
    "netIncome": 21400000,
    "netIncomeRatio": 0.0096675099,
    "eps": 0.14,
    "epsdiluted": 0.14,
    "weightedAverageShsOut": 158518519,
    "weightedAverageShsOutDil": 158518519,
    "link": null,
    "finalLink": null
  },
  {
    "date": "1988-06-30",
    "symbol": "LHX",
    "reportedCurrency": "USD",
    "cik": "0000202058",
    "fillingDate": "1988-06-30",
    "acceptedDate": "1988-06-29 20:00:00",
    "calendarYear": "1987",
    "period": "FY",
    "revenue": 2062600000,
    "costOfRevenue": 1246300000,
    "grossProfit": 816300000,
    "grossProfitRatio": 0.3957626297,
    "researchAndDevelopmentExpenses": 0,
    "generalAndAdministrativeExpenses": 0,
    "sellingAndMarketingExpenses": 0,
    "sellingGeneralAndAdministrativeExpenses": 603000000,
    "otherExpenses": 0,
    "operatingExpenses": 731000000,
    "costAndExpenses": 1977300000,
    "interestIncome": 0,
    "interestExpense": 0,
    "depreciationAndAmortization": 128000000,
    "ebitda": 193900000,
    "ebitdaratio": 0.0940075633,
    "operatingIncome": 65900000,
    "operatingIncomeRatio": 0.0319499661,
    "totalOtherIncomeExpensesNet": 20600000,
    "incomeBeforeTax": 86500000,
    "incomeBeforeTaxRatio": 0.0419373606,
    "incomeTaxExpense": 21100000,
    "netIncome": 65400000,
    "netIncomeRatio": 0.0317075536,
    "eps": 0.41,
    "epsdiluted": 0.41,
    "weightedAverageShsOut": 159512195,
    "weightedAverageShsOutDil": 159512195,
    "link": null,
    "finalLink": null
  },
  {
    "date": "1987-06-30",
    "symbol": "LHX",
    "reportedCurrency": "USD",
    "cik": "0000202058",
    "fillingDate": "1987-06-30",
    "acceptedDate": "1987-06-29 20:00:00",
    "calendarYear": "1986",
    "period": "FY",
    "revenue": 2079000000,
    "costOfRevenue": 1223200000,
    "grossProfit": 855800000,
    "grossProfitRatio": 0.4116402116,
    "researchAndDevelopmentExpenses": 0,
    "generalAndAdministrativeExpenses": 0,
    "sellingAndMarketingExpenses": 0,
    "sellingGeneralAndAdministrativeExpenses": 610600000,
    "otherExpenses": 0,
    "operatingExpenses": 750400000,
    "costAndExpenses": 1973600000,
    "interestIncome": 0,
    "interestExpense": 0,
    "depreciationAndAmortization": 139800000,
    "ebitda": 208700000,
    "ebitdaratio": 0.1003848004,
    "operatingIncome": 68900000,
    "operatingIncomeRatio": 0.0331409331,
    "totalOtherIncomeExpensesNet": 53500000,
    "incomeBeforeTax": 122400000,
    "incomeBeforeTaxRatio": 0.0588744589,
    "incomeTaxExpense": 37900000,
    "netIncome": 84500000,
    "netIncomeRatio": 0.0406445406,
    "eps": 0.52,
    "epsdiluted": 0.52,
    "weightedAverageShsOut": 164077670,
    "weightedAverageShsOutDil": 164077670,
    "link": null,
    "finalLink": null
  },
  {
    "date": "1986-06-30",
    "symbol": "LHX",
    "reportedCurrency": "USD",
    "cik": "0000202058",
    "fillingDate": "1986-06-30",
    "acceptedDate": "1986-06-29 20:00:00",
    "calendarYear": "1985",
    "period": "FY",
    "revenue": 2216600000,
    "costOfRevenue": 1353800000,
    "grossProfit": 862800000,
    "grossProfitRatio": 0.3892447893,
    "researchAndDevelopmentExpenses": 0,
    "generalAndAdministrativeExpenses": 0,
    "sellingAndMarketingExpenses": 0,
    "sellingGeneralAndAdministrativeExpenses": 654800000,
    "otherExpenses": 0,
    "operatingExpenses": 789600000,
    "costAndExpenses": 2143400000,
    "interestIncome": 0,
    "interestExpense": 0,
    "depreciationAndAmortization": 134800000,
    "ebitda": 198200000,
    "ebitdaratio": 0.089416223,
    "operatingIncome": 63400000,
    "operatingIncomeRatio": 0.028602364,
    "totalOtherIncomeExpensesNet": -12500000,
    "incomeBeforeTax": 60700000,
    "incomeBeforeTaxRatio": 0.0273842822,
    "incomeTaxExpense": 1100000,
    "netIncome": 59600000,
    "netIncomeRatio": 0.0268880267,
    "eps": 0.37,
    "epsdiluted": 0.37,
    "weightedAverageShsOut": 161081081,
    "weightedAverageShsOutDil": 161081081,
    "link": null,
    "finalLink": null
  }
]