[
  {
    "date": "2025-06-30",
    "symbol": "LII",
    "reportedCurrency": "USD",
    "cik": "0001069202",
    "fillingDate": "2025-07-23",
    "acceptedDate": "2025-07-23 12:28:48",
    "calendarYear": "2025",
    "period": "Q2",
    "revenue": 1500900000,
    "costOfRevenue": 978400000,
    "grossProfit": 522500000,
    "grossProfitRatio": 0.3481244587,
    "researchAndDevelopmentExpenses": 0,
    "generalAndAdministrativeExpenses": 0,
    "sellingAndMarketingExpenses": 0,
    "sellingGeneralAndAdministrativeExpenses": 173300000,
    "otherExpenses": -4800000,
    "operatingExpenses": 168500000,
    "costAndExpenses": 1146900000,
    "interestIncome": 0,
    "interestExpense": 8300000,
    "depreciationAndAmortization": 26800000,
    "ebitda": 380100000,
    "ebitdaratio": 0.2532480512,
    "operatingIncome": 354000000,
    "operatingIncomeRatio": 0.2358584849,
    "totalOtherIncomeExpensesNet": -9000000,
    "incomeBeforeTax": 345000000,
    "incomeBeforeTaxRatio": 0.2298620828,
    "incomeTaxExpense": 67400000,
    "netIncome": 277600000,
    "netIncomeRatio": 0.1849556933,
    "eps": 7.86,
    "epsdiluted": 7.82,
    "weightedAverageShsOut": 35300000,
    "weightedAverageShsOutDil": 35500000,
    "link": "https://www.sec.gov/Archives/edgar/data/1069202/000106920225000032/0001069202-25-000032-index.htm",
    "finalLink": "https://www.sec.gov/Archives/edgar/data/1069202/000106920225000032/lii-20250630.htm"
  },
  {
    "date": "2025-03-31",
    "symbol": "LII",
    "reportedCurrency": "USD",
    "cik": "0001069202",
    "fillingDate": "2025-04-23",
    "acceptedDate": "2025-04-23 12:12:50",
    "calendarYear": "2025",
    "period": "Q1",
    "revenue": 1072600000,
    "costOfRevenue": 744100000,
    "grossProfit": 328500000,
    "grossProfitRatio": 0.3062651501,
    "researchAndDevelopmentExpenses": 0,
    "generalAndAdministrativeExpenses": 0,
    "sellingAndMarketingExpenses": 0,
    "sellingGeneralAndAdministrativeExpenses": 171300000,
    "otherExpenses": 1600000,
    "operatingExpenses": 172900000,
    "costAndExpenses": 917000000,
    "interestIncome": 0,
    "interestExpense": 6200000,
    "depreciationAndAmortization": 25600000,
    "ebitda": 180200000,
    "ebitdaratio": 0.1680029834,
    "operatingIncome": 155600000,
    "operatingIncomeRatio": 0.1450680589,
    "totalOtherIncomeExpensesNet": -7200000,
    "incomeBeforeTax": 148400000,
    "incomeBeforeTaxRatio": 0.1383553981,
    "incomeTaxExpense": 28100000,
    "netIncome": 120300000,
    "netIncomeRatio": 0.1121573746,
    "eps": 3.39,
    "epsdiluted": 3.37,
    "weightedAverageShsOut": 35500000,
    "weightedAverageShsOutDil": 35700000,
    "link": "https://www.sec.gov/Archives/edgar/data/1069202/000106920225000017/0001069202-25-000017-index.htm",
    "finalLink": "https://www.sec.gov/Archives/edgar/data/1069202/000106920225000017/lii-20250331.htm"
  },
  {
    "date": "2024-12-31",
    "symbol": "LII",
    "reportedCurrency": "USD",
    "cik": "0001069202",
    "fillingDate": "2025-02-11",
    "acceptedDate": "2025-02-11 15:23:19",
    "calendarYear": "2024",
    "period": "Q4",
    "revenue": 1345000000,
    "costOfRevenue": 889700000,
    "grossProfit": 455300000,
    "grossProfitRatio": 0.3385130112,
    "researchAndDevelopmentExpenses": 0,
    "generalAndAdministrativeExpenses": 0,
    "sellingAndMarketingExpenses": 0,
    "sellingGeneralAndAdministrativeExpenses": 207000000,
    "otherExpenses": 3700000,
    "operatingExpenses": 210700000,
    "costAndExpenses": 1100400000,
    "interestIncome": 0,
    "interestExpense": 5500000,
    "depreciationAndAmortization": 25500000,
    "ebitda": 275100000,
    "ebitdaratio": 0.204535316,
    "operatingIncome": 244600000,
    "operatingIncomeRatio": 0.1818587361,
    "totalOtherIncomeExpensesNet": -5900000,
    "incomeBeforeTax": 238700000,
    "incomeBeforeTaxRatio": 0.177472119,
    "incomeTaxExpense": 41000000,
    "netIncome": 197700000,
    "netIncomeRatio": 0.1469888476,
    "eps": 5.55,
    "epsdiluted": 5.52,
    "weightedAverageShsOut": 35800000,
    "weightedAverageShsOutDil": 35800000,
    "link": "https://www.sec.gov/Archives/edgar/data/1069202/000162828025004859/0001628280-25-004859-index.htm",
    "finalLink": "https://www.sec.gov/Archives/edgar/data/1069202/000162828025004859/lii-20241231.htm"
  },
  {
    "date": "2024-09-30",
    "symbol": "LII",
    "reportedCurrency": "USD",
    "cik": "0001069202",
    "fillingDate": "2024-10-23",
    "acceptedDate": "2024-10-23 12:51:33",
    "calendarYear": "2024",
    "period": "Q3",
    "revenue": 1498100000,
    "costOfRevenue": 1009700000,
    "grossProfit": 488400000,
    "grossProfitRatio": 0.3260129497,
    "researchAndDevelopmentExpenses": 0,
    "generalAndAdministrativeExpenses": 184400000,
    "sellingAndMarketingExpenses": 0,
    "sellingGeneralAndAdministrativeExpenses": 184400000,
    "otherExpenses": 700000,
    "operatingExpenses": 185100000,
    "costAndExpenses": 1194800000,
    "interestIncome": 0,
    "interestExpense": 8900000,
    "depreciationAndAmortization": 20400000,
    "ebitda": 323200000,
    "ebitdaratio": 0.2157399373,
    "operatingIncome": 303300000,
    "operatingIncomeRatio": 0.2024564448,
    "totalOtherIncomeExpensesNet": -9400000,
    "incomeBeforeTax": 293900000,
    "incomeBeforeTaxRatio": 0.1961818303,
    "incomeTaxExpense": 54900000,
    "netIncome": 239000000,
    "netIncomeRatio": 0.1595354115,
    "eps": 6.71,
    "epsdiluted": 6.68,
    "weightedAverageShsOut": 35600000,
    "weightedAverageShsOutDil": 35800000,
    "link": "https://www.sec.gov/Archives/edgar/data/1069202/000162828024043392/0001628280-24-043392-index.htm",
    "finalLink": "https://www.sec.gov/Archives/edgar/data/1069202/000162828024043392/lii-20240930.htm"
  },
  {
    "date": "2024-06-30",
    "symbol": "LII",
    "reportedCurrency": "USD",
    "cik": "0001069202",
    "fillingDate": "2024-07-24",
    "acceptedDate": "2024-07-24 14:45:48",
    "calendarYear": "2024",
    "period": "Q2",
    "revenue": 1451100000,
    "costOfRevenue": 962900000,
    "grossProfit": 488200000,
    "grossProfitRatio": 0.3364344291,
    "researchAndDevelopmentExpenses": 0,
    "generalAndAdministrativeExpenses": 168800000,
    "sellingAndMarketingExpenses": -300000,
    "sellingGeneralAndAdministrativeExpenses": 168500000,
    "otherExpenses": -400000,
    "operatingExpenses": 168100000,
    "costAndExpenses": 1131000000,
    "interestIncome": 0,
    "interestExpense": 12500000,
    "depreciationAndAmortization": 25200000,
    "ebitda": 344700000,
    "ebitdaratio": 0.2375439322,
    "operatingIncome": 320100000,
    "operatingIncomeRatio": 0.2205912756,
    "totalOtherIncomeExpensesNet": -13100000,
    "incomeBeforeTax": 307000000,
    "incomeBeforeTaxRatio": 0.2115636414,
    "incomeTaxExpense": 61100000,
    "netIncome": 245900000,
    "netIncomeRatio": 0.1694576528,
    "eps": 6.91,
    "epsdiluted": 6.87,
    "weightedAverageShsOut": 35600000,
    "weightedAverageShsOutDil": 35800000,
    "link": "https://www.sec.gov/Archives/edgar/data/1069202/000162828024032782/0001628280-24-032782-index.htm",
    "finalLink": "https://www.sec.gov/Archives/edgar/data/1069202/000162828024032782/lii-20240630.htm"
  },
  {
    "date": "2024-03-31",
    "symbol": "LII",
    "reportedCurrency": "USD",
    "cik": "0001069202",
    "fillingDate": "2024-04-24",
    "acceptedDate": "2024-04-24 15:37:13",
    "calendarYear": "2024",
    "period": "Q1",
    "revenue": 1047100000,
    "costOfRevenue": 707100000,
    "grossProfit": 340000000,
    "grossProfitRatio": 0.3247063318,
    "researchAndDevelopmentExpenses": 0,
    "generalAndAdministrativeExpenses": 170700000,
    "sellingAndMarketingExpenses": 0,
    "sellingGeneralAndAdministrativeExpenses": 170700000,
    "otherExpenses": 2500000,
    "operatingExpenses": 173200000,
    "costAndExpenses": 880300000,
    "interestIncome": 0,
    "interestExpense": 11800000,
    "depreciationAndAmortization": 24000000,
    "ebitda": 190000000,
    "ebitdaratio": 0.1814535383,
    "operatingIncome": 166800000,
    "operatingIncomeRatio": 0.1592971063,
    "totalOtherIncomeExpensesNet": -12600000,
    "incomeBeforeTax": 154200000,
    "incomeBeforeTaxRatio": 0.1472638716,
    "incomeTaxExpense": 29900000,
    "netIncome": 124300000,
    "netIncomeRatio": 0.1187088148,
    "eps": 3.49,
    "epsdiluted": 3.47,
    "weightedAverageShsOut": 35600000,
    "weightedAverageShsOutDil": 35800000,
    "link": "https://www.sec.gov/Archives/edgar/data/1069202/000162828024017634/0001628280-24-017634-index.htm",
    "finalLink": "https://www.sec.gov/Archives/edgar/data/1069202/000162828024017634/lii-20240331.htm"
  },
  {
    "date": "2023-12-31",
    "symbol": "LII",
    "reportedCurrency": "USD",
    "cik": "0001069202",
    "fillingDate": "2024-02-13",
    "acceptedDate": "2024-02-13 15:45:43",
    "calendarYear": "2023",
    "period": "Q4",
    "revenue": 1154800000,
    "costOfRevenue": 800000000,
    "grossProfit": 354800000,
    "grossProfitRatio": 0.3072393488,
    "researchAndDevelopmentExpenses": 0,
    "generalAndAdministrativeExpenses": 177900000,
    "sellingAndMarketingExpenses": 0,
    "sellingGeneralAndAdministrativeExpenses": 177900000,
    "otherExpenses": -8400000,
    "operatingExpenses": 169500000,
    "costAndExpenses": 969500000,
    "interestIncome": 4300000,
    "interestExpense": 15600000,
    "depreciationAndAmortization": 24000000,
    "ebitda": 213000000,
    "ebitdaratio": 0.1844475234,
    "operatingIncome": 185300000,
    "operatingIncomeRatio": 0.1604606858,
    "totalOtherIncomeExpensesNet": -11900000,
    "incomeBeforeTax": 173400000,
    "incomeBeforeTaxRatio": 0.1501558711,
    "incomeTaxExpense": 28900000,
    "netIncome": 144500000,
    "netIncomeRatio": 0.1251298926,
    "eps": 4.06,
    "epsdiluted": 4.04,
    "weightedAverageShsOut": 35600000,
    "weightedAverageShsOutDil": 35800000,
    "link": "https://www.sec.gov/Archives/edgar/data/1069202/000162828024004446/0001628280-24-004446-index.htm",
    "finalLink": "https://www.sec.gov/Archives/edgar/data/1069202/000162828024004446/lii-20231231.htm"
  },
  {
    "date": "2023-09-30",
    "symbol": "LII",
    "reportedCurrency": "USD",
    "cik": "0001069202",
    "fillingDate": "2023-10-26",
    "acceptedDate": "2023-10-26 14:17:14",
    "calendarYear": "2023",
    "period": "Q3",
    "revenue": 1366300000,
    "costOfRevenue": 937800000,
    "grossProfit": 428500000,
    "grossProfitRatio": 0.3136207275,
    "researchAndDevelopmentExpenses": 0,
    "generalAndAdministrativeExpenses": 178900000,
    "sellingAndMarketingExpenses": 0,
    "sellingGeneralAndAdministrativeExpenses": 178900000,
    "otherExpenses": 62800000,
    "operatingExpenses": 241700000,
    "costAndExpenses": 1179500000,
    "interestIncome": 0,
    "interestExpense": 11200000,
    "depreciationAndAmortization": 21500000,
    "ebitda": 207900000,
    "ebitdaratio": 0.1521627754,
    "operatingIncome": 186800000,
    "operatingIncomeRatio": 0.1367196077,
    "totalOtherIncomeExpensesNet": -11600000,
    "incomeBeforeTax": 175200000,
    "incomeBeforeTaxRatio": 0.128229525,
    "incomeTaxExpense": 44800000,
    "netIncome": 130400000,
    "netIncomeRatio": 0.0954402401,
    "eps": 3.67,
    "epsdiluted": 3.65,
    "weightedAverageShsOut": 35500000,
    "weightedAverageShsOutDil": 35700000,
    "link": "https://www.sec.gov/Archives/edgar/data/1069202/000162828023035265/0001628280-23-035265-index.htm",
    "finalLink": "https://www.sec.gov/Archives/edgar/data/1069202/000162828023035265/lii-20230930.htm"
  },
  {
    "date": "2023-06-30",
    "symbol": "LII",
    "reportedCurrency": "USD",
    "cik": "0001069202",
    "fillingDate": "2023-07-27",
    "acceptedDate": "2023-07-27 11:01:51",
    "calendarYear": "2023",
    "period": "Q2",
    "revenue": 1411400000,
    "costOfRevenue": 953600000,
    "grossProfit": 457800000,
    "grossProfitRatio": 0.3243587927,
    "researchAndDevelopmentExpenses": 0,
    "generalAndAdministrativeExpenses": 181400000,
    "sellingAndMarketingExpenses": -100000,
    "sellingGeneralAndAdministrativeExpenses": 181300000,
    "otherExpenses": -2300000,
    "operatingExpenses": 179000000,
    "costAndExpenses": 1132600000,
    "interestIncome": 0,
    "interestExpense": 15000000,
    "depreciationAndAmortization": 20900000,
    "ebitda": 299600000,
    "ebitdaratio": 0.2122715035,
    "operatingIncome": 278800000,
    "operatingIncomeRatio": 0.197534363,
    "totalOtherIncomeExpensesNet": -15100000,
    "incomeBeforeTax": 263700000,
    "incomeBeforeTaxRatio": 0.1868357659,
    "incomeTaxExpense": 46500000,
    "netIncome": 217200000,
    "netIncomeRatio": 0.1538897549,
    "eps": 6.12,
    "epsdiluted": 6.1,
    "weightedAverageShsOut": 35500000,
    "weightedAverageShsOutDil": 35600000,
    "link": "https://www.sec.gov/Archives/edgar/data/1069202/000162828023025847/0001628280-23-025847-index.htm",
    "finalLink": "https://www.sec.gov/Archives/edgar/data/1069202/000162828023025847/lii-20230630.htm"
  },
  {
    "date": "2023-03-31",
    "symbol": "LII",
    "reportedCurrency": "USD",
    "cik": "0001069202",
    "fillingDate": "2023-04-27",
    "acceptedDate": "2023-04-27 12:18:03",
    "calendarYear": "2023",
    "period": "Q1",
    "revenue": 1049400000,
    "costOfRevenue": 742800000,
    "grossProfit": 306600000,
    "grossProfitRatio": 0.2921669525,
    "researchAndDevelopmentExpenses": 0,
    "generalAndAdministrativeExpenses": 167500000,
    "sellingAndMarketingExpenses": 0,
    "sellingGeneralAndAdministrativeExpenses": 167500000,
    "otherExpenses": -400000,
    "operatingExpenses": 167100000,
    "costAndExpenses": 909900000,
    "interestIncome": 0,
    "interestExpense": 14200000,
    "depreciationAndAmortization": 19600000,
    "ebitda": 158900000,
    "ebitdaratio": 0.151419859,
    "operatingIncome": 139500000,
    "operatingIncomeRatio": 0.1329331046,
    "totalOtherIncomeExpensesNet": -14400000,
    "incomeBeforeTax": 125100000,
    "incomeBeforeTaxRatio": 0.1192109777,
    "incomeTaxExpense": 27100000,
    "netIncome": 98000000,
    "netIncomeRatio": 0.0933866972,
    "eps": 2.76,
    "epsdiluted": 2.75,
    "weightedAverageShsOut": 35500000,
    "weightedAverageShsOutDil": 35600000,
    "link": "https://www.sec.gov/Archives/edgar/data/1069202/000162828023013427/0001628280-23-013427-index.htm",
    "finalLink": "https://www.sec.gov/Archives/edgar/data/1069202/000162828023013427/lii-20230331.htm"
  },
  {
    "date": "2022-12-31",
    "symbol": "LII",
    "reportedCurrency": "USD",
    "cik": "0001069202",
    "fillingDate": "2023-02-21",
    "acceptedDate": "2023-02-21 14:18:16",
    "calendarYear": "2022",
    "period": "Q4",
    "revenue": 1093800000,
    "costOfRevenue": 808600000,
    "grossProfit": 285200000,
    "grossProfitRatio": 0.2607423661,
    "researchAndDevelopmentExpenses": 0,
    "generalAndAdministrativeExpenses": 0,
    "sellingAndMarketingExpenses": 0,
    "sellingGeneralAndAdministrativeExpenses": 155000000,
    "otherExpenses": -1400000,
    "operatingExpenses": 153600000,
    "costAndExpenses": 962200000,
    "interestIncome": 0,
    "interestExpense": 12600000,
    "depreciationAndAmortization": 21700000,
    "ebitda": 154900000,
    "ebitdaratio": 0.1416163833,
    "operatingIncome": 131600000,
    "operatingIncomeRatio": 0.1203144999,
    "totalOtherIncomeExpensesNet": -12100000,
    "incomeBeforeTax": 119500000,
    "incomeBeforeTaxRatio": 0.1092521485,
    "incomeTaxExpense": 25100000,
    "netIncome": 94400000,
    "netIncomeRatio": 0.0863046261,
    "eps": 2.67,
    "epsdiluted": 2.65,
    "weightedAverageShsOut": 35400000,
    "weightedAverageShsOutDil": 35600000,
    "link": "https://www.sec.gov/Archives/edgar/data/1069202/000162828023004257/0001628280-23-004257-index.htm",
    "finalLink": "https://www.sec.gov/Archives/edgar/data/1069202/000162828023004257/lii-20221231.htm"
  },
  {
    "date": "2022-09-30",
    "symbol": "LII",
    "reportedCurrency": "USD",
    "cik": "0001069202",
    "fillingDate": "2022-10-27",
    "acceptedDate": "2022-10-27 11:39:04",
    "calendarYear": "2022",
    "period": "Q3",
    "revenue": 1244900000,
    "costOfRevenue": 910700000,
    "grossProfit": 334200000,
    "grossProfitRatio": 0.2684552976,
    "researchAndDevelopmentExpenses": 0,
    "generalAndAdministrativeExpenses": 147300000,
    "sellingAndMarketingExpenses": 0,
    "sellingGeneralAndAdministrativeExpenses": 147300000,
    "otherExpenses": 1100000,
    "operatingExpenses": 148400000,
    "costAndExpenses": 1059100000,
    "interestIncome": 0,
    "interestExpense": 10500000,
    "depreciationAndAmortization": 18400000,
    "ebitda": 203500000,
    "ebitdaratio": 0.1634669451,
    "operatingIncome": 185800000,
    "operatingIncomeRatio": 0.1492489357,
    "totalOtherIncomeExpensesNet": -11200000,
    "incomeBeforeTax": 174600000,
    "incomeBeforeTaxRatio": 0.1402522291,
    "incomeTaxExpense": 32700000,
    "netIncome": 141900000,
    "netIncomeRatio": 0.113985059,
    "eps": 4.01,
    "epsdiluted": 4,
    "weightedAverageShsOut": 35400000,
    "weightedAverageShsOutDil": 35500000,
    "link": "https://www.sec.gov/Archives/edgar/data/1069202/000162828022027168/0001628280-22-027168-index.htm",
    "finalLink": "https://www.sec.gov/Archives/edgar/data/1069202/000162828022027168/lii-20220930.htm"
  },
  {
    "date": "2022-06-30",
    "symbol": "LII",
    "reportedCurrency": "USD",
    "cik": "0001069202",
    "fillingDate": "2022-07-28",
    "acceptedDate": "2022-07-28 12:19:35",
    "calendarYear": "2022",
    "period": "Q2",
    "revenue": 1366300000,
    "costOfRevenue": 969200000,
    "grossProfit": 397100000,
    "grossProfitRatio": 0.2906389519,
    "researchAndDevelopmentExpenses": 0,
    "generalAndAdministrativeExpenses": 169800000,
    "sellingAndMarketingExpenses": -200000,
    "sellingGeneralAndAdministrativeExpenses": 169600000,
    "otherExpenses": 600000,
    "operatingExpenses": 170200000,
    "costAndExpenses": 1139400000,
    "interestIncome": 0,
    "interestExpense": 8700000,
    "depreciationAndAmortization": 19000000,
    "ebitda": 245000000,
    "ebitdaratio": 0.179316402,
    "operatingIncome": 226900000,
    "operatingIncomeRatio": 0.1660689453,
    "totalOtherIncomeExpensesNet": -9600000,
    "incomeBeforeTax": 217300000,
    "incomeBeforeTaxRatio": 0.15904267,
    "incomeTaxExpense": 40100000,
    "netIncome": 177200000,
    "netIncomeRatio": 0.1296933324,
    "eps": 4.98,
    "epsdiluted": 4.96,
    "weightedAverageShsOut": 35600000,
    "weightedAverageShsOutDil": 35700000,
    "link": "https://www.sec.gov/Archives/edgar/data/1069202/000162828022019665/0001628280-22-019665-index.htm",
    "finalLink": "https://www.sec.gov/Archives/edgar/data/1069202/000162828022019665/lii-20220630.htm"
  },
  {
    "date": "2022-03-31",
    "symbol": "LII",
    "reportedCurrency": "USD",
    "cik": "0001069202",
    "fillingDate": "2022-04-25",
    "acceptedDate": "2022-04-25 15:04:56",
    "calendarYear": "2022",
    "period": "Q1",
    "revenue": 1013400000,
    "costOfRevenue": 745200000,
    "grossProfit": 268200000,
    "grossProfitRatio": 0.2646536412,
    "researchAndDevelopmentExpenses": 0,
    "generalAndAdministrativeExpenses": 0,
    "sellingAndMarketingExpenses": 0,
    "sellingGeneralAndAdministrativeExpenses": 155300000,
    "otherExpenses": 1000000,
    "operatingExpenses": 156300000,
    "costAndExpenses": 901500000,
    "interestIncome": 0,
    "interestExpense": 6800000,
    "depreciationAndAmortization": 18800000,
    "ebitda": 130000000,
    "ebitdaratio": 0.1282810341,
    "operatingIncome": 111900000,
    "operatingIncomeRatio": 0.1104203671,
    "totalOtherIncomeExpensesNet": -7500000,
    "incomeBeforeTax": 104400000,
    "incomeBeforeTaxRatio": 0.1030195382,
    "incomeTaxExpense": 20800000,
    "netIncome": 83600000,
    "netIncomeRatio": 0.0824945727,
    "eps": 2.3,
    "epsdiluted": 2.29,
    "weightedAverageShsOut": 36300000,
    "weightedAverageShsOutDil": 36500000,
    "link": "https://www.sec.gov/Archives/edgar/data/1069202/000162828022010108/0001628280-22-010108-index.htm",
    "finalLink": "https://www.sec.gov/Archives/edgar/data/1069202/000162828022010108/lii-20220331.htm"
  },
  {
    "date": "2021-12-31",
    "symbol": "LII",
    "reportedCurrency": "USD",
    "cik": "0001069202",
    "fillingDate": "2022-02-15",
    "acceptedDate": "2022-02-15 12:16:28",
    "calendarYear": "2021",
    "period": "Q4",
    "revenue": 964800000,
    "costOfRevenue": 711200000,
    "grossProfit": 253600000,
    "grossProfitRatio": 0.2628524046,
    "researchAndDevelopmentExpenses": 0,
    "generalAndAdministrativeExpenses": 0,
    "sellingAndMarketingExpenses": 0,
    "sellingGeneralAndAdministrativeExpenses": 151500000,
    "otherExpenses": 4500000,
    "operatingExpenses": 156000000,
    "costAndExpenses": 867200000,
    "interestIncome": 0,
    "interestExpense": 6200000,
    "depreciationAndAmortization": 19100000,
    "ebitda": 116500000,
    "ebitdaratio": 0.1207504146,
    "operatingIncome": 97600000,
    "operatingIncomeRatio": 0.1011608624,
    "totalOtherIncomeExpensesNet": -7400000,
    "incomeBeforeTax": 90200000,
    "incomeBeforeTaxRatio": 0.0934908789,
    "incomeTaxExpense": 6700000,
    "netIncome": 83600000,
    "netIncomeRatio": 0.0866500829,
    "eps": 2.28,
    "epsdiluted": 2.27,
    "weightedAverageShsOut": 36600000,
    "weightedAverageShsOutDil": 36800000,
    "link": "https://www.sec.gov/Archives/edgar/data/1069202/000162828022002664/0001628280-22-002664-index.htm",
    "finalLink": "https://www.sec.gov/Archives/edgar/data/1069202/000162828022002664/lii-20211231.htm"
  },
  {
    "date": "2021-09-30",
    "symbol": "LII",
    "reportedCurrency": "USD",
    "cik": "0001069202",
    "fillingDate": "2021-10-25",
    "acceptedDate": "2021-10-25 12:48:26",
    "calendarYear": "2021",
    "period": "Q3",
    "revenue": 1059900000,
    "costOfRevenue": 764700000,
    "grossProfit": 295200000,
    "grossProfitRatio": 0.2785168412,
    "researchAndDevelopmentExpenses": 0,
    "generalAndAdministrativeExpenses": 0,
    "sellingAndMarketingExpenses": 0,
    "sellingGeneralAndAdministrativeExpenses": 134200000,
    "otherExpenses": -1700000,
    "operatingExpenses": 132500000,
    "costAndExpenses": 897200000,
    "interestIncome": 0,
    "interestExpense": 6500000,
    "depreciationAndAmortization": 17700000,
    "ebitda": 179000000,
    "ebitdaratio": 0.168883857,
    "operatingIncome": 162700000,
    "operatingIncomeRatio": 0.1535050476,
    "totalOtherIncomeExpensesNet": -7900000,
    "incomeBeforeTax": 154800000,
    "incomeBeforeTaxRatio": 0.1460515143,
    "incomeTaxExpense": 28500000,
    "netIncome": 126300000,
    "netIncomeRatio": 0.1191621851,
    "eps": 3.43,
    "epsdiluted": 3.41,
    "weightedAverageShsOut": 36800000,
    "weightedAverageShsOutDil": 37000000,
    "link": "https://www.sec.gov/Archives/edgar/data/1069202/000162828021020422/0001628280-21-020422-index.htm",
    "finalLink": "https://www.sec.gov/Archives/edgar/data/1069202/000162828021020422/lii-20210930.htm"
  },
  {
    "date": "2021-06-30",
    "symbol": "LII",
    "reportedCurrency": "USD",
    "cik": "0001069202",
    "fillingDate": "2021-07-26",
    "acceptedDate": "2021-07-26 14:01:52",
    "calendarYear": "2021",
    "period": "Q2",
    "revenue": 1239000000,
    "costOfRevenue": 855800000,
    "grossProfit": 383200000,
    "grossProfitRatio": 0.3092816788,
    "researchAndDevelopmentExpenses": 0,
    "generalAndAdministrativeExpenses": 167800000,
    "sellingAndMarketingExpenses": 0,
    "sellingGeneralAndAdministrativeExpenses": 167800000,
    "otherExpenses": -600000,
    "operatingExpenses": 167200000,
    "costAndExpenses": 1023000000,
    "interestIncome": 0,
    "interestExpense": 6400000,
    "depreciationAndAmortization": 18200000,
    "ebitda": 233300000,
    "ebitdaratio": 0.1882970137,
    "operatingIncome": 216000000,
    "operatingIncomeRatio": 0.1743341404,
    "totalOtherIncomeExpensesNet": -7300000,
    "incomeBeforeTax": 208700000,
    "incomeBeforeTaxRatio": 0.1684422922,
    "incomeTaxExpense": 38700000,
    "netIncome": 170000000,
    "netIncomeRatio": 0.1372074253,
    "eps": 4.55,
    "epsdiluted": 4.51,
    "weightedAverageShsOut": 37400000,
    "weightedAverageShsOutDil": 37700000,
    "link": "https://www.sec.gov/Archives/edgar/data/1069202/000106920221000028/0001069202-21-000028-index.htm",
    "finalLink": "https://www.sec.gov/Archives/edgar/data/1069202/000106920221000028/lii-20210630.htm"
  },
  {
    "date": "2021-03-31",
    "symbol": "LII",
    "reportedCurrency": "USD",
    "cik": "0001069202",
    "fillingDate": "2021-04-26",
    "acceptedDate": "2021-04-26 14:28:54",
    "calendarYear": "2021",
    "period": "Q1",
    "revenue": 930500000,
    "costOfRevenue": 674000000,
    "grossProfit": 256500000,
    "grossProfitRatio": 0.2756582483,
    "researchAndDevelopmentExpenses": 0,
    "generalAndAdministrativeExpenses": 0,
    "sellingAndMarketingExpenses": 0,
    "sellingGeneralAndAdministrativeExpenses": 145300000,
    "otherExpenses": -2900000,
    "operatingExpenses": 142400000,
    "costAndExpenses": 816400000,
    "interestIncome": 0,
    "interestExpense": 6000000,
    "depreciationAndAmortization": 17400000,
    "ebitda": 129800000,
    "ebitdaratio": 0.1394948952,
    "operatingIncome": 114100000,
    "operatingIncomeRatio": 0.1226222461,
    "totalOtherIncomeExpensesNet": -7700000,
    "incomeBeforeTax": 106400000,
    "incomeBeforeTaxRatio": 0.1143471252,
    "incomeTaxExpense": 22200000,
    "netIncome": 84200000,
    "netIncomeRatio": 0.0904889844,
    "eps": 2.22,
    "epsdiluted": 2.2,
    "weightedAverageShsOut": 38000000,
    "weightedAverageShsOutDil": 38200000,
    "link": "https://www.sec.gov/Archives/edgar/data/1069202/000106920221000018/0001069202-21-000018-index.htm",
    "finalLink": "https://www.sec.gov/Archives/edgar/data/1069202/000106920221000018/lii-20210331.htm"
  },
  {
    "date": "2020-12-31",
    "symbol": "LII",
    "reportedCurrency": "USD",
    "cik": "0001069202",
    "fillingDate": "2021-02-16",
    "acceptedDate": "2021-02-16 16:01:44",
    "calendarYear": "2020",
    "period": "Q4",
    "revenue": 914000000,
    "costOfRevenue": 638700000,
    "grossProfit": 275300000,
    "grossProfitRatio": 0.3012035011,
    "researchAndDevelopmentExpenses": 0,
    "generalAndAdministrativeExpenses": 143200000,
    "sellingAndMarketingExpenses": 0,
    "sellingGeneralAndAdministrativeExpenses": 143200000,
    "otherExpenses": -6900000,
    "operatingExpenses": 136300000,
    "costAndExpenses": 775000000,
    "interestIncome": 0,
    "interestExpense": 6100000,
    "depreciationAndAmortization": 17200000,
    "ebitda": 156200000,
    "ebitdaratio": 0.1708971554,
    "operatingIncome": 139000000,
    "operatingIncomeRatio": 0.1520787746,
    "totalOtherIncomeExpensesNet": -7500000,
    "incomeBeforeTax": 131500000,
    "incomeBeforeTaxRatio": 0.1438730853,
    "incomeTaxExpense": 19300000,
    "netIncome": 111700000,
    "netIncomeRatio": 0.1222100656,
    "eps": 2.92,
    "epsdiluted": 2.89,
    "weightedAverageShsOut": 38300000,
    "weightedAverageShsOutDil": 38600000,
    "link": "https://www.sec.gov/Archives/edgar/data/1069202/000106920221000007/0001069202-21-000007-index.htm",
    "finalLink": "https://www.sec.gov/Archives/edgar/data/1069202/000106920221000007/lii-20201231.htm"
  },
  {
    "date": "2020-09-30",
    "symbol": "LII",
    "reportedCurrency": "USD",
    "cik": "0001069202",
    "fillingDate": "2020-10-19",
    "acceptedDate": "2020-10-19 17:06:04",
    "calendarYear": "2020",
    "period": "Q3",
    "revenue": 1055000000,
    "costOfRevenue": 731700000,
    "grossProfit": 323300000,
    "grossProfitRatio": 0.3064454976,
    "researchAndDevelopmentExpenses": 0,
    "generalAndAdministrativeExpenses": 151800000,
    "sellingAndMarketingExpenses": 0,
    "sellingGeneralAndAdministrativeExpenses": 151800000,
    "otherExpenses": 4400000,
    "operatingExpenses": 156200000,
    "costAndExpenses": 887900000,
    "interestIncome": 0,
    "interestExpense": 6500000,
    "depreciationAndAmortization": 17500000,
    "ebitda": 183200000,
    "ebitdaratio": 0.1736492891,
    "operatingIncome": 167100000,
    "operatingIncomeRatio": 0.1583886256,
    "totalOtherIncomeExpensesNet": -7900000,
    "incomeBeforeTax": 159200000,
    "incomeBeforeTaxRatio": 0.1509004739,
    "incomeTaxExpense": 27500000,
    "netIncome": 131700000,
    "netIncomeRatio": 0.1248341232,
    "eps": 3.44,
    "epsdiluted": 3.42,
    "weightedAverageShsOut": 38300000,
    "weightedAverageShsOutDil": 38600000,
    "link": "https://www.sec.gov/Archives/edgar/data/1069202/000106920220000048/0001069202-20-000048-index.htm",
    "finalLink": "https://www.sec.gov/Archives/edgar/data/1069202/000106920220000048/lii-20200930.htm"
  },
  {
    "date": "2020-06-30",
    "symbol": "LII",
    "reportedCurrency": "USD",
    "cik": "0001069202",
    "fillingDate": "2020-07-20",
    "acceptedDate": "2020-07-20 16:26:27",
    "calendarYear": "2020",
    "period": "Q2",
    "revenue": 941300000,
    "costOfRevenue": 665600000,
    "grossProfit": 275700000,
    "grossProfitRatio": 0.2928928078,
    "researchAndDevelopmentExpenses": 0,
    "generalAndAdministrativeExpenses": 129500000,
    "sellingAndMarketingExpenses": 0,
    "sellingGeneralAndAdministrativeExpenses": 129500000,
    "otherExpenses": 10200000,
    "operatingExpenses": 139700000,
    "costAndExpenses": 805300000,
    "interestIncome": 0,
    "interestExpense": 6900000,
    "depreciationAndAmortization": 18900000,
    "ebitda": 153800000,
    "ebitdaratio": 0.1633910549,
    "operatingIncome": 136000000,
    "operatingIncomeRatio": 0.1444810369,
    "totalOtherIncomeExpensesNet": -8000000,
    "incomeBeforeTax": 128000000,
    "incomeBeforeTaxRatio": 0.1359821523,
    "incomeTaxExpense": 27400000,
    "netIncome": 100000000,
    "netIncomeRatio": 0.1062360565,
    "eps": 2.62,
    "epsdiluted": 2.6,
    "weightedAverageShsOut": 38200000,
    "weightedAverageShsOutDil": 38400000,
    "link": "https://www.sec.gov/Archives/edgar/data/1069202/000106920220000039/0001069202-20-000039-index.htm",
    "finalLink": "https://www.sec.gov/Archives/edgar/data/1069202/000106920220000039/lii-20200630.htm"
  },
  {
    "date": "2020-03-31",
    "symbol": "LII",
    "reportedCurrency": "USD",
    "cik": "0001069202",
    "fillingDate": "2020-04-20",
    "acceptedDate": "2020-04-20 16:11:25",
    "calendarYear": "2020",
    "period": "Q1",
    "revenue": 723800000,
    "costOfRevenue": 558100000,
    "grossProfit": 165700000,
    "grossProfitRatio": 0.2289306438,
    "researchAndDevelopmentExpenses": 0,
    "generalAndAdministrativeExpenses": 131100000,
    "sellingAndMarketingExpenses": 0,
    "sellingGeneralAndAdministrativeExpenses": 131100000,
    "otherExpenses": -1800000,
    "operatingExpenses": 129300000,
    "costAndExpenses": 687400000,
    "interestIncome": 0,
    "interestExpense": 8700000,
    "depreciationAndAmortization": 19000000,
    "ebitda": 54200000,
    "ebitdaratio": 0.0748825642,
    "operatingIncome": 36400000,
    "operatingIncomeRatio": 0.0502901354,
    "totalOtherIncomeExpensesNet": -9900000,
    "incomeBeforeTax": 26500000,
    "incomeBeforeTaxRatio": 0.0366123238,
    "incomeTaxExpense": 14000000,
    "netIncome": 12900000,
    "netIncomeRatio": 0.0178226029,
    "eps": 0.34,
    "epsdiluted": 0.33,
    "weightedAverageShsOut": 38400000,
    "weightedAverageShsOutDil": 38700000,
    "link": "https://www.sec.gov/Archives/edgar/data/1069202/000106920220000015/0001069202-20-000015-index.htm",
    "finalLink": "https://www.sec.gov/Archives/edgar/data/1069202/000106920220000015/lii-20200331.htm"
  },
  {
    "date": "2019-12-31",
    "symbol": "LII",
    "reportedCurrency": "USD",
    "cik": "0001069202",
    "fillingDate": "2020-02-18",
    "acceptedDate": "2020-02-18 17:03:20",
    "calendarYear": "2019",
    "period": "Q4",
    "revenue": 885000000,
    "costOfRevenue": 637200000,
    "grossProfit": 247800000,
    "grossProfitRatio": 0.28,
    "researchAndDevelopmentExpenses": 0,
    "generalAndAdministrativeExpenses": 144300000,
    "sellingAndMarketingExpenses": 0,
    "sellingGeneralAndAdministrativeExpenses": 144300000,
    "otherExpenses": -88000000,
    "operatingExpenses": 56300000,
    "costAndExpenses": 693400000,
    "interestIncome": 0,
    "interestExpense": 11000000,
    "depreciationAndAmortization": 18000000,
    "ebitda": 171500000,
    "ebitdaratio": 0.1937853107,
    "operatingIncome": 191600000,
    "operatingIncomeRatio": 0.2164971751,
    "totalOtherIncomeExpensesNet": -50200000,
    "incomeBeforeTax": 141400000,
    "incomeBeforeTaxRatio": 0.1597740113,
    "incomeTaxExpense": 27600000,
    "netIncome": 114000000,
    "netIncomeRatio": 0.1288135593,
    "eps": 2.96,
    "epsdiluted": 2.93,
    "weightedAverageShsOut": 38600000,
    "weightedAverageShsOutDil": 38900000,
    "link": "https://www.sec.gov/Archives/edgar/data/1069202/000106920220000004/0001069202-20-000004-index.htm",
    "finalLink": "https://www.sec.gov/Archives/edgar/data/1069202/000106920220000004/lii-20191231x10k.htm"
  },
  {
    "date": "2019-09-30",
    "symbol": "LII",
    "reportedCurrency": "USD",
    "cik": "0001069202",
    "fillingDate": "2019-10-21",
    "acceptedDate": "2019-10-21 17:21:17",
    "calendarYear": "2019",
    "period": "Q3",
    "revenue": 1032900000,
    "costOfRevenue": 734600000,
    "grossProfit": 298300000,
    "grossProfitRatio": 0.2887985284,
    "researchAndDevelopmentExpenses": 0,
    "generalAndAdministrativeExpenses": 143400000,
    "sellingAndMarketingExpenses": 0,
    "sellingGeneralAndAdministrativeExpenses": 143400000,
    "otherExpenses": -1900000,
    "operatingExpenses": 141500000,
    "costAndExpenses": 876100000,
    "interestIncome": 0,
    "interestExpense": 12500000,
    "depreciationAndAmortization": 18200000,
    "ebitda": 174400000,
    "ebitdaratio": 0.1688449995,
    "operatingIncome": 156800000,
    "operatingIncomeRatio": 0.1518055959,
    "totalOtherIncomeExpensesNet": -13100000,
    "incomeBeforeTax": 143700000,
    "incomeBeforeTaxRatio": 0.139122858,
    "incomeTaxExpense": 29000000,
    "netIncome": 114700000,
    "netIncomeRatio": 0.1110465679,
    "eps": 2.97,
    "epsdiluted": 2.94,
    "weightedAverageShsOut": 38600000,
    "weightedAverageShsOutDil": 39000000,
    "link": "https://www.sec.gov/Archives/edgar/data/1069202/000106920219000036/0001069202-19-000036-index.htm",
    "finalLink": "https://www.sec.gov/Archives/edgar/data/1069202/000106920219000036/lii-2019930x10q.htm"
  },
  {
    "date": "2019-06-30",
    "symbol": "LII",
    "reportedCurrency": "USD",
    "cik": "0001069202",
    "fillingDate": "2019-07-22",
    "acceptedDate": "2019-07-22 17:01:28",
    "calendarYear": "2019",
    "period": "Q2",
    "revenue": 1099100000,
    "costOfRevenue": 767000000,
    "grossProfit": 332100000,
    "grossProfitRatio": 0.3021563097,
    "researchAndDevelopmentExpenses": 0,
    "generalAndAdministrativeExpenses": 152400000,
    "sellingAndMarketingExpenses": 0,
    "sellingGeneralAndAdministrativeExpenses": 152400000,
    "otherExpenses": -34100000,
    "operatingExpenses": 118300000,
    "costAndExpenses": 885300000,
    "interestIncome": 0,
    "interestExpense": 13100000,
    "depreciationAndAmortization": 16700000,
    "ebitda": 169600000,
    "ebitdaratio": 0.1543080702,
    "operatingIncome": 213800000,
    "operatingIncomeRatio": 0.1945227914,
    "totalOtherIncomeExpensesNet": -74000000,
    "incomeBeforeTax": 139800000,
    "incomeBeforeTaxRatio": 0.1271949777,
    "incomeTaxExpense": 28800000,
    "netIncome": 110700000,
    "netIncomeRatio": 0.1007187699,
    "eps": 2.83,
    "epsdiluted": 2.8,
    "weightedAverageShsOut": 39100000,
    "weightedAverageShsOutDil": 39500000,
    "link": "https://www.sec.gov/Archives/edgar/data/1069202/000106920219000030/0001069202-19-000030-index.htm",
    "finalLink": "https://www.sec.gov/Archives/edgar/data/1069202/000106920219000030/lii-2019630x10q.htm"
  },
  {
    "date": "2019-03-31",
    "symbol": "LII",
    "reportedCurrency": "USD",
    "cik": "0001069202",
    "fillingDate": "2019-04-22",
    "acceptedDate": "2019-04-22 17:30:50",
    "calendarYear": "2019",
    "period": "Q1",
    "revenue": 790300000,
    "costOfRevenue": 588700000,
    "grossProfit": 201600000,
    "grossProfitRatio": 0.2550930027,
    "researchAndDevelopmentExpenses": 0,
    "generalAndAdministrativeExpenses": 145800000,
    "sellingAndMarketingExpenses": 0,
    "sellingGeneralAndAdministrativeExpenses": 145800000,
    "otherExpenses": -38900000,
    "operatingExpenses": 106900000,
    "costAndExpenses": 695600000,
    "interestIncome": 0,
    "interestExpense": 10900000,
    "depreciationAndAmortization": 18200000,
    "ebitda": 112100000,
    "ebitdaratio": 0.141844869,
    "operatingIncome": 94700000,
    "operatingIncomeRatio": 0.1198279135,
    "totalOtherIncomeExpensesNet": -11700000,
    "incomeBeforeTax": 83000000,
    "incomeBeforeTaxRatio": 0.1050234088,
    "incomeTaxExpense": 13600000,
    "netIncome": 69300000,
    "netIncomeRatio": 0.0876882197,
    "eps": 1.75,
    "epsdiluted": 1.73,
    "weightedAverageShsOut": 39700000,
    "weightedAverageShsOutDil": 40100000,
    "link": "https://www.sec.gov/Archives/edgar/data/1069202/000106920219000021/0001069202-19-000021-index.htm",
    "finalLink": "https://www.sec.gov/Archives/edgar/data/1069202/000106920219000021/lii-2019331x10q.htm"
  },
  {
    "date": "2018-12-31",
    "symbol": "LII",
    "reportedCurrency": "USD",
    "cik": "0001069202",
    "fillingDate": "2019-02-19",
    "acceptedDate": "2019-02-19 17:12:48",
    "calendarYear": "2018",
    "period": "Q4",
    "revenue": 843600000,
    "costOfRevenue": 619100000,
    "grossProfit": 224500000,
    "grossProfitRatio": 0.2661213845,
    "researchAndDevelopmentExpenses": 0,
    "generalAndAdministrativeExpenses": 142100000,
    "sellingAndMarketingExpenses": 0,
    "sellingGeneralAndAdministrativeExpenses": 142100000,
    "otherExpenses": -33700000,
    "operatingExpenses": 108400000,
    "costAndExpenses": 727300000,
    "interestIncome": 0,
    "interestExpense": 9800000,
    "depreciationAndAmortization": 16600000,
    "ebitda": 132700000,
    "ebitdaratio": 0.1573020389,
    "operatingIncome": 116200000,
    "operatingIncomeRatio": 0.1377430062,
    "totalOtherIncomeExpensesNet": -10700000,
    "incomeBeforeTax": 105500000,
    "incomeBeforeTaxRatio": 0.1250592698,
    "incomeTaxExpense": 30300000,
    "netIncome": 75600000,
    "netIncomeRatio": 0.0896159317,
    "eps": 1.89,
    "epsdiluted": 1.87,
    "weightedAverageShsOut": 40000000,
    "weightedAverageShsOutDil": 40500000,
    "link": "https://www.sec.gov/Archives/edgar/data/1069202/000106920219000008/0001069202-19-000008-index.htm",
    "finalLink": "https://www.sec.gov/Archives/edgar/data/1069202/000106920219000008/lii-20181231x10k.htm"
  },
  {
    "date": "2018-09-30",
    "symbol": "LII",
    "reportedCurrency": "USD",
    "cik": "0001069202",
    "fillingDate": "2018-10-22",
    "acceptedDate": "2018-10-22 13:12:27",
    "calendarYear": "2018",
    "period": "Q3",
    "revenue": 1030200000,
    "costOfRevenue": 728300000,
    "grossProfit": 301900000,
    "grossProfitRatio": 0.2930498932,
    "researchAndDevelopmentExpenses": 0,
    "generalAndAdministrativeExpenses": 149400000,
    "sellingAndMarketingExpenses": 0,
    "sellingGeneralAndAdministrativeExpenses": 149400000,
    "otherExpenses": 7300000,
    "operatingExpenses": 156700000,
    "costAndExpenses": 885000000,
    "interestIncome": 0,
    "interestExpense": 10300000,
    "depreciationAndAmortization": 16600000,
    "ebitda": 160700000,
    "ebitdaratio": 0.1559891283,
    "operatingIncome": 145200000,
    "operatingIncomeRatio": 0.1409435061,
    "totalOtherIncomeExpensesNet": -11400000,
    "incomeBeforeTax": 133800000,
    "incomeBeforeTaxRatio": 0.1298776937,
    "incomeTaxExpense": 25800000,
    "netIncome": 108000000,
    "netIncomeRatio": 0.1048340128,
    "eps": 2.68,
    "epsdiluted": 2.65,
    "weightedAverageShsOut": 40300000,
    "weightedAverageShsOutDil": 40700000,
    "link": "https://www.sec.gov/Archives/edgar/data/1069202/000106920218000020/0001069202-18-000020-index.htm",
    "finalLink": "https://www.sec.gov/Archives/edgar/data/1069202/000106920218000020/lii-2018930x10q.htm"
  },
  {
    "date": "2018-06-30",
    "symbol": "LII",
    "reportedCurrency": "USD",
    "cik": "0001069202",
    "fillingDate": "2018-07-23",
    "acceptedDate": "2018-07-23 12:38:23",
    "calendarYear": "2018",
    "period": "Q2",
    "revenue": 1175400000,
    "costOfRevenue": 813800000,
    "grossProfit": 361600000,
    "grossProfitRatio": 0.3076399524,
    "researchAndDevelopmentExpenses": 0,
    "generalAndAdministrativeExpenses": 161400000,
    "sellingAndMarketingExpenses": 0,
    "sellingGeneralAndAdministrativeExpenses": 161400000,
    "otherExpenses": 5100000,
    "operatingExpenses": 166500000,
    "costAndExpenses": 980300000,
    "interestIncome": 0,
    "interestExpense": 9800000,
    "depreciationAndAmortization": 16200000,
    "ebitda": 210500000,
    "ebitdaratio": 0.1790879701,
    "operatingIncome": 195100000,
    "operatingIncomeRatio": 0.1659860473,
    "totalOtherIncomeExpensesNet": -10600000,
    "incomeBeforeTax": 184500000,
    "incomeBeforeTaxRatio": 0.1569678407,
    "incomeTaxExpense": 45300000,
    "netIncome": 137600000,
    "netIncomeRatio": 0.1170665305,
    "eps": 3.38,
    "epsdiluted": 3.35,
    "weightedAverageShsOut": 40700000,
    "weightedAverageShsOutDil": 41100000,
    "link": "https://www.sec.gov/Archives/edgar/data/1069202/000106920218000013/0001069202-18-000013-index.htm",
    "finalLink": "https://www.sec.gov/Archives/edgar/data/1069202/000106920218000013/lii-2018630x10q.htm"
  },
  {
    "date": "2018-03-31",
    "symbol": "LII",
    "reportedCurrency": "USD",
    "cik": "0001069202",
    "fillingDate": "2018-04-23",
    "acceptedDate": "2018-04-23 14:10:09",
    "calendarYear": "2018",
    "period": "Q1",
    "revenue": 834800000,
    "costOfRevenue": 611600000,
    "grossProfit": 223200000,
    "grossProfitRatio": 0.2673694298,
    "researchAndDevelopmentExpenses": 0,
    "generalAndAdministrativeExpenses": 155200000,
    "sellingAndMarketingExpenses": 0,
    "sellingGeneralAndAdministrativeExpenses": 155200000,
    "otherExpenses": 15000000,
    "operatingExpenses": 170200000,
    "costAndExpenses": 781800000,
    "interestIncome": 0,
    "interestExpense": 8400000,
    "depreciationAndAmortization": 16600000,
    "ebitda": 69000000,
    "ebitdaratio": 0.082654528,
    "operatingIncome": 53000000,
    "operatingIncomeRatio": 0.0634882607,
    "totalOtherIncomeExpensesNet": -9000000,
    "incomeBeforeTax": 44000000,
    "incomeBeforeTaxRatio": 0.0527072353,
    "incomeTaxExpense": 6100000,
    "netIncome": 37900000,
    "netIncomeRatio": 0.0454000958,
    "eps": 0.91,
    "epsdiluted": 0.9,
    "weightedAverageShsOut": 41500000,
    "weightedAverageShsOutDil": 42100000,
    "link": "https://www.sec.gov/Archives/edgar/data/1069202/000106920218000009/0001069202-18-000009-index.htm",
    "finalLink": "https://www.sec.gov/Archives/edgar/data/1069202/000106920218000009/lii-2018331x10q.htm"
  },
  {
    "date": "2017-12-31",
    "symbol": "LII",
    "reportedCurrency": "USD",
    "cik": "0001069202",
    "fillingDate": "2018-02-16",
    "acceptedDate": "2018-02-16 15:40:57",
    "calendarYear": "2017",
    "period": "Q4",
    "revenue": 891800000,
    "costOfRevenue": 632000000,
    "grossProfit": 259800000,
    "grossProfitRatio": 0.291320924,
    "researchAndDevelopmentExpenses": 0,
    "generalAndAdministrativeExpenses": 158100000,
    "sellingAndMarketingExpenses": 0,
    "sellingGeneralAndAdministrativeExpenses": 158100000,
    "otherExpenses": -2100000,
    "operatingExpenses": 156000000,
    "costAndExpenses": 788000000,
    "interestIncome": 0,
    "interestExpense": 7300000,
    "depreciationAndAmortization": 16500000,
    "ebitda": 121600000,
    "ebitdaratio": 0.1363534425,
    "operatingIncome": 103700000,
    "operatingIncomeRatio": 0.1162816775,
    "totalOtherIncomeExpensesNet": -7400000,
    "incomeBeforeTax": 96300000,
    "incomeBeforeTaxRatio": 0.1079838529,
    "incomeTaxExpense": 53100000,
    "netIncome": 43100000,
    "netIncomeRatio": 0.0483292218,
    "eps": 1.03,
    "epsdiluted": 1.02,
    "weightedAverageShsOut": 41800000,
    "weightedAverageShsOutDil": 42500000,
    "link": "https://www.sec.gov/Archives/edgar/data/1069202/000106920218000004/0001069202-18-000004-index.htm",
    "finalLink": "https://www.sec.gov/Archives/edgar/data/1069202/000106920218000004/lii-20171231x10k.htm"
  },
  {
    "date": "2017-09-30",
    "symbol": "LII",
    "reportedCurrency": "USD",
    "cik": "0001069202",
    "fillingDate": "2017-10-24",
    "acceptedDate": "2017-10-24 14:29:38",
    "calendarYear": "2017",
    "period": "Q3",
    "revenue": 1052300000,
    "costOfRevenue": 738600000,
    "grossProfit": 313700000,
    "grossProfitRatio": 0.2981089043,
    "researchAndDevelopmentExpenses": 0,
    "generalAndAdministrativeExpenses": 158700000,
    "sellingAndMarketingExpenses": 0,
    "sellingGeneralAndAdministrativeExpenses": 158700000,
    "otherExpenses": 400000,
    "operatingExpenses": 159100000,
    "costAndExpenses": 897700000,
    "interestIncome": 0,
    "interestExpense": 7600000,
    "depreciationAndAmortization": 16100000,
    "ebitda": 170700000,
    "ebitdaratio": 0.1622160981,
    "operatingIncome": 154600000,
    "operatingIncomeRatio": 0.1469162786,
    "totalOtherIncomeExpensesNet": -7600000,
    "incomeBeforeTax": 147000000,
    "incomeBeforeTaxRatio": 0.1396940036,
    "incomeTaxExpense": 43000000,
    "netIncome": 103500000,
    "netIncomeRatio": 0.0983559821,
    "eps": 2.47,
    "epsdiluted": 2.44,
    "weightedAverageShsOut": 41900000,
    "weightedAverageShsOutDil": 42400000,
    "link": "https://www.sec.gov/Archives/edgar/data/1069202/000106920217000013/0001069202-17-000013-index.htm",
    "finalLink": "https://www.sec.gov/Archives/edgar/data/1069202/000106920217000013/lii-2017930x10q.htm"
  },
  {
    "date": "2017-06-30",
    "symbol": "LII",
    "reportedCurrency": "USD",
    "cik": "0001069202",
    "fillingDate": "2017-07-24",
    "acceptedDate": "2017-07-24 14:52:26",
    "calendarYear": "2017",
    "period": "Q2",
    "revenue": 1102100000,
    "costOfRevenue": 761300000,
    "grossProfit": 340800000,
    "grossProfitRatio": 0.3092278378,
    "researchAndDevelopmentExpenses": 0,
    "generalAndAdministrativeExpenses": 168500000,
    "sellingAndMarketingExpenses": 0,
    "sellingGeneralAndAdministrativeExpenses": 168500000,
    "otherExpenses": -3100000,
    "operatingExpenses": 165400000,
    "costAndExpenses": 926700000,
    "interestIncome": 0,
    "interestExpense": 8200000,
    "depreciationAndAmortization": 16300000,
    "ebitda": 191800000,
    "ebitdaratio": 0.1740313946,
    "operatingIncome": 175400000,
    "operatingIncomeRatio": 0.1591507123,
    "totalOtherIncomeExpensesNet": -8100000,
    "incomeBeforeTax": 167300000,
    "incomeBeforeTaxRatio": 0.151801107,
    "incomeTaxExpense": 50900000,
    "netIncome": 115500000,
    "netIncomeRatio": 0.1047999274,
    "eps": 2.73,
    "epsdiluted": 2.69,
    "weightedAverageShsOut": 42300000,
    "weightedAverageShsOutDil": 42900000,
    "link": "https://www.sec.gov/Archives/edgar/data/1069202/000106920217000009/0001069202-17-000009-index.htm",
    "finalLink": "https://www.sec.gov/Archives/edgar/data/1069202/000106920217000009/lii-2017630x10q.htm"
  },
  {
    "date": "2017-03-31",
    "symbol": "LII",
    "reportedCurrency": "USD",
    "cik": "0001069202",
    "fillingDate": "2017-04-24",
    "acceptedDate": "2017-04-24 14:05:22",
    "calendarYear": "2017",
    "period": "Q1",
    "revenue": 793400000,
    "costOfRevenue": 582500000,
    "grossProfit": 210900000,
    "grossProfitRatio": 0.2658179985,
    "researchAndDevelopmentExpenses": 0,
    "generalAndAdministrativeExpenses": 152400000,
    "sellingAndMarketingExpenses": 0,
    "sellingGeneralAndAdministrativeExpenses": 152400000,
    "otherExpenses": -2300000,
    "operatingExpenses": 150100000,
    "costAndExpenses": 732600000,
    "interestIncome": 0,
    "interestExpense": 7400000,
    "depreciationAndAmortization": 15700000,
    "ebitda": 76500000,
    "ebitdaratio": 0.0964204689,
    "operatingIncome": 60800000,
    "operatingIncomeRatio": 0.0766322158,
    "totalOtherIncomeExpensesNet": -7400000,
    "incomeBeforeTax": 53400000,
    "incomeBeforeTaxRatio": 0.0673052685,
    "incomeTaxExpense": 9900000,
    "netIncome": 43500000,
    "netIncomeRatio": 0.0548273254,
    "eps": 1.02,
    "epsdiluted": 1,
    "weightedAverageShsOut": 42800000,
    "weightedAverageShsOutDil": 43500000,
    "link": "https://www.sec.gov/Archives/edgar/data/1069202/000106920217000005/0001069202-17-000005-index.htm",
    "finalLink": "https://www.sec.gov/Archives/edgar/data/1069202/000106920217000005/lii-2017331x10q.htm"
  },
  {
    "date": "2016-12-31",
    "symbol": "LII",
    "reportedCurrency": "USD",
    "cik": "0001069202",
    "fillingDate": "2017-02-21",
    "acceptedDate": "2017-02-21 12:21:32",
    "calendarYear": "2016",
    "period": "Q4",
    "revenue": 897300000,
    "costOfRevenue": 629700000,
    "grossProfit": 267600000,
    "grossProfitRatio": 0.2982280174,
    "researchAndDevelopmentExpenses": 0,
    "generalAndAdministrativeExpenses": 164800000,
    "sellingAndMarketingExpenses": 0,
    "sellingGeneralAndAdministrativeExpenses": 164800000,
    "otherExpenses": 34700000,
    "operatingExpenses": 199500000,
    "costAndExpenses": 829100000,
    "interestIncome": 0,
    "interestExpense": 7400000,
    "depreciationAndAmortization": 14700000,
    "ebitda": 84000000,
    "ebitdaratio": 0.0936141759,
    "operatingIncome": 68100000,
    "operatingIncomeRatio": 0.0758943497,
    "totalOtherIncomeExpensesNet": -7300000,
    "incomeBeforeTax": 60800000,
    "incomeBeforeTaxRatio": 0.0677588321,
    "incomeTaxExpense": 20100000,
    "netIncome": 40400000,
    "netIncomeRatio": 0.0450239608,
    "eps": 0.94,
    "epsdiluted": 0.93,
    "weightedAverageShsOut": 42900000,
    "weightedAverageShsOutDil": 43400000,
    "link": "https://www.sec.gov/Archives/edgar/data/1069202/000106920217000003/0001069202-17-000003-index.htm",
    "finalLink": "https://www.sec.gov/Archives/edgar/data/1069202/000106920217000003/lii-20161231x10k.htm"
  },
  {
    "date": "2016-09-30",
    "symbol": "LII",
    "reportedCurrency": "USD",
    "cik": "0001069202",
    "fillingDate": "2016-10-17",
    "acceptedDate": "2016-10-17 12:01:06",
    "calendarYear": "2016",
    "period": "Q3",
    "revenue": 1010000000,
    "costOfRevenue": 699700000,
    "grossProfit": 310300000,
    "grossProfitRatio": 0.3072277228,
    "researchAndDevelopmentExpenses": 0,
    "generalAndAdministrativeExpenses": 156500000,
    "sellingAndMarketingExpenses": 0,
    "sellingGeneralAndAdministrativeExpenses": 156500000,
    "otherExpenses": -3100000,
    "operatingExpenses": 153400000,
    "costAndExpenses": 853100000,
    "interestIncome": 0,
    "interestExpense": 7000000,
    "depreciationAndAmortization": 14900000,
    "ebitda": 171800000,
    "ebitdaratio": 0.1700990099,
    "operatingIncome": 156900000,
    "operatingIncomeRatio": 0.1553465347,
    "totalOtherIncomeExpensesNet": -7000000,
    "incomeBeforeTax": 149900000,
    "incomeBeforeTaxRatio": 0.1484158416,
    "incomeTaxExpense": 48200000,
    "netIncome": 101700000,
    "netIncomeRatio": 0.1006930693,
    "eps": 2.35,
    "epsdiluted": 2.33,
    "weightedAverageShsOut": 43200000,
    "weightedAverageShsOutDil": 43700000,
    "link": "https://www.sec.gov/Archives/edgar/data/1069202/000106920216000024/0001069202-16-000024-index.htm",
    "finalLink": "https://www.sec.gov/Archives/edgar/data/1069202/000106920216000024/lii-2016930x10q.htm"
  },
  {
    "date": "2016-06-30",
    "symbol": "LII",
    "reportedCurrency": "USD",
    "cik": "0001069202",
    "fillingDate": "2016-07-18",
    "acceptedDate": "2016-07-18 12:15:18",
    "calendarYear": "2016",
    "period": "Q2",
    "revenue": 1019200000,
    "costOfRevenue": 704200000,
    "grossProfit": 315000000,
    "grossProfitRatio": 0.3090659341,
    "researchAndDevelopmentExpenses": 0,
    "generalAndAdministrativeExpenses": 159400000,
    "sellingAndMarketingExpenses": 0,
    "sellingGeneralAndAdministrativeExpenses": 159400000,
    "otherExpenses": -5100000,
    "operatingExpenses": 154300000,
    "costAndExpenses": 858500000,
    "interestIncome": 0,
    "interestExpense": 6800000,
    "depreciationAndAmortization": 14300000,
    "ebitda": 175200000,
    "ebitdaratio": 0.171899529,
    "operatingIncome": 160700000,
    "operatingIncomeRatio": 0.1576726845,
    "totalOtherIncomeExpensesNet": -6600000,
    "incomeBeforeTax": 154100000,
    "incomeBeforeTaxRatio": 0.1511970173,
    "incomeTaxExpense": 42900000,
    "netIncome": 110700000,
    "netIncomeRatio": 0.1086145997,
    "eps": 2.54,
    "epsdiluted": 2.51,
    "weightedAverageShsOut": 43600000,
    "weightedAverageShsOutDil": 44100000,
    "link": "https://www.sec.gov/Archives/edgar/data/1069202/000106920216000020/0001069202-16-000020-index.htm",
    "finalLink": "https://www.sec.gov/Archives/edgar/data/1069202/000106920216000020/lii-2016630x10q.htm"
  },
  {
    "date": "2016-03-31",
    "symbol": "LII",
    "reportedCurrency": "USD",
    "cik": "0001069202",
    "fillingDate": "2016-04-18",
    "acceptedDate": "2016-04-18 12:24:14",
    "calendarYear": "2016",
    "period": "Q1",
    "revenue": 715200000,
    "costOfRevenue": 531600000,
    "grossProfit": 183600000,
    "grossProfitRatio": 0.2567114094,
    "researchAndDevelopmentExpenses": 0,
    "generalAndAdministrativeExpenses": 140400000,
    "sellingAndMarketingExpenses": 0,
    "sellingGeneralAndAdministrativeExpenses": 140400000,
    "otherExpenses": -500000,
    "operatingExpenses": 139900000,
    "costAndExpenses": 671500000,
    "interestIncome": 0,
    "interestExpense": 5800000,
    "depreciationAndAmortization": 14200000,
    "ebitda": 57900000,
    "ebitdaratio": 0.0809563758,
    "operatingIncome": 43700000,
    "operatingIncomeRatio": 0.0611017897,
    "totalOtherIncomeExpensesNet": -5800000,
    "incomeBeforeTax": 37900000,
    "incomeBeforeTaxRatio": 0.05299217,
    "incomeTaxExpense": 13000000,
    "netIncome": 24900000,
    "netIncomeRatio": 0.0348154362,
    "eps": 0.57,
    "epsdiluted": 0.56,
    "weightedAverageShsOut": 44000000,
    "weightedAverageShsOutDil": 44700000,
    "link": "https://www.sec.gov/Archives/edgar/data/1069202/000106920216000017/0001069202-16-000017-index.htm",
    "finalLink": "https://www.sec.gov/Archives/edgar/data/1069202/000106920216000017/lii-2016331x10q.htm"
  },
  {
    "date": "2015-12-31",
    "symbol": "LII",
    "reportedCurrency": "USD",
    "cik": "0001069202",
    "fillingDate": "2016-02-16",
    "acceptedDate": "2016-02-16 11:52:50",
    "calendarYear": "2015",
    "period": "Q4",
    "revenue": 834100000,
    "costOfRevenue": 606500000,
    "grossProfit": 227600000,
    "grossProfitRatio": 0.2728689606,
    "researchAndDevelopmentExpenses": 0,
    "generalAndAdministrativeExpenses": 150500000,
    "sellingAndMarketingExpenses": 0,
    "sellingGeneralAndAdministrativeExpenses": 150500000,
    "otherExpenses": 56600000,
    "operatingExpenses": 207100000,
    "costAndExpenses": 813600000,
    "interestIncome": 100000,
    "interestExpense": 5800000,
    "depreciationAndAmortization": 16200000,
    "ebitda": 38400000,
    "ebitdaratio": 0.0460376454,
    "operatingIncome": 20500000,
    "operatingIncomeRatio": 0.0245773888,
    "totalOtherIncomeExpensesNet": -5600000,
    "incomeBeforeTax": 14900000,
    "incomeBeforeTaxRatio": 0.0178635655,
    "incomeTaxExpense": 3500000,
    "netIncome": 11200000,
    "netIncomeRatio": 0.0134276466,
    "eps": 0.25,
    "epsdiluted": 0.25,
    "weightedAverageShsOut": 44900000,
    "weightedAverageShsOutDil": 45500000,
    "link": "https://www.sec.gov/Archives/edgar/data/1069202/000106920216000014/0001069202-16-000014-index.htm",
    "finalLink": "https://www.sec.gov/Archives/edgar/data/1069202/000106920216000014/lii-20151231x10k.htm"
  },
  {
    "date": "2015-09-30",
    "symbol": "LII",
    "reportedCurrency": "USD",
    "cik": "0001069202",
    "fillingDate": "2015-10-19",
    "acceptedDate": "2015-10-19 10:31:28",
    "calendarYear": "2015",
    "period": "Q3",
    "revenue": 955000000,
    "costOfRevenue": 681600000,
    "grossProfit": 273400000,
    "grossProfitRatio": 0.2862827225,
    "researchAndDevelopmentExpenses": 0,
    "generalAndAdministrativeExpenses": 143800000,
    "sellingAndMarketingExpenses": 0,
    "sellingGeneralAndAdministrativeExpenses": 143800000,
    "otherExpenses": 2600000,
    "operatingExpenses": 146400000,
    "costAndExpenses": 828000000,
    "interestIncome": 0,
    "interestExpense": 5700000,
    "depreciationAndAmortization": 16000000,
    "ebitda": 143700000,
    "ebitdaratio": 0.1504712042,
    "operatingIncome": 127000000,
    "operatingIncomeRatio": 0.1329842932,
    "totalOtherIncomeExpensesNet": -5000000,
    "incomeBeforeTax": 122000000,
    "incomeBeforeTaxRatio": 0.1277486911,
    "incomeTaxExpense": 41700000,
    "netIncome": 80300000,
    "netIncomeRatio": 0.0840837696,
    "eps": 1.78,
    "epsdiluted": 1.76,
    "weightedAverageShsOut": 45000000,
    "weightedAverageShsOutDil": 45600000,
    "link": "https://www.sec.gov/Archives/edgar/data/1069202/000106920215000011/0001069202-15-000011-index.htm",
    "finalLink": "https://www.sec.gov/Archives/edgar/data/1069202/000106920215000011/lii-2015930x10q.htm"
  },
  {
    "date": "2015-06-30",
    "symbol": "LII",
    "reportedCurrency": "USD",
    "cik": "0001069202",
    "fillingDate": "2015-07-20",
    "acceptedDate": "2015-07-20 12:12:41",
    "calendarYear": "2015",
    "period": "Q2",
    "revenue": 992500000,
    "costOfRevenue": 709100000,
    "grossProfit": 283400000,
    "grossProfitRatio": 0.2855415617,
    "researchAndDevelopmentExpenses": 0,
    "generalAndAdministrativeExpenses": 152900000,
    "sellingAndMarketingExpenses": 0,
    "sellingGeneralAndAdministrativeExpenses": 152900000,
    "otherExpenses": -400000,
    "operatingExpenses": 152500000,
    "costAndExpenses": 861600000,
    "interestIncome": 0,
    "interestExpense": 6400000,
    "depreciationAndAmortization": 15100000,
    "ebitda": 146000000,
    "ebitdaratio": 0.1471032746,
    "operatingIncome": 130900000,
    "operatingIncomeRatio": 0.1318891688,
    "totalOtherIncomeExpensesNet": -6400000,
    "incomeBeforeTax": 124500000,
    "incomeBeforeTaxRatio": 0.125440806,
    "incomeTaxExpense": 42900000,
    "netIncome": 81200000,
    "netIncomeRatio": 0.081813602,
    "eps": 1.8,
    "epsdiluted": 1.78,
    "weightedAverageShsOut": 45000000,
    "weightedAverageShsOutDil": 45600000,
    "link": "https://www.sec.gov/Archives/edgar/data/1069202/000106920215000008/0001069202-15-000008-index.htm",
    "finalLink": "https://www.sec.gov/Archives/edgar/data/1069202/000106920215000008/lii-2015630x10q.htm"
  },
  {
    "date": "2015-03-31",
    "symbol": "LII",
    "reportedCurrency": "USD",
    "cik": "0001069202",
    "fillingDate": "2015-04-20",
    "acceptedDate": "2015-04-20 11:13:24",
    "calendarYear": "2015",
    "period": "Q1",
    "revenue": 685800000,
    "costOfRevenue": 522800000,
    "grossProfit": 163000000,
    "grossProfitRatio": 0.2376786235,
    "researchAndDevelopmentExpenses": 0,
    "generalAndAdministrativeExpenses": 133400000,
    "sellingAndMarketingExpenses": 0,
    "sellingGeneralAndAdministrativeExpenses": 133400000,
    "otherExpenses": 2600000,
    "operatingExpenses": 136000000,
    "costAndExpenses": 658800000,
    "interestIncome": 0,
    "interestExpense": 5700000,
    "depreciationAndAmortization": 15500000,
    "ebitda": 42500000,
    "ebitdaratio": 0.0619714202,
    "operatingIncome": 27000000,
    "operatingIncomeRatio": 0.0393700787,
    "totalOtherIncomeExpensesNet": -5700000,
    "incomeBeforeTax": 21300000,
    "incomeBeforeTaxRatio": 0.0310586177,
    "incomeTaxExpense": 7300000,
    "netIncome": 13900000,
    "netIncomeRatio": 0.0202682998,
    "eps": 0.31,
    "epsdiluted": 0.31,
    "weightedAverageShsOut": 44700000,
    "weightedAverageShsOutDil": 45500000,
    "link": "https://www.sec.gov/Archives/edgar/data/1069202/000106920215000006/0001069202-15-000006-index.htm",
    "finalLink": "https://www.sec.gov/Archives/edgar/data/1069202/000106920215000006/lii-2015331x10q.htm"
  },
  {
    "date": "2014-12-31",
    "symbol": "LII",
    "reportedCurrency": "USD",
    "cik": "0001069202",
    "fillingDate": "2015-02-17",
    "acceptedDate": "2015-02-17 12:02:10",
    "calendarYear": "2014",
    "period": "Q4",
    "revenue": 812800000,
    "costOfRevenue": 587400000,
    "grossProfit": 225400000,
    "grossProfitRatio": 0.2773129921,
    "researchAndDevelopmentExpenses": 0,
    "generalAndAdministrativeExpenses": 148200000,
    "sellingAndMarketingExpenses": 0,
    "sellingGeneralAndAdministrativeExpenses": 148200000,
    "otherExpenses": 2100000,
    "operatingExpenses": 150300000,
    "costAndExpenses": 737700000,
    "interestIncome": 0,
    "interestExpense": 6200000,
    "depreciationAndAmortization": 15600000,
    "ebitda": 92500000,
    "ebitdaratio": 0.1138041339,
    "operatingIncome": 75100000,
    "operatingIncomeRatio": 0.0923966535,
    "totalOtherIncomeExpensesNet": -6100000,
    "incomeBeforeTax": 69000000,
    "incomeBeforeTaxRatio": 0.0848917323,
    "incomeTaxExpense": 22900000,
    "netIncome": 44600000,
    "netIncomeRatio": 0.0548720472,
    "eps": 0.98,
    "epsdiluted": 0.96,
    "weightedAverageShsOut": 45500000,
    "weightedAverageShsOutDil": 46200000,
    "link": "https://www.sec.gov/Archives/edgar/data/1069202/000106920215000003/0001069202-15-000003-index.htm",
    "finalLink": "https://www.sec.gov/Archives/edgar/data/1069202/000106920215000003/lii-20141231x10k.htm"
  },
  {
    "date": "2014-09-30",
    "symbol": "LII",
    "reportedCurrency": "USD",
    "cik": "0001069202",
    "fillingDate": "2014-10-20",
    "acceptedDate": "2014-10-20 15:25:47",
    "calendarYear": "2014",
    "period": "Q3",
    "revenue": 898400000,
    "costOfRevenue": 651300000,
    "grossProfit": 247100000,
    "grossProfitRatio": 0.2750445236,
    "researchAndDevelopmentExpenses": 0,
    "generalAndAdministrativeExpenses": 140900000,
    "sellingAndMarketingExpenses": 0,
    "sellingGeneralAndAdministrativeExpenses": 140900000,
    "otherExpenses": -400000,
    "operatingExpenses": 140500000,
    "costAndExpenses": 791800000,
    "interestIncome": 0,
    "interestExpense": 4000000,
    "depreciationAndAmortization": 15200000,
    "ebitda": 121800000,
    "ebitdaratio": 0.1355743544,
    "operatingIncome": 106600000,
    "operatingIncomeRatio": 0.1186553874,
    "totalOtherIncomeExpensesNet": -4000000,
    "incomeBeforeTax": 102600000,
    "incomeBeforeTaxRatio": 0.1142030276,
    "incomeTaxExpense": 35100000,
    "netIncome": 67400000,
    "netIncomeRatio": 0.0750222618,
    "eps": 1.4,
    "epsdiluted": 1.38,
    "weightedAverageShsOut": 48300000,
    "weightedAverageShsOutDil": 49000000,
    "link": "https://www.sec.gov/Archives/edgar/data/1069202/000106920214000008/0001069202-14-000008-index.htm",
    "finalLink": "https://www.sec.gov/Archives/edgar/data/1069202/000106920214000008/lii-2014930x10q.htm"
  },
  {
    "date": "2014-06-30",
    "symbol": "LII",
    "reportedCurrency": "USD",
    "cik": "0001069202",
    "fillingDate": "2014-07-21",
    "acceptedDate": "2014-07-21 11:04:58",
    "calendarYear": "2014",
    "period": "Q2",
    "revenue": 960700000,
    "costOfRevenue": 698100000,
    "grossProfit": 262600000,
    "grossProfitRatio": 0.2733423545,
    "researchAndDevelopmentExpenses": 0,
    "generalAndAdministrativeExpenses": 148900000,
    "sellingAndMarketingExpenses": 0,
    "sellingGeneralAndAdministrativeExpenses": 148900000,
    "otherExpenses": -5400000,
    "operatingExpenses": 143500000,
    "costAndExpenses": 841600000,
    "interestIncome": 0,
    "interestExpense": 3700000,
    "depreciationAndAmortization": 15000000,
    "ebitda": 134100000,
    "ebitdaratio": 0.1395857187,
    "operatingIncome": 119100000,
    "operatingIncomeRatio": 0.1239721037,
    "totalOtherIncomeExpensesNet": -3700000,
    "incomeBeforeTax": 115400000,
    "incomeBeforeTaxRatio": 0.1201207453,
    "incomeTaxExpense": 40800000,
    "netIncome": 73900000,
    "netIncomeRatio": 0.0769230769,
    "eps": 1.51,
    "epsdiluted": 1.49,
    "weightedAverageShsOut": 48800000,
    "weightedAverageShsOutDil": 49600000,
    "link": "https://www.sec.gov/Archives/edgar/data/1069202/000106920214000006/0001069202-14-000006-index.htm",
    "finalLink": "https://www.sec.gov/Archives/edgar/data/1069202/000106920214000006/lii-2014630x10q.htm"
  },
  {
    "date": "2014-03-31",
    "symbol": "LII",
    "reportedCurrency": "USD",
    "cik": "0001069202",
    "fillingDate": "2014-04-21",
    "acceptedDate": "2014-04-21 10:36:18",
    "calendarYear": "2014",
    "period": "Q1",
    "revenue": 695400000,
    "costOfRevenue": 527300000,
    "grossProfit": 168100000,
    "grossProfitRatio": 0.2417313776,
    "researchAndDevelopmentExpenses": 0,
    "generalAndAdministrativeExpenses": 135600000,
    "sellingAndMarketingExpenses": 0,
    "sellingGeneralAndAdministrativeExpenses": 135600000,
    "otherExpenses": -1400000,
    "operatingExpenses": 134200000,
    "costAndExpenses": 661500000,
    "interestIncome": 0,
    "interestExpense": 3300000,
    "depreciationAndAmortization": 15000000,
    "ebitda": 48900000,
    "ebitdaratio": 0.0703192407,
    "operatingIncome": 33900000,
    "operatingIncomeRatio": 0.0487489215,
    "totalOtherIncomeExpensesNet": -3300000,
    "incomeBeforeTax": 30600000,
    "incomeBeforeTaxRatio": 0.0440034513,
    "incomeTaxExpense": 10700000,
    "netIncome": 19900000,
    "netIncomeRatio": 0.0286166235,
    "eps": 0.41,
    "epsdiluted": 0.4,
    "weightedAverageShsOut": 49000000,
    "weightedAverageShsOutDil": 49900000,
    "link": "https://www.sec.gov/Archives/edgar/data/1069202/000106920214000004/0001069202-14-000004-index.htm",
    "finalLink": "https://www.sec.gov/Archives/edgar/data/1069202/000106920214000004/lii-2014331x10q.htm"
  },
  {
    "date": "2013-12-31",
    "symbol": "LII",
    "reportedCurrency": "USD",
    "cik": "0001069202",
    "fillingDate": "2014-02-13",
    "acceptedDate": "2014-02-13 13:24:58",
    "calendarYear": "2013",
    "period": "Q4",
    "revenue": 749500000,
    "costOfRevenue": 541800000,
    "grossProfit": 207700000,
    "grossProfitRatio": 0.2771180787,
    "researchAndDevelopmentExpenses": 0,
    "generalAndAdministrativeExpenses": 146100000,
    "sellingAndMarketingExpenses": 0,
    "sellingGeneralAndAdministrativeExpenses": 146100000,
    "otherExpenses": 6800000,
    "operatingExpenses": 152900000,
    "costAndExpenses": 694700000,
    "interestIncome": 0,
    "interestExpense": 3800000,
    "depreciationAndAmortization": 15800000,
    "ebitda": 72400000,
    "ebitdaratio": 0.0965977318,
    "operatingIncome": 54900000,
    "operatingIncomeRatio": 0.0732488326,
    "totalOtherIncomeExpensesNet": -4000000,
    "incomeBeforeTax": 50900000,
    "incomeBeforeTaxRatio": 0.0679119413,
    "incomeTaxExpense": 16900000,
    "netIncome": 35200000,
    "netIncomeRatio": 0.0469646431,
    "eps": 0.72,
    "epsdiluted": 0.7,
    "weightedAverageShsOut": 49200000,
    "weightedAverageShsOutDil": 50100000,
    "link": "https://www.sec.gov/Archives/edgar/data/1069202/000106920214000002/0001069202-14-000002-index.htm",
    "finalLink": "https://www.sec.gov/Archives/edgar/data/1069202/000106920214000002/lii-20131231x10k.htm"
  },
  {
    "date": "2013-09-30",
    "symbol": "LII",
    "reportedCurrency": "USD",
    "cik": "0001069202",
    "fillingDate": "2013-10-21",
    "acceptedDate": "2013-10-21 10:23:02",
    "calendarYear": "2013",
    "period": "Q3",
    "revenue": 868000000,
    "costOfRevenue": 630600000,
    "grossProfit": 237400000,
    "grossProfitRatio": 0.2735023041,
    "researchAndDevelopmentExpenses": 0,
    "generalAndAdministrativeExpenses": 136900000,
    "sellingAndMarketingExpenses": 0,
    "sellingGeneralAndAdministrativeExpenses": 136900000,
    "otherExpenses": -3300000,
    "operatingExpenses": 133600000,
    "costAndExpenses": 764200000,
    "interestIncome": 0,
    "interestExpense": 3800000,
    "depreciationAndAmortization": 14600000,
    "ebitda": 118400000,
    "ebitdaratio": 0.13640553,
    "operatingIncome": 103800000,
    "operatingIncomeRatio": 0.1195852535,
    "totalOtherIncomeExpensesNet": -3800000,
    "incomeBeforeTax": 100000000,
    "incomeBeforeTaxRatio": 0.1152073733,
    "incomeTaxExpense": 34200000,
    "netIncome": 64300000,
    "netIncomeRatio": 0.074078341,
    "eps": 1.29,
    "epsdiluted": 1.27,
    "weightedAverageShsOut": 49700000,
    "weightedAverageShsOutDil": 50500000,
    "link": "https://www.sec.gov/Archives/edgar/data/1069202/000106920213000011/0001069202-13-000011-index.htm",
    "finalLink": "https://www.sec.gov/Archives/edgar/data/1069202/000106920213000011/lii-2013930x10q.htm"
  },
  {
    "date": "2013-06-30",
    "symbol": "LII",
    "reportedCurrency": "USD",
    "cik": "0001069202",
    "fillingDate": "2013-07-22",
    "acceptedDate": "2013-07-22 10:23:07",
    "calendarYear": "2013",
    "period": "Q2",
    "revenue": 913100000,
    "costOfRevenue": 659100000,
    "grossProfit": 254000000,
    "grossProfitRatio": 0.2781732559,
    "researchAndDevelopmentExpenses": 0,
    "generalAndAdministrativeExpenses": 151300000,
    "sellingAndMarketingExpenses": 0,
    "sellingGeneralAndAdministrativeExpenses": 151300000,
    "otherExpenses": 300000,
    "operatingExpenses": 151600000,
    "costAndExpenses": 810700000,
    "interestIncome": 0,
    "interestExpense": 3600000,
    "depreciationAndAmortization": 14400000,
    "ebitda": 117000000,
    "ebitdaratio": 0.128134925,
    "operatingIncome": 102400000,
    "operatingIncomeRatio": 0.1121454386,
    "totalOtherIncomeExpensesNet": -3400000,
    "incomeBeforeTax": 99000000,
    "incomeBeforeTaxRatio": 0.1084218596,
    "incomeTaxExpense": 34700000,
    "netIncome": 64300000,
    "netIncomeRatio": 0.0704194502,
    "eps": 1.28,
    "epsdiluted": 1.26,
    "weightedAverageShsOut": 50200000,
    "weightedAverageShsOutDil": 50900000,
    "link": "https://www.sec.gov/Archives/edgar/data/1069202/000106920213000008/0001069202-13-000008-index.htm",
    "finalLink": "https://www.sec.gov/Archives/edgar/data/1069202/000106920213000008/lii-2013630x10q.htm"
  },
  {
    "date": "2013-03-31",
    "symbol": "LII",
    "reportedCurrency": "USD",
    "cik": "0001069202",
    "fillingDate": "2013-04-22",
    "acceptedDate": "2013-04-22 16:27:45",
    "calendarYear": "2013",
    "period": "Q1",
    "revenue": 668400000,
    "costOfRevenue": 506400000,
    "grossProfit": 162000000,
    "grossProfitRatio": 0.2423698384,
    "researchAndDevelopmentExpenses": 0,
    "generalAndAdministrativeExpenses": 135600000,
    "sellingAndMarketingExpenses": 0,
    "sellingGeneralAndAdministrativeExpenses": 135600000,
    "otherExpenses": -1500000,
    "operatingExpenses": 134100000,
    "costAndExpenses": 640500000,
    "interestIncome": 0,
    "interestExpense": 3400000,
    "depreciationAndAmortization": 14100000,
    "ebitda": 41900000,
    "ebitdaratio": 0.0626870138,
    "operatingIncome": 27900000,
    "operatingIncomeRatio": 0.0417414722,
    "totalOtherIncomeExpensesNet": -3500000,
    "incomeBeforeTax": 24400000,
    "incomeBeforeTaxRatio": 0.0365050868,
    "incomeTaxExpense": 8600000,
    "netIncome": 8000000,
    "netIncomeRatio": 0.0119688809,
    "eps": 0.16,
    "epsdiluted": 0.16,
    "weightedAverageShsOut": 50300000,
    "weightedAverageShsOutDil": 51000000,
    "link": "https://www.sec.gov/Archives/edgar/data/1069202/000106920213000005/0001069202-13-000005-index.htm",
    "finalLink": "https://www.sec.gov/Archives/edgar/data/1069202/000106920213000005/lii-2013331x10q.htm"
  },
  {
    "date": "2012-12-31",
    "symbol": "LII",
    "reportedCurrency": "USD",
    "cik": "0001069202",
    "fillingDate": "2013-02-15",
    "acceptedDate": "2013-02-15 16:04:12",
    "calendarYear": "2012",
    "period": "Q4",
    "revenue": 684900000,
    "costOfRevenue": 516500000,
    "grossProfit": 168400000,
    "grossProfitRatio": 0.2458753103,
    "researchAndDevelopmentExpenses": 0,
    "generalAndAdministrativeExpenses": 0,
    "sellingAndMarketingExpenses": 0,
    "sellingGeneralAndAdministrativeExpenses": 127200000,
    "otherExpenses": 1700000,
    "operatingExpenses": 128900000,
    "costAndExpenses": 645400000,
    "interestIncome": 1800000,
    "interestExpense": 3600000,
    "depreciationAndAmortization": 14300000,
    "ebitda": 55400000,
    "ebitdaratio": 0.0808877208,
    "operatingIncome": 39500000,
    "operatingIncomeRatio": 0.0576726529,
    "totalOtherIncomeExpensesNet": -5000000,
    "incomeBeforeTax": 35600000,
    "incomeBeforeTaxRatio": 0.051978391,
    "incomeTaxExpense": 9100000,
    "netIncome": 21900000,
    "netIncomeRatio": 0.0319754709,
    "eps": 0.44,
    "epsdiluted": 0.43,
    "weightedAverageShsOut": 50300000,
    "weightedAverageShsOutDil": 51100000,
    "link": "https://www.sec.gov/Archives/edgar/data/1069202/000106920213000003/0001069202-13-000003-index.htm",
    "finalLink": "https://www.sec.gov/Archives/edgar/data/1069202/000106920213000003/lii-20121231x10k.htm"
  },
  {
    "date": "2012-09-30",
    "symbol": "LII",
    "reportedCurrency": "USD",
    "cik": "0001069202",
    "fillingDate": "2012-10-22",
    "acceptedDate": "2012-10-22 14:40:11",
    "calendarYear": "2012",
    "period": "Q3",
    "revenue": 809700000,
    "costOfRevenue": 604800000,
    "grossProfit": 204900000,
    "grossProfitRatio": 0.2530566877,
    "researchAndDevelopmentExpenses": 0,
    "generalAndAdministrativeExpenses": 125900000,
    "sellingAndMarketingExpenses": 0,
    "sellingGeneralAndAdministrativeExpenses": 125900000,
    "otherExpenses": -1900000,
    "operatingExpenses": 124000000,
    "costAndExpenses": 728800000,
    "interestIncome": 0,
    "interestExpense": 4400000,
    "depreciationAndAmortization": 13700000,
    "ebitda": 94600000,
    "ebitdaratio": 0.1168333951,
    "operatingIncome": 80900000,
    "operatingIncomeRatio": 0.0999135482,
    "totalOtherIncomeExpensesNet": -4400000,
    "incomeBeforeTax": 76500000,
    "incomeBeforeTaxRatio": 0.0944794368,
    "incomeTaxExpense": 26800000,
    "netIncome": 29400000,
    "netIncomeRatio": 0.0363097443,
    "eps": 0.58,
    "epsdiluted": 0.57,
    "weightedAverageShsOut": 50600000,
    "weightedAverageShsOutDil": 51300000,
    "link": "https://www.sec.gov/Archives/edgar/data/1069202/000106920212000005/0001069202-12-000005-index.htm",
    "finalLink": "https://www.sec.gov/Archives/edgar/data/1069202/000106920212000005/lii-20120930x10q.htm"
  },
  {
    "date": "2012-06-30",
    "symbol": "LII",
    "reportedCurrency": "USD",
    "cik": "0001069202",
    "fillingDate": "2012-07-24",
    "acceptedDate": "2012-07-24 10:27:17",
    "calendarYear": "2012",
    "period": "Q2",
    "revenue": 933800000,
    "costOfRevenue": 685100000,
    "grossProfit": 248700000,
    "grossProfitRatio": 0.2663311202,
    "researchAndDevelopmentExpenses": 0,
    "generalAndAdministrativeExpenses": 130700000,
    "sellingAndMarketingExpenses": 0,
    "sellingGeneralAndAdministrativeExpenses": 130700000,
    "otherExpenses": -2400000,
    "operatingExpenses": 128300000,
    "costAndExpenses": 760600000,
    "interestIncome": 0,
    "interestExpense": 4300000,
    "depreciationAndAmortization": 13500000,
    "ebitda": 93200000,
    "ebitdaratio": 0.0998072392,
    "operatingIncome": 79800000,
    "operatingIncomeRatio": 0.0854572714,
    "totalOtherIncomeExpensesNet": -2400000,
    "incomeBeforeTax": 75400000,
    "incomeBeforeTaxRatio": 0.0807453416,
    "incomeTaxExpense": 25900000,
    "netIncome": 44700000,
    "netIncomeRatio": 0.0478689227,
    "eps": 0.88,
    "epsdiluted": 0.87,
    "weightedAverageShsOut": 51000000,
    "weightedAverageShsOutDil": 51600000,
    "link": "https://www.sec.gov/Archives/edgar/data/1069202/000119312512311640/0001193125-12-311640-index.htm",
    "finalLink": "https://www.sec.gov/Archives/edgar/data/1069202/000119312512311640/d356570d10q.htm"
  },
  {
    "date": "2012-03-31",
    "symbol": "LII",
    "reportedCurrency": "USD",
    "cik": "0001069202",
    "fillingDate": "2012-04-24",
    "acceptedDate": "2012-04-24 09:40:05",
    "calendarYear": "2012",
    "period": "Q1",
    "revenue": 684200000,
    "costOfRevenue": 518100000,
    "grossProfit": 166100000,
    "grossProfitRatio": 0.2427652733,
    "researchAndDevelopmentExpenses": 0,
    "generalAndAdministrativeExpenses": 123200000,
    "sellingAndMarketingExpenses": 0,
    "sellingGeneralAndAdministrativeExpenses": 123200000,
    "otherExpenses": -1200000,
    "operatingExpenses": 122000000,
    "costAndExpenses": 595500000,
    "interestIncome": 0,
    "interestExpense": 4700000,
    "depreciationAndAmortization": 13900000,
    "ebitda": 32800000,
    "ebitdaratio": 0.0479391991,
    "operatingIncome": 18900000,
    "operatingIncomeRatio": 0.0276235019,
    "totalOtherIncomeExpensesNet": -4700000,
    "incomeBeforeTax": 14200000,
    "incomeBeforeTaxRatio": 0.0207541654,
    "incomeTaxExpense": 4900000,
    "netIncome": -6100000,
    "netIncomeRatio": -0.0089155218,
    "eps": -0.12,
    "epsdiluted": -0.12,
    "weightedAverageShsOut": 50900000,
    "weightedAverageShsOutDil": 50900000,
    "link": "https://www.sec.gov/Archives/edgar/data/1069202/000119312512177598/0001193125-12-177598-index.htm",
    "finalLink": "https://www.sec.gov/Archives/edgar/data/1069202/000119312512177598/d319068d10q.htm"
  },
  {
    "date": "2011-12-31",
    "symbol": "LII",
    "reportedCurrency": "USD",
    "cik": "0001069202",
    "fillingDate": "2012-02-16",
    "acceptedDate": "2012-02-16 16:16:28",
    "calendarYear": "2011",
    "period": "Q4",
    "revenue": 755800000,
    "costOfRevenue": 566100000,
    "grossProfit": 189700000,
    "grossProfitRatio": 0.250992326,
    "researchAndDevelopmentExpenses": 0,
    "generalAndAdministrativeExpenses": 0,
    "sellingAndMarketingExpenses": 0,
    "sellingGeneralAndAdministrativeExpenses": 144700000,
    "otherExpenses": 17400000,
    "operatingExpenses": 162100000,
    "costAndExpenses": 728200000,
    "interestIncome": 0,
    "interestExpense": 4300000,
    "depreciationAndAmortization": 15200000,
    "ebitda": 35900000,
    "ebitdaratio": 0.0474993384,
    "operatingIncome": 27700000,
    "operatingIncomeRatio": 0.0366499074,
    "totalOtherIncomeExpensesNet": -4500000,
    "incomeBeforeTax": 23200000,
    "incomeBeforeTaxRatio": 0.0306959513,
    "incomeTaxExpense": 6500000,
    "netIncome": 16700000,
    "netIncomeRatio": 0.0220957925,
    "eps": 0.33,
    "epsdiluted": 0.32,
    "weightedAverageShsOut": 51200000,
    "weightedAverageShsOutDil": 51700000,
    "link": "https://www.sec.gov/Archives/edgar/data/1069202/000119312512065358/0001193125-12-065358-index.htm",
    "finalLink": "https://www.sec.gov/Archives/edgar/data/1069202/000119312512065358/d259633d10k.htm"
  },
  {
    "date": "2011-09-30",
    "symbol": "LII",
    "reportedCurrency": "USD",
    "cik": "0001069202",
    "fillingDate": "2011-10-25",
    "acceptedDate": "2011-10-25 12:11:15",
    "calendarYear": "2011",
    "period": "Q3",
    "revenue": 923000000,
    "costOfRevenue": 691900000,
    "grossProfit": 231100000,
    "grossProfitRatio": 0.2503791983,
    "researchAndDevelopmentExpenses": 0,
    "generalAndAdministrativeExpenses": 0,
    "sellingAndMarketingExpenses": 0,
    "sellingGeneralAndAdministrativeExpenses": 122400000,
    "otherExpenses": 7600000,
    "operatingExpenses": 130000000,
    "costAndExpenses": 744600000,
    "interestIncome": 0,
    "interestExpense": 4100000,
    "depreciationAndAmortization": 13500000,
    "ebitda": 70100000,
    "ebitdaratio": 0.0759479957,
    "operatingIncome": 56600000,
    "operatingIncomeRatio": 0.0613217768,
    "totalOtherIncomeExpensesNet": -4100000,
    "incomeBeforeTax": 52500000,
    "incomeBeforeTaxRatio": 0.05687974,
    "incomeTaxExpense": 17600000,
    "netIncome": 33800000,
    "netIncomeRatio": 0.0366197183,
    "eps": 0.65,
    "epsdiluted": 0.64,
    "weightedAverageShsOut": 52200000,
    "weightedAverageShsOutDil": 52800000,
    "link": "https://www.sec.gov/Archives/edgar/data/1069202/000095012311091697/0000950123-11-091697-index.htm",
    "finalLink": "https://www.sec.gov/Archives/edgar/data/1069202/000095012311091697/d84406e10vq.htm"
  },
  {
    "date": "2011-06-30",
    "symbol": "LII",
    "reportedCurrency": "USD",
    "cik": "0001069202",
    "fillingDate": "2011-07-26",
    "acceptedDate": "2011-07-26 13:12:55",
    "calendarYear": "2011",
    "period": "Q2",
    "revenue": 937000000,
    "costOfRevenue": 689400000,
    "grossProfit": 247600000,
    "grossProfitRatio": 0.2642475987,
    "researchAndDevelopmentExpenses": 0,
    "generalAndAdministrativeExpenses": 0,
    "sellingAndMarketingExpenses": 0,
    "sellingGeneralAndAdministrativeExpenses": 169800000,
    "otherExpenses": 200000,
    "operatingExpenses": 170000000,
    "costAndExpenses": 839900000,
    "interestIncome": 0,
    "interestExpense": 4300000,
    "depreciationAndAmortization": 14700000,
    "ebitda": 88800000,
    "ebitdaratio": 0.0947705443,
    "operatingIncome": 74200000,
    "operatingIncomeRatio": 0.0791889007,
    "totalOtherIncomeExpensesNet": -2700000,
    "incomeBeforeTax": 69800000,
    "incomeBeforeTaxRatio": 0.074493063,
    "incomeTaxExpense": 23700000,
    "netIncome": 45000000,
    "netIncomeRatio": 0.0480256137,
    "eps": 0.85,
    "epsdiluted": 0.83,
    "weightedAverageShsOut": 53200000,
    "weightedAverageShsOutDil": 54300000,
    "link": "https://www.sec.gov/Archives/edgar/data/1069202/000095012311068216/0000950123-11-068216-index.htm",
    "finalLink": "https://www.sec.gov/Archives/edgar/data/1069202/000095012311068216/d82928e10vq.htm"
  },
  {
    "date": "2011-03-31",
    "symbol": "LII",
    "reportedCurrency": "USD",
    "cik": "0001069202",
    "fillingDate": "2011-04-26",
    "acceptedDate": "2011-04-26 10:59:28",
    "calendarYear": "2011",
    "period": "Q1",
    "revenue": 687800000,
    "costOfRevenue": 522600000,
    "grossProfit": 165200000,
    "grossProfitRatio": 0.2401861006,
    "researchAndDevelopmentExpenses": 0,
    "generalAndAdministrativeExpenses": 0,
    "sellingAndMarketingExpenses": 0,
    "sellingGeneralAndAdministrativeExpenses": 167300000,
    "otherExpenses": -1700000,
    "operatingExpenses": 165600000,
    "costAndExpenses": 670700000,
    "interestIncome": 0,
    "interestExpense": 4100000,
    "depreciationAndAmortization": 14100000,
    "ebitda": 11100000,
    "ebitdaratio": 0.0161384123,
    "operatingIncome": -1300000,
    "operatingIncomeRatio": -0.0018900843,
    "totalOtherIncomeExpensesNet": 1600000,
    "incomeBeforeTax": -5400000,
    "incomeBeforeTaxRatio": -0.0078511195,
    "incomeTaxExpense": -1900000,
    "netIncome": -7200000,
    "netIncomeRatio": -0.0104681593,
    "eps": -0.13,
    "epsdiluted": -0.13,
    "weightedAverageShsOut": 53600000,
    "weightedAverageShsOutDil": 53600000,
    "link": "https://www.sec.gov/Archives/edgar/data/1069202/000095012311039069/0000950123-11-039069-index.htm",
    "finalLink": "https://www.sec.gov/Archives/edgar/data/1069202/000095012311039069/d81114e10vq.htm"
  },
  {
    "date": "2010-12-31",
    "symbol": "LII",
    "reportedCurrency": "USD",
    "cik": "0001069202",
    "fillingDate": "2011-02-18",
    "acceptedDate": "2011-02-18 13:03:18",
    "calendarYear": "2010",
    "period": "Q4",
    "revenue": 762000000,
    "costOfRevenue": 542000000,
    "grossProfit": 220000000,
    "grossProfitRatio": 0.2887139108,
    "researchAndDevelopmentExpenses": 0,
    "generalAndAdministrativeExpenses": 0,
    "sellingAndMarketingExpenses": 0,
    "sellingGeneralAndAdministrativeExpenses": 172700000,
    "otherExpenses": 3300000,
    "operatingExpenses": 176000000,
    "costAndExpenses": 718000000,
    "interestIncome": 0,
    "interestExpense": 0,
    "depreciationAndAmortization": 13600000,
    "ebitda": 42500000,
    "ebitdaratio": 0.0557742782,
    "operatingIncome": 44000000,
    "operatingIncomeRatio": 0.0577427822,
    "totalOtherIncomeExpensesNet": -4600000,
    "incomeBeforeTax": 39400000,
    "incomeBeforeTaxRatio": 0.0517060367,
    "incomeTaxExpense": 11600000,
    "netIncome": 27700000,
    "netIncomeRatio": 0.036351706,
    "eps": 0.52,
    "epsdiluted": 0.52,
    "weightedAverageShsOut": 53400000,
    "weightedAverageShsOutDil": 53600000,
    "link": "https://www.sec.gov/Archives/edgar/data/1069202/000095012311015556/0000950123-11-015556-index.htm",
    "finalLink": "https://www.sec.gov/Archives/edgar/data/1069202/000095012311015556/d78693e10vk.htm"
  },
  {
    "date": "2010-09-30",
    "symbol": "LII",
    "reportedCurrency": "USD",
    "cik": "0001069202",
    "fillingDate": "2010-10-26",
    "acceptedDate": "2010-10-26 14:39:14",
    "calendarYear": "2010",
    "period": "Q3",
    "revenue": 818200000,
    "costOfRevenue": 585400000,
    "grossProfit": 232800000,
    "grossProfitRatio": 0.2845270105,
    "researchAndDevelopmentExpenses": 0,
    "generalAndAdministrativeExpenses": 0,
    "sellingAndMarketingExpenses": 0,
    "sellingGeneralAndAdministrativeExpenses": 163500000,
    "otherExpenses": 2700000,
    "operatingExpenses": 166200000,
    "costAndExpenses": 751600000,
    "interestIncome": 0,
    "interestExpense": 3500000,
    "depreciationAndAmortization": 13700000,
    "ebitda": 83000000,
    "ebitdaratio": 0.1014421902,
    "operatingIncome": 66600000,
    "operatingIncomeRatio": 0.0813981912,
    "totalOtherIncomeExpensesNet": -3499999.9999999925,
    "incomeBeforeTax": 63100000,
    "incomeBeforeTaxRatio": 0.0771205084,
    "incomeTaxExpense": 21200000,
    "netIncome": 41800000,
    "netIncomeRatio": 0.0510877536,
    "eps": 0.78,
    "epsdiluted": 0.76,
    "weightedAverageShsOut": 53800000,
    "weightedAverageShsOutDil": 55000000,
    "link": "https://www.sec.gov/Archives/edgar/data/1069202/000095012310096054/0000950123-10-096054-index.htm",
    "finalLink": "https://www.sec.gov/Archives/edgar/data/1069202/000095012310096054/d76650e10vq.htm"
  },
  {
    "date": "2010-06-30",
    "symbol": "LII",
    "reportedCurrency": "USD",
    "cik": "0001069202",
    "fillingDate": "2010-07-27",
    "acceptedDate": "2010-07-27 16:20:44",
    "calendarYear": "2010",
    "period": "Q2",
    "revenue": 872100000,
    "costOfRevenue": 607400000,
    "grossProfit": 264700000,
    "grossProfitRatio": 0.3035202385,
    "researchAndDevelopmentExpenses": 0,
    "generalAndAdministrativeExpenses": 0,
    "sellingAndMarketingExpenses": 0,
    "sellingGeneralAndAdministrativeExpenses": 180500000,
    "otherExpenses": 4900000,
    "operatingExpenses": 185400000,
    "costAndExpenses": 792800000,
    "interestIncome": 0,
    "interestExpense": 3100000,
    "depreciationAndAmortization": 13300000,
    "ebitda": 95800000,
    "ebitdaratio": 0.1098497879,
    "operatingIncome": 79300000,
    "operatingIncomeRatio": 0.0909299392,
    "totalOtherIncomeExpensesNet": -3200000,
    "incomeBeforeTax": 76100000,
    "incomeBeforeTaxRatio": 0.0872606352,
    "incomeTaxExpense": 27400000,
    "netIncome": 48300000,
    "netIncomeRatio": 0.0553835569,
    "eps": 0.88,
    "epsdiluted": 0.86,
    "weightedAverageShsOut": 55100000,
    "weightedAverageShsOutDil": 56300000,
    "link": "https://www.sec.gov/Archives/edgar/data/1069202/000095013410000015/0000950134-10-000015-index.htm",
    "finalLink": "https://www.sec.gov/Archives/edgar/data/1069202/000095013410000015/d74170e10vq.htm"
  },
  {
    "date": "2010-03-31",
    "symbol": "LII",
    "reportedCurrency": "USD",
    "cik": "0001069202",
    "fillingDate": "2010-04-30",
    "acceptedDate": "2010-04-30 14:14:27",
    "calendarYear": "2010",
    "period": "Q1",
    "revenue": 644100000,
    "costOfRevenue": 469800000,
    "grossProfit": 174300000,
    "grossProfitRatio": 0.2706101537,
    "researchAndDevelopmentExpenses": 0,
    "generalAndAdministrativeExpenses": 0,
    "sellingAndMarketingExpenses": 0,
    "sellingGeneralAndAdministrativeExpenses": 168900000,
    "otherExpenses": 4900000,
    "operatingExpenses": 173800000,
    "costAndExpenses": 643600000,
    "interestIncome": 0,
    "interestExpense": 2500000,
    "depreciationAndAmortization": 12900000,
    "ebitda": 20600000,
    "ebitdaratio": 0.0319826114,
    "operatingIncome": 500000,
    "operatingIncomeRatio": 0.000776277,
    "totalOtherIncomeExpensesNet": -2500000,
    "incomeBeforeTax": -2000000,
    "incomeBeforeTaxRatio": -0.0031051079,
    "incomeTaxExpense": -700000,
    "netIncome": -1600000,
    "netIncomeRatio": -0.0024840863,
    "eps": -0.0286,
    "epsdiluted": -0.0286,
    "weightedAverageShsOut": 56000000,
    "weightedAverageShsOutDil": 56000000,
    "link": "https://www.sec.gov/Archives/edgar/data/1069202/000095012310041604/0000950123-10-041604-index.htm",
    "finalLink": "https://www.sec.gov/Archives/edgar/data/1069202/000095012310041604/d72578e10vq.htm"
  },
  {
    "date": "2009-12-31",
    "symbol": "LII",
    "reportedCurrency": "USD",
    "cik": "0001069202",
    "fillingDate": "2010-02-18",
    "acceptedDate": "2010-02-18 15:46:52",
    "calendarYear": "2009",
    "period": "Q4",
    "revenue": 733500000,
    "costOfRevenue": 528400000,
    "grossProfit": 205100000,
    "grossProfitRatio": 0.2796182686,
    "researchAndDevelopmentExpenses": 0,
    "generalAndAdministrativeExpenses": 0,
    "sellingAndMarketingExpenses": 0,
    "sellingGeneralAndAdministrativeExpenses": 172400000,
    "otherExpenses": 14500000,
    "operatingExpenses": 186900000,
    "costAndExpenses": 715300000,
    "interestIncome": 0,
    "interestExpense": 0,
    "depreciationAndAmortization": 13700000,
    "ebitda": 11200000,
    "ebitdaratio": 0.015269257,
    "operatingIncome": 18200000,
    "operatingIncomeRatio": 0.0248125426,
    "totalOtherIncomeExpensesNet": -2000000,
    "incomeBeforeTax": 16200000,
    "incomeBeforeTaxRatio": 0.0220858896,
    "incomeTaxExpense": 6300000,
    "netIncome": 6400000,
    "netIncomeRatio": 0.0087252897,
    "eps": 0.11,
    "epsdiluted": 0.11,
    "weightedAverageShsOut": 55900000,
    "weightedAverageShsOutDil": 56000000,
    "link": "https://www.sec.gov/Archives/edgar/data/1069202/000095012310014103/0000950123-10-014103-index.htm",
    "finalLink": "https://www.sec.gov/Archives/edgar/data/1069202/000095012310014103/d71093e10vk.htm"
  },
  {
    "date": "2009-09-30",
    "symbol": "LII",
    "reportedCurrency": "USD",
    "cik": "0001069202",
    "fillingDate": "2009-10-26",
    "acceptedDate": "2009-10-26 15:02:46",
    "calendarYear": "2009",
    "period": "Q3",
    "revenue": 749500000,
    "costOfRevenue": 526400000,
    "grossProfit": 223100000,
    "grossProfitRatio": 0.2976651101,
    "researchAndDevelopmentExpenses": 0,
    "generalAndAdministrativeExpenses": 0,
    "sellingAndMarketingExpenses": 0,
    "sellingGeneralAndAdministrativeExpenses": 157100000,
    "otherExpenses": 7000000,
    "operatingExpenses": 164100000,
    "costAndExpenses": 691800000,
    "interestIncome": 0,
    "interestExpense": 2200000,
    "depreciationAndAmortization": 13500000,
    "ebitda": 82700000,
    "ebitdaratio": 0.1103402268,
    "operatingIncome": 57700000,
    "operatingIncomeRatio": 0.0769846564,
    "totalOtherIncomeExpensesNet": -2300000,
    "incomeBeforeTax": 55400000,
    "incomeBeforeTaxRatio": 0.073915944,
    "incomeTaxExpense": 21700000,
    "netIncome": 31000000,
    "netIncomeRatio": 0.0413609073,
    "eps": 0.55,
    "epsdiluted": 0.54,
    "weightedAverageShsOut": 55800000,
    "weightedAverageShsOutDil": 57100000,
    "link": "https://www.sec.gov/Archives/edgar/data/1069202/000095012309053110/0000950123-09-053110-index.htm",
    "finalLink": "https://www.sec.gov/Archives/edgar/data/1069202/000095012309053110/c91408e10vq.htm"
  },
  {
    "date": "2009-06-30",
    "symbol": "LII",
    "reportedCurrency": "USD",
    "cik": "0001069202",
    "fillingDate": "2009-07-30",
    "acceptedDate": "2009-07-30 15:19:13",
    "calendarYear": "2009",
    "period": "Q2",
    "revenue": 790500000,
    "costOfRevenue": 561600000,
    "grossProfit": 228900000,
    "grossProfitRatio": 0.2895635674,
    "researchAndDevelopmentExpenses": 0,
    "generalAndAdministrativeExpenses": 0,
    "sellingAndMarketingExpenses": 0,
    "sellingGeneralAndAdministrativeExpenses": 164300000,
    "otherExpenses": 3600000,
    "operatingExpenses": 167900000,
    "costAndExpenses": 724400000,
    "interestIncome": -100000,
    "interestExpense": 1900000,
    "depreciationAndAmortization": 12900000,
    "ebitda": 77200000,
    "ebitdaratio": 0.097659709,
    "operatingIncome": 59600000,
    "operatingIncomeRatio": 0.0753953194,
    "totalOtherIncomeExpensesNet": -2100000,
    "incomeBeforeTax": 57500000,
    "incomeBeforeTaxRatio": 0.0727387729,
    "incomeTaxExpense": 21600000,
    "netIncome": 31700000,
    "netIncomeRatio": 0.0401012018,
    "eps": 0.57,
    "epsdiluted": 0.56,
    "weightedAverageShsOut": 55400000,
    "weightedAverageShsOutDil": 56600000,
    "link": "https://www.sec.gov/Archives/edgar/data/1069202/000095012309027614/0000950123-09-027614-index.htm",
    "finalLink": "https://www.sec.gov/Archives/edgar/data/1069202/000095012309027614/c88362e10vq.htm"
  },
  {
    "date": "2009-03-31",
    "symbol": "LII",
    "reportedCurrency": "USD",
    "cik": "0001069202",
    "fillingDate": "2009-04-30",
    "acceptedDate": "2009-04-30 15:56:58",
    "calendarYear": "2009",
    "period": "Q1",
    "revenue": 585400000,
    "costOfRevenue": 446700000,
    "grossProfit": 138700000,
    "grossProfitRatio": 0.2369320123,
    "researchAndDevelopmentExpenses": 0,
    "generalAndAdministrativeExpenses": 0,
    "sellingAndMarketingExpenses": 0,
    "sellingGeneralAndAdministrativeExpenses": 155100000,
    "otherExpenses": 9000000,
    "operatingExpenses": 164100000,
    "costAndExpenses": 606800000,
    "interestIncome": 0,
    "interestExpense": 1700000,
    "depreciationAndAmortization": 12800000,
    "ebitda": -3100000,
    "ebitdaratio": -0.0052955244,
    "operatingIncome": -26200000,
    "operatingIncomeRatio": -0.0447557226,
    "totalOtherIncomeExpensesNet": -900000,
    "incomeBeforeTax": -28100000,
    "incomeBeforeTaxRatio": -0.0480013666,
    "incomeTaxExpense": -10400000,
    "netIncome": -18100000,
    "netIncomeRatio": -0.0309190297,
    "eps": -0.33,
    "epsdiluted": -0.33,
    "weightedAverageShsOut": 55200000,
    "weightedAverageShsOutDil": 55200000,
    "link": "https://www.sec.gov/Archives/edgar/data/1069202/000136231009006170/0001362310-09-006170-index.htm",
    "finalLink": "https://www.sec.gov/Archives/edgar/data/1069202/000136231009006170/c84435e10vq.htm"
  },
  {
    "date": "2008-12-31",
    "symbol": "LII",
    "reportedCurrency": "USD",
    "cik": "0001069202",
    "fillingDate": "2009-02-26",
    "acceptedDate": "2009-02-26 15:37:27",
    "calendarYear": "2008",
    "period": "Q4",
    "revenue": 737400000,
    "costOfRevenue": 535100000,
    "grossProfit": 202300000,
    "grossProfitRatio": 0.2743422837,
    "researchAndDevelopmentExpenses": 0,
    "generalAndAdministrativeExpenses": 0,
    "sellingAndMarketingExpenses": 0,
    "sellingGeneralAndAdministrativeExpenses": 153600000,
    "otherExpenses": 20400000,
    "operatingExpenses": 174000000,
    "costAndExpenses": 709100000,
    "interestIncome": 0,
    "interestExpense": 0,
    "depreciationAndAmortization": 12200000,
    "ebitda": 21500000,
    "ebitdaratio": 0.0291564958,
    "operatingIncome": 28300000,
    "operatingIncomeRatio": 0.0383780852,
    "totalOtherIncomeExpensesNet": -3300000,
    "incomeBeforeTax": 25000000,
    "incomeBeforeTaxRatio": 0.0339029021,
    "incomeTaxExpense": 12300000,
    "netIncome": 10400000,
    "netIncomeRatio": 0.0141036073,
    "eps": 0.19,
    "epsdiluted": 0.19,
    "weightedAverageShsOut": 55200000,
    "weightedAverageShsOutDil": 55200000,
    "link": "https://www.sec.gov/Archives/edgar/data/1069202/000095013409003853/0000950134-09-003853-index.htm",
    "finalLink": "https://www.sec.gov/Archives/edgar/data/1069202/000095013409003853/d66500e10vk.htm"
  },
  {
    "date": "2008-09-30",
    "symbol": "LII",
    "reportedCurrency": "USD",
    "cik": "0001069202",
    "fillingDate": "2008-10-30",
    "acceptedDate": "2008-10-30 16:58:03",
    "calendarYear": "2008",
    "period": "Q3",
    "revenue": 974000000,
    "costOfRevenue": 692800000,
    "grossProfit": 281200000,
    "grossProfitRatio": 0.2887063655,
    "researchAndDevelopmentExpenses": 0,
    "generalAndAdministrativeExpenses": 0,
    "sellingAndMarketingExpenses": 0,
    "sellingGeneralAndAdministrativeExpenses": 168600000,
    "otherExpenses": 9600000,
    "operatingExpenses": 178200000,
    "costAndExpenses": 868800000,
    "interestIncome": -100000,
    "interestExpense": 3800000,
    "depreciationAndAmortization": 12800000,
    "ebitda": 110300000,
    "ebitdaratio": 0.1132443532,
    "operatingIncome": 91100000,
    "operatingIncomeRatio": 0.0935318275,
    "totalOtherIncomeExpensesNet": -4000000,
    "incomeBeforeTax": 87100000,
    "incomeBeforeTaxRatio": 0.0894250513,
    "incomeTaxExpense": 32300000,
    "netIncome": 54900000,
    "netIncomeRatio": 0.0563655031,
    "eps": 0.99,
    "epsdiluted": 0.96,
    "weightedAverageShsOut": 55300000,
    "weightedAverageShsOutDil": 57000000,
    "link": "https://www.sec.gov/Archives/edgar/data/1069202/000136231008006387/0001362310-08-006387-index.htm",
    "finalLink": "https://www.sec.gov/Archives/edgar/data/1069202/000136231008006387/c76394e10vq.htm"
  },
  {
    "date": "2008-06-30",
    "symbol": "LII",
    "reportedCurrency": "USD",
    "cik": "0001069202",
    "fillingDate": "2008-08-01",
    "acceptedDate": "2008-08-01 14:52:58",
    "calendarYear": "2008",
    "period": "Q2",
    "revenue": 1002900000,
    "costOfRevenue": 715600000,
    "grossProfit": 287300000,
    "grossProfitRatio": 0.2864692392,
    "researchAndDevelopmentExpenses": 0,
    "generalAndAdministrativeExpenses": 0,
    "sellingAndMarketingExpenses": 0,
    "sellingGeneralAndAdministrativeExpenses": 187200000,
    "otherExpenses": 2500000,
    "operatingExpenses": 189700000,
    "costAndExpenses": 911200000,
    "interestIncome": 0,
    "interestExpense": 3800000,
    "depreciationAndAmortization": 12900000,
    "ebitda": 111300000,
    "ebitdaratio": 0.1109781633,
    "operatingIncome": 88400000,
    "operatingIncomeRatio": 0.0881443813,
    "totalOtherIncomeExpensesNet": -4300000,
    "incomeBeforeTax": 84500000,
    "incomeBeforeTaxRatio": 0.0842556586,
    "incomeTaxExpense": 33100000,
    "netIncome": 51200000,
    "netIncomeRatio": 0.0510519493,
    "eps": 0.91,
    "epsdiluted": 0.88,
    "weightedAverageShsOut": 56200000,
    "weightedAverageShsOutDil": 58000000,
    "link": "https://www.sec.gov/Archives/edgar/data/1069202/000136231008004048/0001362310-08-004048-index.htm",
    "finalLink": "https://www.sec.gov/Archives/edgar/data/1069202/000136231008004048/c74134e10vq.htm"
  },
  {
    "date": "2008-03-31",
    "symbol": "LII",
    "reportedCurrency": "USD",
    "cik": "0001069202",
    "fillingDate": "2008-05-01",
    "acceptedDate": "2008-05-01 14:22:50",
    "calendarYear": "2008",
    "period": "Q1",
    "revenue": 767100000,
    "costOfRevenue": 564300000,
    "grossProfit": 202800000,
    "grossProfitRatio": 0.2643723113,
    "researchAndDevelopmentExpenses": 0,
    "generalAndAdministrativeExpenses": 0,
    "sellingAndMarketingExpenses": 0,
    "sellingGeneralAndAdministrativeExpenses": 184000000,
    "otherExpenses": -3700000,
    "operatingExpenses": 180300000,
    "costAndExpenses": 751100000,
    "interestIncome": 0,
    "interestExpense": 2700000,
    "depreciationAndAmortization": 12700000,
    "ebitda": 28900000,
    "ebitdaratio": 0.037674358,
    "operatingIncome": 13400000,
    "operatingIncomeRatio": 0.0174683874,
    "totalOtherIncomeExpensesNet": -2000000,
    "incomeBeforeTax": 10700000,
    "incomeBeforeTaxRatio": 0.0139486377,
    "incomeTaxExpense": 4000000,
    "netIncome": 6300000,
    "netIncomeRatio": 0.0082127493,
    "eps": 0.1,
    "epsdiluted": 0.1,
    "weightedAverageShsOut": 60300000,
    "weightedAverageShsOutDil": 62700000,
    "link": "https://www.sec.gov/Archives/edgar/data/1069202/000136231008002332/0001362310-08-002332-index.htm",
    "finalLink": "https://www.sec.gov/Archives/edgar/data/1069202/000136231008002332/c73101e10vq.htm"
  },
  {
    "date": "2007-12-31",
    "symbol": "LII",
    "reportedCurrency": "USD",
    "cik": "0001069202",
    "fillingDate": "2008-02-28",
    "acceptedDate": "2008-02-28 16:39:01",
    "calendarYear": "2007",
    "period": "Q4",
    "revenue": 886600000,
    "costOfRevenue": 621300000,
    "grossProfit": 265300000,
    "grossProfitRatio": 0.299233025,
    "researchAndDevelopmentExpenses": 0,
    "generalAndAdministrativeExpenses": 0,
    "sellingAndMarketingExpenses": 0,
    "sellingGeneralAndAdministrativeExpenses": 196000000,
    "otherExpenses": 25100000,
    "operatingExpenses": 221100000,
    "costAndExpenses": 842400000,
    "interestIncome": 0,
    "interestExpense": 6800000,
    "depreciationAndAmortization": 12900000,
    "ebitda": 68100000,
    "ebitdaratio": 0.0768102865,
    "operatingIncome": 44200000,
    "operatingIncomeRatio": 0.0498533724,
    "totalOtherIncomeExpensesNet": -2400000,
    "incomeBeforeTax": 58800000,
    "incomeBeforeTaxRatio": 0.066320776,
    "incomeTaxExpense": 19900000,
    "netIncome": 38900000,
    "netIncomeRatio": 0.0438754794,
    "eps": 0.65,
    "epsdiluted": 0.65,
    "weightedAverageShsOut": 60300000,
    "weightedAverageShsOutDil": 60300000,
    "link": "https://www.sec.gov/Archives/edgar/data/1069202/000095013408003720/0000950134-08-003720-index.htm",
    "finalLink": "https://www.sec.gov/Archives/edgar/data/1069202/000095013408003720/d54279e10vk.htm"
  },
  {
    "date": "2007-09-30",
    "symbol": "LII",
    "reportedCurrency": "USD",
    "cik": "0001069202",
    "fillingDate": "2007-10-31",
    "acceptedDate": "2007-10-31 15:04:13",
    "calendarYear": "2007",
    "period": "Q3",
    "revenue": 1029800000,
    "costOfRevenue": 736200000,
    "grossProfit": 293600000,
    "grossProfitRatio": 0.2851039037,
    "researchAndDevelopmentExpenses": 0,
    "generalAndAdministrativeExpenses": 0,
    "sellingAndMarketingExpenses": 0,
    "sellingGeneralAndAdministrativeExpenses": 194300000,
    "otherExpenses": 400000,
    "operatingExpenses": 194700000,
    "costAndExpenses": 930900000,
    "interestIncome": 0,
    "interestExpense": 1900000,
    "depreciationAndAmortization": 12400000,
    "ebitda": 115600000,
    "ebitdaratio": 0.1122548068,
    "operatingIncome": 98900000,
    "operatingIncomeRatio": 0.0960380656,
    "totalOtherIncomeExpensesNet": -2100000,
    "incomeBeforeTax": 96800000,
    "incomeBeforeTaxRatio": 0.0939988347,
    "incomeTaxExpense": 35600000,
    "netIncome": 61200000,
    "netIncomeRatio": 0.0594290153,
    "eps": 0.92,
    "epsdiluted": 0.88,
    "weightedAverageShsOut": 66600000,
    "weightedAverageShsOutDil": 69800000,
    "link": "https://www.sec.gov/Archives/edgar/data/1069202/000095013407022380/0000950134-07-022380-index.htm",
    "finalLink": "https://www.sec.gov/Archives/edgar/data/1069202/000095013407022380/d50855e10vq.htm"
  },
  {
    "date": "2007-06-30",
    "symbol": "LII",
    "reportedCurrency": "USD",
    "cik": "0001069202",
    "fillingDate": "2007-08-01",
    "acceptedDate": "2007-08-01 09:46:21",
    "calendarYear": "2007",
    "period": "Q2",
    "revenue": 1041800000,
    "costOfRevenue": 752700000,
    "grossProfit": 289100000,
    "grossProfitRatio": 0.2775004799,
    "researchAndDevelopmentExpenses": 0,
    "generalAndAdministrativeExpenses": 0,
    "sellingAndMarketingExpenses": 0,
    "sellingGeneralAndAdministrativeExpenses": 197300000,
    "otherExpenses": 800000,
    "operatingExpenses": 198100000,
    "costAndExpenses": 950800000,
    "interestIncome": 0,
    "interestExpense": 2000000,
    "depreciationAndAmortization": 11700000,
    "ebitda": 110300000,
    "ebitdaratio": 0.1058744481,
    "operatingIncome": 91000000,
    "operatingIncomeRatio": 0.0873488194,
    "totalOtherIncomeExpensesNet": -2100000,
    "incomeBeforeTax": 88900000,
    "incomeBeforeTaxRatio": 0.0853330774,
    "incomeTaxExpense": 28600000,
    "netIncome": 60300000,
    "netIncomeRatio": 0.0578805913,
    "eps": 0.89,
    "epsdiluted": 0.85,
    "weightedAverageShsOut": 68000000,
    "weightedAverageShsOutDil": 71200000,
    "link": "https://www.sec.gov/Archives/edgar/data/1069202/000095013407016419/0000950134-07-016419-index.htm",
    "finalLink": "https://www.sec.gov/Archives/edgar/data/1069202/000095013407016419/d48515e10vq.htm"
  },
  {
    "date": "2007-03-31",
    "symbol": "LII",
    "reportedCurrency": "USD",
    "cik": "0001069202",
    "fillingDate": "2007-04-27",
    "acceptedDate": "2007-04-27 16:41:03",
    "calendarYear": "2007",
    "period": "Q1",
    "revenue": 791500000,
    "costOfRevenue": 586900000,
    "grossProfit": 204600000,
    "grossProfitRatio": 0.2584965256,
    "researchAndDevelopmentExpenses": 0,
    "generalAndAdministrativeExpenses": 0,
    "sellingAndMarketingExpenses": 0,
    "sellingGeneralAndAdministrativeExpenses": 191100000,
    "otherExpenses": -1100000,
    "operatingExpenses": 190000000,
    "costAndExpenses": 776900000,
    "interestIncome": 0,
    "interestExpense": 900000,
    "depreciationAndAmortization": 11800000,
    "ebitda": 28700000,
    "ebitdaratio": 0.0362602653,
    "operatingIncome": 14600000,
    "operatingIncomeRatio": 0.0184459886,
    "totalOtherIncomeExpensesNet": -900000,
    "incomeBeforeTax": 13700000,
    "incomeBeforeTaxRatio": 0.0173089071,
    "incomeTaxExpense": 5100000,
    "netIncome": 8600000,
    "netIncomeRatio": 0.0108654454,
    "eps": 0.13,
    "epsdiluted": 0.12,
    "weightedAverageShsOut": 67500000,
    "weightedAverageShsOutDil": 70900000,
    "link": "https://www.sec.gov/Archives/edgar/data/1069202/000095013407009321/0000950134-07-009321-index.htm",
    "finalLink": "https://www.sec.gov/Archives/edgar/data/1069202/000095013407009321/d45851e10vq.htm"
  },
  {
    "date": "2006-12-31",
    "symbol": "LII",
    "reportedCurrency": "USD",
    "cik": "0001069202",
    "fillingDate": "2007-02-27",
    "acceptedDate": "2007-02-27 17:21:15",
    "calendarYear": "2006",
    "period": "Q4",
    "revenue": 862400000,
    "costOfRevenue": 587400000,
    "grossProfit": 275000000,
    "grossProfitRatio": 0.318877551,
    "researchAndDevelopmentExpenses": 0,
    "generalAndAdministrativeExpenses": 0,
    "sellingAndMarketingExpenses": 0,
    "sellingGeneralAndAdministrativeExpenses": 240000000,
    "otherExpenses": -6200000,
    "operatingExpenses": 233800000,
    "costAndExpenses": 821200000,
    "interestIncome": 0,
    "interestExpense": 4400000,
    "depreciationAndAmortization": 11500000,
    "ebitda": 52900000,
    "ebitdaratio": 0.0613404453,
    "operatingIncome": 41200000,
    "operatingIncomeRatio": 0.0477736549,
    "totalOtherIncomeExpensesNet": -300000,
    "incomeBeforeTax": 40900000,
    "incomeBeforeTaxRatio": 0.0474257885,
    "incomeTaxExpense": -4500000,
    "netIncome": 45400000,
    "netIncomeRatio": 0.0526437848,
    "eps": 0.67,
    "epsdiluted": 0.67,
    "weightedAverageShsOut": 67500000,
    "weightedAverageShsOutDil": 67500000,
    "link": "https://www.sec.gov/Archives/edgar/data/1069202/000095013407004266/0000950134-07-004266-index.htm",
    "finalLink": "https://www.sec.gov/Archives/edgar/data/1069202/000095013407004266/d43577e10vk.htm"
  },
  {
    "date": "2006-09-30",
    "symbol": "LII",
    "reportedCurrency": "USD",
    "cik": "0001069202",
    "fillingDate": "2006-11-07",
    "acceptedDate": "2006-11-07 06:05:48",
    "calendarYear": "2006",
    "period": "Q3",
    "revenue": 1007200000,
    "costOfRevenue": 696200000,
    "grossProfit": 311000000,
    "grossProfitRatio": 0.308776807,
    "researchAndDevelopmentExpenses": 0,
    "generalAndAdministrativeExpenses": 0,
    "sellingAndMarketingExpenses": 0,
    "sellingGeneralAndAdministrativeExpenses": 200800000,
    "otherExpenses": -1000000,
    "operatingExpenses": 199800000,
    "costAndExpenses": 963300000,
    "interestIncome": 0,
    "interestExpense": 1200000,
    "depreciationAndAmortization": 13400000,
    "ebitda": 74900000,
    "ebitdaratio": 0.0743645751,
    "operatingIncome": 57000000,
    "operatingIncomeRatio": 0.0565925338,
    "totalOtherIncomeExpensesNet": -1300000,
    "incomeBeforeTax": 55700000,
    "incomeBeforeTaxRatio": 0.0553018268,
    "incomeTaxExpense": 20100000,
    "netIncome": 35600000,
    "netIncomeRatio": 0.0353455123,
    "eps": 0.51,
    "epsdiluted": 0.49,
    "weightedAverageShsOut": 69500000,
    "weightedAverageShsOutDil": 72900000,
    "link": "https://www.sec.gov/Archives/edgar/data/1069202/000095013406020641/0000950134-06-020641-index.htm",
    "finalLink": "https://www.sec.gov/Archives/edgar/data/1069202/000095013406020641/d40893e10vq.htm"
  },
  {
    "date": "2006-06-30",
    "symbol": "LII",
    "reportedCurrency": "USD",
    "cik": "0001069202",
    "fillingDate": "2006-08-08",
    "acceptedDate": "2006-08-08 17:21:46",
    "calendarYear": "2006",
    "period": "Q2",
    "revenue": 1002000000,
    "costOfRevenue": 686200000,
    "grossProfit": 315800000,
    "grossProfitRatio": 0.3151696607,
    "researchAndDevelopmentExpenses": 0,
    "generalAndAdministrativeExpenses": 0,
    "sellingAndMarketingExpenses": 0,
    "sellingGeneralAndAdministrativeExpenses": 201200000,
    "otherExpenses": -27800000,
    "operatingExpenses": 173400000,
    "costAndExpenses": 916000000,
    "interestIncome": 0,
    "interestExpense": 1800000,
    "depreciationAndAmortization": 10000000,
    "ebitda": 109200000,
    "ebitdaratio": 0.1089820359,
    "operatingIncome": 96900000,
    "operatingIncomeRatio": 0.0967065868,
    "totalOtherIncomeExpensesNet": -8600000,
    "incomeBeforeTax": 95100000,
    "incomeBeforeTaxRatio": 0.0949101796,
    "incomeTaxExpense": 26800000,
    "netIncome": 64000000,
    "netIncomeRatio": 0.0638722555,
    "eps": 0.96,
    "epsdiluted": 0.91,
    "weightedAverageShsOut": 71500000,
    "weightedAverageShsOutDil": 75200000,
    "link": "https://www.sec.gov/Archives/edgar/data/1069202/000095013406015318/0000950134-06-015318-index.htm",
    "finalLink": "https://www.sec.gov/Archives/edgar/data/1069202/000095013406015318/d38493e10vq.htm"
  },
  {
    "date": "2006-03-31",
    "symbol": "LII",
    "reportedCurrency": "USD",
    "cik": "0001069202",
    "fillingDate": "2006-05-09",
    "acceptedDate": "2006-05-09 17:29:57",
    "calendarYear": "2006",
    "period": "Q1",
    "revenue": 799500000,
    "costOfRevenue": 546100000,
    "grossProfit": 253400000,
    "grossProfitRatio": 0.3169480926,
    "researchAndDevelopmentExpenses": 0,
    "generalAndAdministrativeExpenses": 0,
    "sellingAndMarketingExpenses": 0,
    "sellingGeneralAndAdministrativeExpenses": 187900000,
    "otherExpenses": -12900000,
    "operatingExpenses": 175000000,
    "costAndExpenses": 774300000,
    "interestIncome": 0,
    "interestExpense": 600000,
    "depreciationAndAmortization": 9400000,
    "ebitda": 49800000,
    "ebitdaratio": 0.0622889306,
    "operatingIncome": 34100000,
    "operatingIncomeRatio": 0.0426516573,
    "totalOtherIncomeExpensesNet": -1600000,
    "incomeBeforeTax": 33500000,
    "incomeBeforeTaxRatio": 0.0419011882,
    "incomeTaxExpense": 12500000,
    "netIncome": 21000000,
    "netIncomeRatio": 0.0262664165,
    "eps": 0.29,
    "epsdiluted": 0.28,
    "weightedAverageShsOut": 71300000,
    "weightedAverageShsOutDil": 75400000,
    "link": "https://www.sec.gov/Archives/edgar/data/1069202/000095013406009285/0000950134-06-009285-index.htm",
    "finalLink": "https://www.sec.gov/Archives/edgar/data/1069202/000095013406009285/d35876e10vq.htm"
  },
  {
    "date": "2005-12-31",
    "symbol": "LII",
    "reportedCurrency": "USD",
    "cik": "0001069202",
    "fillingDate": "2006-03-16",
    "acceptedDate": "2006-03-16 17:27:10",
    "calendarYear": "2005",
    "period": "Q4",
    "revenue": 870600000,
    "costOfRevenue": 593800000,
    "grossProfit": 276800000,
    "grossProfitRatio": 0.3179416494,
    "researchAndDevelopmentExpenses": 0,
    "generalAndAdministrativeExpenses": 0,
    "sellingAndMarketingExpenses": 0,
    "sellingGeneralAndAdministrativeExpenses": 243000000,
    "otherExpenses": -41600000,
    "operatingExpenses": 201400000,
    "costAndExpenses": 795200000,
    "interestIncome": 0,
    "interestExpense": 15400000,
    "depreciationAndAmortization": 9000000,
    "ebitda": 84400000,
    "ebitdaratio": 0.0969446359,
    "operatingIncome": 75400000,
    "operatingIncomeRatio": 0.0866069377,
    "totalOtherIncomeExpensesNet": -1000000,
    "incomeBeforeTax": 74400000,
    "incomeBeforeTaxRatio": 0.0854583046,
    "incomeTaxExpense": 23500000,
    "netIncome": 50900000,
    "netIncomeRatio": 0.0584654261,
    "eps": 0.71,
    "epsdiluted": 0.71,
    "weightedAverageShsOut": 70500000,
    "weightedAverageShsOutDil": 71300000,
    "link": "https://www.sec.gov/Archives/edgar/data/1069202/000095013406005345/0000950134-06-005345-index.htm",
    "finalLink": "https://www.sec.gov/Archives/edgar/data/1069202/000095013406005345/d33851e10vk.htm"
  },
  {
    "date": "2005-09-30",
    "symbol": "LII",
    "reportedCurrency": "USD",
    "cik": "0001069202",
    "fillingDate": "2005-11-09",
    "acceptedDate": "2005-11-09 15:34:34",
    "calendarYear": "2005",
    "period": "Q3",
    "revenue": 927500000,
    "costOfRevenue": 612100000,
    "grossProfit": 315400000,
    "grossProfitRatio": 0.3400539084,
    "researchAndDevelopmentExpenses": 0,
    "generalAndAdministrativeExpenses": 0,
    "sellingAndMarketingExpenses": 0,
    "sellingGeneralAndAdministrativeExpenses": 230200000,
    "otherExpenses": -13700000,
    "operatingExpenses": 216500000,
    "costAndExpenses": 832600000,
    "interestIncome": 0,
    "interestExpense": 4300000,
    "depreciationAndAmortization": 9500000,
    "ebitda": 104600000,
    "ebitdaratio": 0.1127762803,
    "operatingIncome": 94900000,
    "operatingIncomeRatio": 0.1023180593,
    "totalOtherIncomeExpensesNet": -17800000,
    "incomeBeforeTax": 87100000,
    "incomeBeforeTaxRatio": 0.0939083558,
    "incomeTaxExpense": 32200000,
    "netIncome": 48400000,
    "netIncomeRatio": 0.0521832884,
    "eps": 0.88,
    "epsdiluted": 0.76,
    "weightedAverageShsOut": 62900000,
    "weightedAverageShsOutDil": 74200000,
    "link": "https://www.sec.gov/Archives/edgar/data/1069202/000095013405021028/0000950134-05-021028-index.htm",
    "finalLink": "https://www.sec.gov/Archives/edgar/data/1069202/000095013405021028/d30091e10vq.htm"
  },
  {
    "date": "2005-06-30",
    "symbol": "LII",
    "reportedCurrency": "USD",
    "cik": "0001069202",
    "fillingDate": "2005-08-09",
    "acceptedDate": "2005-08-09 16:14:16",
    "calendarYear": "2005",
    "period": "Q2",
    "revenue": 867800000,
    "costOfRevenue": 573800000,
    "grossProfit": 294000000,
    "grossProfitRatio": 0.3387877391,
    "researchAndDevelopmentExpenses": 0,
    "generalAndAdministrativeExpenses": 0,
    "sellingAndMarketingExpenses": 0,
    "sellingGeneralAndAdministrativeExpenses": 224900000,
    "otherExpenses": -3800000,
    "operatingExpenses": 221100000,
    "costAndExpenses": 797700000,
    "interestIncome": 0,
    "interestExpense": 4600000,
    "depreciationAndAmortization": 9300000,
    "ebitda": 81600000,
    "ebitdaratio": 0.0940308827,
    "operatingIncome": 70100000,
    "operatingIncomeRatio": 0.0807789813,
    "totalOtherIncomeExpensesNet": -4000000,
    "incomeBeforeTax": 66100000,
    "incomeBeforeTaxRatio": 0.0761696243,
    "incomeTaxExpense": 24600000,
    "netIncome": 44800000,
    "netIncomeRatio": 0.0516247983,
    "eps": 0.67,
    "epsdiluted": 0.59,
    "weightedAverageShsOut": 62000000,
    "weightedAverageShsOutDil": 72800000,
    "link": "https://www.sec.gov/Archives/edgar/data/1069202/000095013405015353/0000950134-05-015353-index.htm",
    "finalLink": "https://www.sec.gov/Archives/edgar/data/1069202/000095013405015353/d27652e10vq.htm"
  },
  {
    "date": "2005-03-31",
    "symbol": "LII",
    "reportedCurrency": "USD",
    "cik": "0001069202",
    "fillingDate": "2005-05-09",
    "acceptedDate": "2005-05-09 17:11:02",
    "calendarYear": "2005",
    "period": "Q1",
    "revenue": 700300000,
    "costOfRevenue": 478500000,
    "grossProfit": 221800000,
    "grossProfitRatio": 0.3167214051,
    "researchAndDevelopmentExpenses": 0,
    "generalAndAdministrativeExpenses": 0,
    "sellingAndMarketingExpenses": 0,
    "sellingGeneralAndAdministrativeExpenses": 204300000,
    "otherExpenses": -11500000,
    "operatingExpenses": 192800000,
    "costAndExpenses": 673300000,
    "interestIncome": 0,
    "interestExpense": 5500000,
    "depreciationAndAmortization": 9600000,
    "ebitda": 36600000,
    "ebitdaratio": 0.0522633157,
    "operatingIncome": 27000000,
    "operatingIncomeRatio": 0.038554905,
    "totalOtherIncomeExpensesNet": -5600000,
    "incomeBeforeTax": 21400000,
    "incomeBeforeTaxRatio": 0.0305583321,
    "incomeTaxExpense": 7800000,
    "netIncome": 6400000,
    "netIncomeRatio": 0.0091389405,
    "eps": 0.2,
    "epsdiluted": 0.19,
    "weightedAverageShsOut": 61500000,
    "weightedAverageShsOutDil": 72400000,
    "link": "https://www.sec.gov/Archives/edgar/data/1069202/000095013405009467/0000950134-05-009467-index.htm",
    "finalLink": "https://www.sec.gov/Archives/edgar/data/1069202/000095013405009467/d25236e10vq.htm"
  },
  {
    "date": "2004-12-31",
    "symbol": "LII",
    "reportedCurrency": "USD",
    "cik": "0001069202",
    "fillingDate": "2005-03-16",
    "acceptedDate": "2005-03-15 17:55:55",
    "calendarYear": "2004",
    "period": "Q4",
    "revenue": 741400000,
    "costOfRevenue": 503200000,
    "grossProfit": 238200000,
    "grossProfitRatio": 0.3212840572,
    "researchAndDevelopmentExpenses": 0,
    "generalAndAdministrativeExpenses": 0,
    "sellingAndMarketingExpenses": 0,
    "sellingGeneralAndAdministrativeExpenses": 201500000,
    "otherExpenses": -300000,
    "operatingExpenses": 201200000,
    "costAndExpenses": 704400000,
    "interestIncome": 0,
    "interestExpense": 27200000,
    "depreciationAndAmortization": 9700000,
    "ebitda": 46700000,
    "ebitdaratio": 0.0629889398,
    "operatingIncome": 37000000,
    "operatingIncomeRatio": 0.049905584,
    "totalOtherIncomeExpensesNet": -4500000,
    "incomeBeforeTax": 32500000,
    "incomeBeforeTaxRatio": 0.043835986,
    "incomeTaxExpense": 12000000,
    "netIncome": 7700000,
    "netIncomeRatio": 0.0103857567,
    "eps": 0.12,
    "epsdiluted": 0.12,
    "weightedAverageShsOut": 64000000,
    "weightedAverageShsOutDil": 64000000,
    "link": "https://www.sec.gov/Archives/edgar/data/1069202/000095013405005117/0000950134-05-005117-index.htm",
    "finalLink": "https://www.sec.gov/Archives/edgar/data/1069202/000095013405005117/d23236e10vk.htm"
  },
  {
    "date": "2004-09-30",
    "symbol": "LII",
    "reportedCurrency": "USD",
    "cik": "0001069202",
    "fillingDate": "2004-11-12",
    "acceptedDate": "2004-11-12 17:28:32",
    "calendarYear": "2004",
    "period": "Q3",
    "revenue": 771900000,
    "costOfRevenue": 513500000,
    "grossProfit": 258400000,
    "grossProfitRatio": 0.3347583884,
    "researchAndDevelopmentExpenses": 0,
    "generalAndAdministrativeExpenses": 0,
    "sellingAndMarketingExpenses": 0,
    "sellingGeneralAndAdministrativeExpenses": 209100000,
    "otherExpenses": 100000,
    "operatingExpenses": 209200000,
    "costAndExpenses": 722700000,
    "interestIncome": 0,
    "interestExpense": 6100000,
    "depreciationAndAmortization": 10300000,
    "ebitda": 59500000,
    "ebitdaratio": 0.0770825236,
    "operatingIncome": 49200000,
    "operatingIncomeRatio": 0.0637388263,
    "totalOtherIncomeExpensesNet": -5900000,
    "incomeBeforeTax": 43300000,
    "incomeBeforeTaxRatio": 0.0560953491,
    "incomeTaxExpense": 15300000,
    "netIncome": 18800000,
    "netIncomeRatio": 0.0243554865,
    "eps": 0.31,
    "epsdiluted": 0.29,
    "weightedAverageShsOut": 60100000,
    "weightedAverageShsOutDil": 70300000,
    "link": "https://www.sec.gov/Archives/edgar/data/1069202/000095013404017465/0000950134-04-017465-index.htm",
    "finalLink": "https://www.sec.gov/Archives/edgar/data/1069202/000095013404017465/d20060e10vq.htm"
  },
  {
    "date": "2004-06-30",
    "symbol": "LII",
    "reportedCurrency": "USD",
    "cik": "0001069202",
    "fillingDate": "2004-11-09",
    "acceptedDate": "2004-11-09 16:04:29",
    "calendarYear": "2004",
    "period": "Q2",
    "revenue": 805400000,
    "costOfRevenue": 530100000,
    "grossProfit": 275300000,
    "grossProfitRatio": 0.3418177303,
    "researchAndDevelopmentExpenses": 0,
    "generalAndAdministrativeExpenses": 0,
    "sellingAndMarketingExpenses": 0,
    "sellingGeneralAndAdministrativeExpenses": 209100000,
    "otherExpenses": 0,
    "operatingExpenses": 209100000,
    "costAndExpenses": 739200000,
    "interestIncome": 0,
    "interestExpense": 8900000,
    "depreciationAndAmortization": 11100000,
    "ebitda": 77300000,
    "ebitdaratio": 0.0959771542,
    "operatingIncome": 66200000,
    "operatingIncomeRatio": 0.0821951825,
    "totalOtherIncomeExpensesNet": -7400000,
    "incomeBeforeTax": 58800000,
    "incomeBeforeTaxRatio": 0.0730072014,
    "incomeTaxExpense": 21800000,
    "netIncome": 39000000,
    "netIncomeRatio": 0.0484231438,
    "eps": 0.56,
    "epsdiluted": 0.5,
    "weightedAverageShsOut": 60100000,
    "weightedAverageShsOutDil": 70400000,
    "link": "https://www.sec.gov/Archives/edgar/data/1069202/000095013404016934/0000950134-04-016934-index.htm",
    "finalLink": "https://www.sec.gov/Archives/edgar/data/1069202/000095013404016934/d19975e10vq.htm"
  },
  {
    "date": "2004-03-31",
    "symbol": "LII",
    "reportedCurrency": "USD",
    "cik": "0001069202",
    "fillingDate": "2004-11-09",
    "acceptedDate": "2004-11-09 16:02:43",
    "calendarYear": "2004",
    "period": "Q1",
    "revenue": 664000000,
    "costOfRevenue": 438400000,
    "grossProfit": 225600000,
    "grossProfitRatio": 0.3397590361,
    "researchAndDevelopmentExpenses": 0,
    "generalAndAdministrativeExpenses": 0,
    "sellingAndMarketingExpenses": 0,
    "sellingGeneralAndAdministrativeExpenses": 207100000,
    "otherExpenses": 208300000,
    "operatingExpenses": 415400000,
    "costAndExpenses": 853800000,
    "interestIncome": 0,
    "interestExpense": 7500000,
    "depreciationAndAmortization": 11500000,
    "ebitda": -178300000,
    "ebitdaratio": -0.2685240964,
    "operatingIncome": -189800000,
    "operatingIncomeRatio": -0.2858433735,
    "totalOtherIncomeExpensesNet": -7800000,
    "incomeBeforeTax": -197600000,
    "incomeBeforeTaxRatio": -0.2975903614,
    "incomeTaxExpense": -19100000,
    "netIncome": -162100000,
    "netIncomeRatio": -0.244126506,
    "eps": -3.28,
    "epsdiluted": -3.28,
    "weightedAverageShsOut": 49420732,
    "weightedAverageShsOutDil": 49420732,
    "link": "https://www.sec.gov/Archives/edgar/data/1069202/000095013404016932/0000950134-04-016932-index.htm",
    "finalLink": "https://www.sec.gov/Archives/edgar/data/1069202/000095013404016932/d19974e10vq.htm"
  },
  {
    "date": "2003-12-31",
    "symbol": "LII",
    "reportedCurrency": "USD",
    "cik": "0001069202",
    "fillingDate": "2004-10-21",
    "acceptedDate": "2004-10-20 21:07:14",
    "calendarYear": "2003",
    "period": "Q4",
    "revenue": 777000000,
    "costOfRevenue": 528300000,
    "grossProfit": 248700000,
    "grossProfitRatio": 0.3200772201,
    "researchAndDevelopmentExpenses": 0,
    "generalAndAdministrativeExpenses": 0,
    "sellingAndMarketingExpenses": 0,
    "sellingGeneralAndAdministrativeExpenses": 212800000,
    "otherExpenses": 0,
    "operatingExpenses": 212800000,
    "costAndExpenses": 741100000,
    "interestIncome": 0,
    "interestExpense": 28500000,
    "depreciationAndAmortization": 13000000,
    "ebitda": 48900000,
    "ebitdaratio": 0.0629343629,
    "operatingIncome": 35900000,
    "operatingIncomeRatio": 0.0462033462,
    "totalOtherIncomeExpensesNet": -5400000,
    "incomeBeforeTax": 30500000,
    "incomeBeforeTaxRatio": 0.0392535393,
    "incomeTaxExpense": 6600000,
    "netIncome": 23900000,
    "netIncomeRatio": 0.0307593308,
    "eps": 0.48,
    "epsdiluted": 0.48,
    "weightedAverageShsOut": 49420732,
    "weightedAverageShsOutDil": 49420732,
    "link": "https://www.sec.gov/Archives/edgar/data/1069202/000095013404015359/0000950134-04-015359-index.htm",
    "finalLink": "https://www.sec.gov/Archives/edgar/data/1069202/000095013404015359/d19114e10vk.htm"
  },
  {
    "date": "2003-09-30",
    "symbol": "LII",
    "reportedCurrency": "USD",
    "cik": "0001069202",
    "fillingDate": "2003-11-13",
    "acceptedDate": "2003-11-13 10:30:56",
    "calendarYear": "2003",
    "period": "Q3",
    "revenue": 839100000,
    "costOfRevenue": 561400000,
    "grossProfit": 277700000,
    "grossProfitRatio": 0.3309498272,
    "researchAndDevelopmentExpenses": 0,
    "generalAndAdministrativeExpenses": 0,
    "sellingAndMarketingExpenses": 0,
    "sellingGeneralAndAdministrativeExpenses": 199600000,
    "otherExpenses": 1000000,
    "operatingExpenses": 200600000,
    "costAndExpenses": 703400000,
    "interestIncome": 0,
    "interestExpense": 6900000,
    "depreciationAndAmortization": 10800000,
    "ebitda": 64900000,
    "ebitdaratio": 0.0773447742,
    "operatingIncome": 54100000,
    "operatingIncomeRatio": 0.064473841,
    "totalOtherIncomeExpensesNet": -6100000,
    "incomeBeforeTax": 46800000,
    "incomeBeforeTaxRatio": 0.0557740436,
    "incomeTaxExpense": 16300000,
    "netIncome": 27700000,
    "netIncomeRatio": 0.03301156,
    "eps": 0.55,
    "epsdiluted": 0.53,
    "weightedAverageShsOut": 58545455,
    "weightedAverageShsOutDil": 60754717,
    "link": "https://www.sec.gov/Archives/edgar/data/1069202/000095013403015150/0000950134-03-015150-index.htm",
    "finalLink": "https://www.sec.gov/Archives/edgar/data/1069202/000095013403015150/d10077e10vq.htm"
  },
  {
    "date": "2003-06-30",
    "symbol": "LII",
    "reportedCurrency": "USD",
    "cik": "0001069202",
    "fillingDate": "2003-08-13",
    "acceptedDate": "2003-08-13 14:37:24",
    "calendarYear": "2003",
    "period": "Q2",
    "revenue": 819200000,
    "costOfRevenue": 541000000,
    "grossProfit": 278200000,
    "grossProfitRatio": 0.3395996094,
    "researchAndDevelopmentExpenses": 0,
    "generalAndAdministrativeExpenses": 0,
    "sellingAndMarketingExpenses": 0,
    "sellingGeneralAndAdministrativeExpenses": 202600000,
    "otherExpenses": 100000,
    "operatingExpenses": 202700000,
    "costAndExpenses": 693600000,
    "interestIncome": 0,
    "interestExpense": 0,
    "depreciationAndAmortization": 11700000,
    "ebitda": 64200000,
    "ebitdaratio": 0.0783691406,
    "operatingIncome": 52500000,
    "operatingIncomeRatio": 0.0640869141,
    "totalOtherIncomeExpensesNet": -2700000,
    "incomeBeforeTax": 46000000,
    "incomeBeforeTaxRatio": 0.0561523438,
    "incomeTaxExpense": 16500000,
    "netIncome": 30400000,
    "netIncomeRatio": 0.037109375,
    "eps": 0.52,
    "epsdiluted": 0.5,
    "weightedAverageShsOut": 58269231,
    "weightedAverageShsOutDil": 60600000,
    "link": "https://www.sec.gov/Archives/edgar/data/1069202/000095013403011593/0000950134-03-011593-index.htm",
    "finalLink": "https://www.sec.gov/Archives/edgar/data/1069202/000095013403011593/d07804e10vq.txt"
  },
  {
    "date": "2003-03-31",
    "symbol": "LII",
    "reportedCurrency": "USD",
    "cik": "0001069202",
    "fillingDate": "2003-05-13",
    "acceptedDate": "2003-05-13 14:46:04",
    "calendarYear": "2003",
    "period": "Q1",
    "revenue": 649798000,
    "costOfRevenue": 437246000,
    "grossProfit": 212552000,
    "grossProfitRatio": 0.327104731,
    "researchAndDevelopmentExpenses": 0,
    "generalAndAdministrativeExpenses": 0,
    "sellingAndMarketingExpenses": 0,
    "sellingGeneralAndAdministrativeExpenses": 182200000,
    "otherExpenses": 800000,
    "operatingExpenses": 183000000,
    "costAndExpenses": 575100000,
    "interestIncome": 0,
    "interestExpense": 0,
    "depreciationAndAmortization": 11400000,
    "ebitda": 22300000,
    "ebitdaratio": 0.0343183574,
    "operatingIncome": 10900000,
    "operatingIncomeRatio": 0.0167744438,
    "totalOtherIncomeExpensesNet": -6100000,
    "incomeBeforeTax": 4800000,
    "incomeBeforeTaxRatio": 0.007386911,
    "incomeTaxExpense": 1400000,
    "netIncome": 2488000,
    "netIncomeRatio": 0.0038288822,
    "eps": 0.04,
    "epsdiluted": 0.04,
    "weightedAverageShsOut": 58007567,
    "weightedAverageShsOutDil": 58007567,
    "link": "https://www.sec.gov/Archives/edgar/data/1069202/000095013403007732/0000950134-03-007732-index.htm",
    "finalLink": "https://www.sec.gov/Archives/edgar/data/1069202/000095013403007732/d05767e10vq.txt"
  },
  {
    "date": "2002-12-31",
    "symbol": "LII",
    "reportedCurrency": "USD",
    "cik": "0001069202",
    "fillingDate": "2003-03-27",
    "acceptedDate": "2003-03-27 15:23:50",
    "calendarYear": "2002",
    "period": "Q4",
    "revenue": 704364000,
    "costOfRevenue": 483422000,
    "grossProfit": 220942000,
    "grossProfitRatio": 0.3136758835,
    "researchAndDevelopmentExpenses": 0,
    "generalAndAdministrativeExpenses": 0,
    "sellingAndMarketingExpenses": 0,
    "sellingGeneralAndAdministrativeExpenses": 207883000,
    "otherExpenses": 251000,
    "operatingExpenses": 208134000,
    "costAndExpenses": 691556000,
    "interestIncome": 0,
    "interestExpense": 0,
    "depreciationAndAmortization": 10969000,
    "ebitda": 22989000,
    "ebitdaratio": 0.0326379542,
    "operatingIncome": 12808000,
    "operatingIncomeRatio": 0.01818378,
    "totalOtherIncomeExpensesNet": -6494000,
    "incomeBeforeTax": 6314000,
    "incomeBeforeTaxRatio": 0.0089641151,
    "incomeTaxExpense": 1288000,
    "netIncome": 5026000,
    "netIncomeRatio": 0.0071355152,
    "eps": 0.0808,
    "epsdiluted": 0.0808,
    "weightedAverageShsOut": 62200000,
    "weightedAverageShsOutDil": 62200000,
    "link": "https://www.sec.gov/Archives/edgar/data/1069202/000095013403004696/0000950134-03-004696-index.htm",
    "finalLink": "https://www.sec.gov/Archives/edgar/data/1069202/000095013403004696/d04109e10vk.txt"
  },
  {
    "date": "2002-09-30",
    "symbol": "LII",
    "reportedCurrency": "USD",
    "cik": "0001069202",
    "fillingDate": "2002-11-14",
    "acceptedDate": "2002-11-14 12:37:19",
    "calendarYear": "2002",
    "period": "Q3",
    "revenue": 818844000,
    "costOfRevenue": 562737000,
    "grossProfit": 256107000,
    "grossProfitRatio": 0.3127665343,
    "researchAndDevelopmentExpenses": 0,
    "generalAndAdministrativeExpenses": 0,
    "sellingAndMarketingExpenses": 0,
    "sellingGeneralAndAdministrativeExpenses": 205672000,
    "otherExpenses": -2189000,
    "operatingExpenses": 203483000,
    "costAndExpenses": 766220000,
    "interestIncome": 0,
    "interestExpense": 0,
    "depreciationAndAmortization": 14080000,
    "ebitda": 73446000,
    "ebitdaratio": 0.0896947404,
    "operatingIncome": 52624000,
    "operatingIncomeRatio": 0.0642662094,
    "totalOtherIncomeExpensesNet": -8734000,
    "incomeBeforeTax": 43890000,
    "incomeBeforeTaxRatio": 0.0535999531,
    "incomeTaxExpense": 16312000,
    "netIncome": 27578000,
    "netIncomeRatio": 0.0336791868,
    "eps": 0.48,
    "epsdiluted": 0.46,
    "weightedAverageShsOut": 57454167,
    "weightedAverageShsOutDil": 59952174,
    "link": "https://www.sec.gov/Archives/edgar/data/1069202/000111632002000342/0001116320-02-000342-index.htm",
    "finalLink": "https://www.sec.gov/Archives/edgar/data/1069202/000111632002000342/r10q93002.htm"
  },
  {
    "date": "2002-06-30",
    "symbol": "LII",
    "reportedCurrency": "USD",
    "cik": "0001069202",
    "fillingDate": "2002-08-14",
    "acceptedDate": "2002-08-14 14:54:02",
    "calendarYear": "2002",
    "period": "Q2",
    "revenue": 830608000,
    "costOfRevenue": 559607000,
    "grossProfit": 271001000,
    "grossProfitRatio": 0.3262682276,
    "researchAndDevelopmentExpenses": 0,
    "generalAndAdministrativeExpenses": 0,
    "sellingAndMarketingExpenses": 0,
    "sellingGeneralAndAdministrativeExpenses": 218403000,
    "otherExpenses": 1222000,
    "operatingExpenses": 219625000,
    "costAndExpenses": 779232000,
    "interestIncome": 0,
    "interestExpense": 0,
    "depreciationAndAmortization": 16192000,
    "ebitda": 68790000,
    "ebitdaratio": 0.0828188508,
    "operatingIncome": 51376000,
    "operatingIncomeRatio": 0.0618534856,
    "totalOtherIncomeExpensesNet": -7873000,
    "incomeBeforeTax": 43503000,
    "incomeBeforeTaxRatio": 0.0523748868,
    "incomeTaxExpense": 17877000,
    "netIncome": 25626000,
    "netIncomeRatio": 0.0308520987,
    "eps": 0.45,
    "epsdiluted": 0.43,
    "weightedAverageShsOut": 56946667,
    "weightedAverageShsOutDil": 59595349,
    "link": "https://www.sec.gov/Archives/edgar/data/1069202/000111632002000274/0001116320-02-000274-index.htm",
    "finalLink": "https://www.sec.gov/Archives/edgar/data/1069202/000111632002000274/r10q.htm"
  },
  {
    "date": "2002-03-31",
    "symbol": "LII",
    "reportedCurrency": "USD",
    "cik": "0001069202",
    "fillingDate": "2002-05-14",
    "acceptedDate": "2002-05-14 15:51:50",
    "calendarYear": "2002",
    "period": "Q1",
    "revenue": 675774000,
    "costOfRevenue": 466899000,
    "grossProfit": 208875000,
    "grossProfitRatio": 0.3090900212,
    "researchAndDevelopmentExpenses": 0,
    "generalAndAdministrativeExpenses": 0,
    "sellingAndMarketingExpenses": 0,
    "sellingGeneralAndAdministrativeExpenses": 197012000,
    "otherExpenses": 653000,
    "operatingExpenses": 197665000,
    "costAndExpenses": 665432000,
    "interestIncome": 0,
    "interestExpense": 0,
    "depreciationAndAmortization": 15411000,
    "ebitda": 24901000,
    "ebitdaratio": 0.0368481179,
    "operatingIncome": 8837000,
    "operatingIncomeRatio": 0.0130768571,
    "totalOtherIncomeExpensesNet": -7864000,
    "incomeBeforeTax": 973000,
    "incomeBeforeTaxRatio": 0.0014398305,
    "incomeTaxExpense": 402000,
    "netIncome": -248653000,
    "netIncomeRatio": -0.3679528955,
    "eps": -4.38,
    "epsdiluted": -4.31,
    "weightedAverageShsOut": 56769000,
    "weightedAverageShsOutDil": 57646000,
    "link": "https://www.sec.gov/Archives/edgar/data/1069202/000111632002000144/0001116320-02-000144-index.htm",
    "finalLink": "https://www.sec.gov/Archives/edgar/data/1069202/000111632002000144/r10firstqtr.txt"
  },
  {
    "date": "2001-12-31",
    "symbol": "LII",
    "reportedCurrency": "USD",
    "cik": "0001069202",
    "fillingDate": "2002-04-01",
    "acceptedDate": "2002-04-01 00:00:00",
    "calendarYear": "2001",
    "period": "Q4",
    "revenue": 728530000,
    "costOfRevenue": 529276000,
    "grossProfit": 199254000,
    "grossProfitRatio": 0.2735014344,
    "researchAndDevelopmentExpenses": 0,
    "generalAndAdministrativeExpenses": 0,
    "sellingAndMarketingExpenses": 0,
    "sellingGeneralAndAdministrativeExpenses": 207422000,
    "otherExpenses": 35173000,
    "operatingExpenses": 242595000,
    "costAndExpenses": 771871000,
    "interestIncome": 0,
    "interestExpense": 0,
    "depreciationAndAmortization": 19474000,
    "ebitda": 11306000,
    "ebitdaratio": 0.0155189217,
    "operatingIncome": -43341000,
    "operatingIncomeRatio": -0.0594910299,
    "totalOtherIncomeExpensesNet": -8672000,
    "incomeBeforeTax": -52013000,
    "incomeBeforeTaxRatio": -0.0713944518,
    "incomeTaxExpense": -11695000,
    "netIncome": -40318000,
    "netIncomeRatio": -0.0553415782,
    "eps": -0.71,
    "epsdiluted": -0.71,
    "weightedAverageShsOut": 56770091,
    "weightedAverageShsOutDil": 56770091,
    "link": "https://www.sec.gov/Archives/edgar/data/1069202/000111632002000064/0001116320-02-000064-index.htm",
    "finalLink": "https://www.sec.gov/Archives/edgar/data/1069202/000111632002000064/r10k2001.htm"
  },
  {
    "date": "2001-09-30",
    "symbol": "LII",
    "reportedCurrency": "USD",
    "cik": "0001069202",
    "fillingDate": "2001-11-13",
    "acceptedDate": "2001-11-13 00:00:00",
    "calendarYear": "2001",
    "period": "Q3",
    "revenue": 826849000,
    "costOfRevenue": 575176000,
    "grossProfit": 251673000,
    "grossProfitRatio": 0.3043760106,
    "researchAndDevelopmentExpenses": 0,
    "generalAndAdministrativeExpenses": 0,
    "sellingAndMarketingExpenses": 0,
    "sellingGeneralAndAdministrativeExpenses": 208140000,
    "otherExpenses": 0,
    "operatingExpenses": 208140000,
    "costAndExpenses": 783804000,
    "interestIncome": 0,
    "interestExpense": 0,
    "depreciationAndAmortization": 20522000,
    "ebitda": 61778000,
    "ebitdaratio": 0.0747149721,
    "operatingIncome": 41256000,
    "operatingIncomeRatio": 0.0498954464,
    "totalOtherIncomeExpensesNet": -10239000,
    "incomeBeforeTax": 31017000,
    "incomeBeforeTaxRatio": 0.0375122906,
    "incomeTaxExpense": 15838000,
    "netIncome": 15179000,
    "netIncomeRatio": 0.0183576445,
    "eps": 0.27,
    "epsdiluted": 0.27,
    "weightedAverageShsOut": 56397000,
    "weightedAverageShsOutDil": 56977000,
    "link": "https://www.sec.gov/Archives/edgar/data/1069202/000111632001500154/0001116320-01-500154-index.htm",
    "finalLink": "https://www.sec.gov/Archives/edgar/data/1069202/000111632001500154/r10q3rdqtr.htm"
  },
  {
    "date": "2001-06-30",
    "symbol": "LII",
    "reportedCurrency": "USD",
    "cik": "0001069202",
    "fillingDate": "2001-08-14",
    "acceptedDate": "2001-08-14 00:00:00",
    "calendarYear": "2001",
    "period": "Q2",
    "revenue": 848346000,
    "costOfRevenue": 583208000,
    "grossProfit": 265138000,
    "grossProfitRatio": 0.3125352156,
    "researchAndDevelopmentExpenses": 0,
    "generalAndAdministrativeExpenses": 0,
    "sellingAndMarketingExpenses": 0,
    "sellingGeneralAndAdministrativeExpenses": 221778000,
    "otherExpenses": 38000000,
    "operatingExpenses": 259778000,
    "costAndExpenses": 842986000,
    "interestIncome": 0,
    "interestExpense": 0,
    "depreciationAndAmortization": 20798000,
    "ebitda": 64158000,
    "ebitdaratio": 0.0756271616,
    "operatingIncome": 5360000,
    "operatingIncomeRatio": 0.0063181768,
    "totalOtherIncomeExpensesNet": -11242000,
    "incomeBeforeTax": -5882000,
    "incomeBeforeTaxRatio": -0.0069334918,
    "incomeTaxExpense": 1129000,
    "netIncome": -7011000,
    "netIncomeRatio": -0.0082643167,
    "eps": -0.12,
    "epsdiluted": -0.12,
    "weightedAverageShsOut": 58425000,
    "weightedAverageShsOutDil": 58425000,
    "link": "https://www.sec.gov/Archives/edgar/data/1069202/000111632001500078/0001116320-01-500078-index.htm",
    "finalLink": "https://www.sec.gov/Archives/edgar/data/1069202/000111632001500078/r10q601.htm"
  },
  {
    "date": "2001-03-31",
    "symbol": "LII",
    "reportedCurrency": "USD",
    "cik": "0001069202",
    "fillingDate": "2001-05-11",
    "acceptedDate": "2001-05-11 00:00:00",
    "calendarYear": "2001",
    "period": "Q1",
    "revenue": 715966000,
    "costOfRevenue": 502381000,
    "grossProfit": 213585000,
    "grossProfitRatio": 0.2983172385,
    "researchAndDevelopmentExpenses": 0,
    "generalAndAdministrativeExpenses": 0,
    "sellingAndMarketingExpenses": 0,
    "sellingGeneralAndAdministrativeExpenses": 217556000,
    "otherExpenses": 0,
    "operatingExpenses": 217556000,
    "costAndExpenses": 719937000,
    "interestIncome": 0,
    "interestExpense": 0,
    "depreciationAndAmortization": 21741000,
    "ebitda": 17770000,
    "ebitdaratio": 0.0248196143,
    "operatingIncome": -3971000,
    "operatingIncomeRatio": -0.0055463528,
    "totalOtherIncomeExpensesNet": -13547000,
    "incomeBeforeTax": -17518000,
    "incomeBeforeTaxRatio": -0.0244676423,
    "incomeTaxExpense": -7270000,
    "netIncome": -10248000,
    "netIncomeRatio": -0.0143135289,
    "eps": -0.18,
    "epsdiluted": -0.18,
    "weightedAverageShsOut": 56933333,
    "weightedAverageShsOutDil": 56933333,
    "link": "https://www.sec.gov/Archives/edgar/data/1069202/000111632001500038/0001116320-01-500038-index.htm",
    "finalLink": "https://www.sec.gov/Archives/edgar/data/1069202/000111632001500038/asc10q0301.txt"
  },
  {
    "date": "2000-12-31",
    "symbol": "LII",
    "reportedCurrency": "USD",
    "cik": "0001069202",
    "fillingDate": "2001-03-27",
    "acceptedDate": "2001-03-27 00:00:00",
    "calendarYear": "2000",
    "period": "Q4",
    "revenue": 779215000,
    "costOfRevenue": 520535000,
    "grossProfit": 258680000,
    "grossProfitRatio": 0.3319751288,
    "researchAndDevelopmentExpenses": 0,
    "generalAndAdministrativeExpenses": 0,
    "sellingAndMarketingExpenses": 0,
    "sellingGeneralAndAdministrativeExpenses": 209614000,
    "otherExpenses": 19391000,
    "operatingExpenses": 229005000,
    "costAndExpenses": 749540000,
    "interestIncome": 0,
    "interestExpense": 0,
    "depreciationAndAmortization": 19391000,
    "ebitda": 49066000,
    "ebitdaratio": 0.0629685003,
    "operatingIncome": 29675000,
    "operatingIncomeRatio": 0.0380831991,
    "totalOtherIncomeExpensesNet": -14885000,
    "incomeBeforeTax": 14790000,
    "incomeBeforeTaxRatio": 0.0189806408,
    "incomeTaxExpense": 6135000,
    "netIncome": 8655000,
    "netIncomeRatio": 0.0111073324,
    "eps": 0.15,
    "epsdiluted": 0.15,
    "weightedAverageShsOut": 56003333,
    "weightedAverageShsOutDil": 56933333,
    "link": "https://www.sec.gov/Archives/edgar/data/1069202/000093066101000760/0000930661-01-000760-index.htm",
    "finalLink": "https://www.sec.gov/Archives/edgar/data/1069202/000093066101000760/0000930661-01-000760-0001.txt"
  },
  {
    "date": "2000-09-30",
    "symbol": "LII",
    "reportedCurrency": "USD",
    "cik": "0001069202",
    "fillingDate": "2000-11-13",
    "acceptedDate": "2000-11-13 00:00:00",
    "calendarYear": "2000",
    "period": "Q3",
    "revenue": 857618000,
    "costOfRevenue": 560940000,
    "grossProfit": 296678000,
    "grossProfitRatio": 0.3459325714,
    "researchAndDevelopmentExpenses": 0,
    "generalAndAdministrativeExpenses": 0,
    "sellingAndMarketingExpenses": 0,
    "sellingGeneralAndAdministrativeExpenses": 238276000,
    "otherExpenses": 22673000,
    "operatingExpenses": 260949000,
    "costAndExpenses": 821889000,
    "interestIncome": 0,
    "interestExpense": 0,
    "depreciationAndAmortization": 22673000,
    "ebitda": 58402000,
    "ebitdaratio": 0.0680979177,
    "operatingIncome": 35729000,
    "operatingIncomeRatio": 0.0416607394,
    "totalOtherIncomeExpensesNet": -14553000,
    "incomeBeforeTax": 21176000,
    "incomeBeforeTaxRatio": 0.0246916459,
    "incomeTaxExpense": 8790000,
    "netIncome": 12386000,
    "netIncomeRatio": 0.0144423275,
    "eps": 0.22,
    "epsdiluted": 0.22,
    "weightedAverageShsOut": 56300000,
    "weightedAverageShsOutDil": 56300000,
    "link": "https://www.sec.gov/Archives/edgar/data/1069202/000111632000000025/0001116320-00-000025-index.htm",
    "finalLink": "https://www.sec.gov/Archives/edgar/data/1069202/000111632000000025/r10q-93000.txt"
  },
  {
    "date": "2000-06-30",
    "symbol": "LII",
    "reportedCurrency": "USD",
    "cik": "0001069202",
    "fillingDate": "2000-08-11",
    "acceptedDate": "2000-08-11 00:00:00",
    "calendarYear": "2000",
    "period": "Q2",
    "revenue": 894200000,
    "costOfRevenue": 574415000,
    "grossProfit": 319785000,
    "grossProfitRatio": 0.3576213375,
    "researchAndDevelopmentExpenses": 0,
    "generalAndAdministrativeExpenses": 0,
    "sellingAndMarketingExpenses": 0,
    "sellingGeneralAndAdministrativeExpenses": 228608000,
    "otherExpenses": 21453000,
    "operatingExpenses": 250061000,
    "costAndExpenses": 824476000,
    "interestIncome": 0,
    "interestExpense": 0,
    "depreciationAndAmortization": 21453000,
    "ebitda": 91177000,
    "ebitdaratio": 0.1019648848,
    "operatingIncome": 69724000,
    "operatingIncomeRatio": 0.0779736077,
    "totalOtherIncomeExpensesNet": -15790000,
    "incomeBeforeTax": 53934000,
    "incomeBeforeTaxRatio": 0.0603153657,
    "incomeTaxExpense": 21657000,
    "netIncome": 32277000,
    "netIncomeRatio": 0.0360959517,
    "eps": 0.56,
    "epsdiluted": 0.56,
    "weightedAverageShsOut": 57637500,
    "weightedAverageShsOutDil": 57637500,
    "link": "https://www.sec.gov/Archives/edgar/data/1069202/000095013400006797/0000950134-00-006797-index.htm",
    "finalLink": "https://www.sec.gov/Archives/edgar/data/1069202/000095013400006797/e10-q.txt"
  },
  {
    "date": "2000-03-31",
    "symbol": "LII",
    "reportedCurrency": "USD",
    "cik": "0001069202",
    "fillingDate": "2000-05-11",
    "acceptedDate": "2000-05-11 00:00:00",
    "calendarYear": "2000",
    "period": "Q1",
    "revenue": 716324000,
    "costOfRevenue": 466669000,
    "grossProfit": 249655000,
    "grossProfitRatio": 0.3485224563,
    "researchAndDevelopmentExpenses": 0,
    "generalAndAdministrativeExpenses": 0,
    "sellingAndMarketingExpenses": 0,
    "sellingGeneralAndAdministrativeExpenses": 205280000,
    "otherExpenses": 20892000,
    "operatingExpenses": 226172000,
    "costAndExpenses": 692841000,
    "interestIncome": 0,
    "interestExpense": 0,
    "depreciationAndAmortization": 20892000,
    "ebitda": 44375000,
    "ebitdaratio": 0.0619482245,
    "operatingIncome": 23483000,
    "operatingIncomeRatio": 0.0327826514,
    "totalOtherIncomeExpensesNet": -12433000,
    "incomeBeforeTax": 11050000,
    "incomeBeforeTaxRatio": 0.0154259804,
    "incomeTaxExpense": 5310000,
    "netIncome": 5740000,
    "netIncomeRatio": 0.0080131337,
    "eps": 0.1,
    "epsdiluted": 0.1,
    "weightedAverageShsOut": 57400000,
    "weightedAverageShsOutDil": 57400000,
    "link": "https://www.sec.gov/Archives/edgar/data/1069202/000095013400004241/0000950134-00-004241-index.html",
    "finalLink": "https://www.sec.gov/Archives/edgar/data/1069202/000095013400004241/"
  },
  {
    "date": "1999-12-31",
    "symbol": "LII",
    "reportedCurrency": "USD",
    "cik": "0001069202",
    "fillingDate": "2000-03-27",
    "acceptedDate": "2000-03-27 00:00:00",
    "calendarYear": "1999",
    "period": "Q4",
    "revenue": 611700000,
    "costOfRevenue": 395600000,
    "grossProfit": 216100000,
    "grossProfitRatio": 0.3532777505,
    "researchAndDevelopmentExpenses": 0,
    "generalAndAdministrativeExpenses": 0,
    "sellingAndMarketingExpenses": 0,
    "sellingGeneralAndAdministrativeExpenses": 165900000,
    "otherExpenses": 15600000,
    "operatingExpenses": 181500000,
    "costAndExpenses": 577100000,
    "interestIncome": 0,
    "interestExpense": 0,
    "depreciationAndAmortization": 15600000,
    "ebitda": 50200000,
    "ebitdaratio": 0.0820663724,
    "operatingIncome": 34600000,
    "operatingIncomeRatio": 0.056563675,
    "totalOtherIncomeExpensesNet": -8600000,
    "incomeBeforeTax": 26000000,
    "incomeBeforeTaxRatio": 0.0425044957,
    "incomeTaxExpense": 10300000,
    "netIncome": 15700000,
    "netIncomeRatio": 0.0256661762,
    "eps": 0.27,
    "epsdiluted": 0.27,
    "weightedAverageShsOut": 57400000,
    "weightedAverageShsOutDil": 57400000,
    "link": "https://www.sec.gov/Archives/edgar/data/1069202/000095013400002425/0000950134-00-002425-index.html",
    "finalLink": "https://www.sec.gov/Archives/edgar/data/1069202/000095013400002425/"
  },
  {
    "date": "1999-09-30",
    "symbol": "LII",
    "reportedCurrency": "USD",
    "cik": "0001069202",
    "fillingDate": "1999-11-12",
    "acceptedDate": "1999-11-12 00:00:00",
    "calendarYear": "1999",
    "period": "Q3",
    "revenue": 669100000,
    "costOfRevenue": 444800000,
    "grossProfit": 224300000,
    "grossProfitRatio": 0.3352264236,
    "researchAndDevelopmentExpenses": 0,
    "generalAndAdministrativeExpenses": 0,
    "sellingAndMarketingExpenses": 0,
    "sellingGeneralAndAdministrativeExpenses": 154700000,
    "otherExpenses": 14900000,
    "operatingExpenses": 169600000,
    "costAndExpenses": 614400000,
    "interestIncome": 0,
    "interestExpense": 0,
    "depreciationAndAmortization": 14900000,
    "ebitda": 69600000,
    "ebitdaratio": 0.1040203258,
    "operatingIncome": 54700000,
    "operatingIncomeRatio": 0.0817516066,
    "totalOtherIncomeExpensesNet": -10400000,
    "incomeBeforeTax": 44300000,
    "incomeBeforeTaxRatio": 0.0662083396,
    "incomeTaxExpense": 17000000,
    "netIncome": 27300000,
    "netIncomeRatio": 0.0408010761,
    "eps": 0.65,
    "epsdiluted": 0.64,
    "weightedAverageShsOut": 37910000,
    "weightedAverageShsOutDil": 38788000,
    "link": "https://www.sec.gov/Archives/edgar/data/1069202/000095013499009865/0000950134-99-009865-index.html",
    "finalLink": "https://www.sec.gov/Archives/edgar/data/1069202/000095013499009865/"
  },
  {
    "date": "1999-06-30",
    "symbol": "LII",
    "reportedCurrency": "USD",
    "cik": "0001069202",
    "fillingDate": "1999-08-17",
    "acceptedDate": "1999-08-17 00:00:00",
    "calendarYear": "1999",
    "period": "Q2",
    "revenue": 591800000,
    "costOfRevenue": 393000000,
    "grossProfit": 198800000,
    "grossProfitRatio": 0.3359242987,
    "researchAndDevelopmentExpenses": 0,
    "generalAndAdministrativeExpenses": 0,
    "sellingAndMarketingExpenses": 0,
    "sellingGeneralAndAdministrativeExpenses": 138500000,
    "otherExpenses": 13400000,
    "operatingExpenses": 151900000,
    "costAndExpenses": 544900000,
    "interestIncome": 0,
    "interestExpense": 0,
    "depreciationAndAmortization": 13400000,
    "ebitda": 60300000,
    "ebitdaratio": 0.1018925313,
    "operatingIncome": 46900000,
    "operatingIncomeRatio": 0.0792497465,
    "totalOtherIncomeExpensesNet": -7800000,
    "incomeBeforeTax": 39100000,
    "incomeBeforeTaxRatio": 0.0660696181,
    "incomeTaxExpense": 15500000,
    "netIncome": 23600000,
    "netIncomeRatio": 0.0398783373,
    "eps": 0.68,
    "epsdiluted": 0.64,
    "weightedAverageShsOut": 34736842,
    "weightedAverageShsOutDil": 36666667,
    "link": "https://www.sec.gov/Archives/edgar/data/1069202/000095013499007616/0000950134-99-007616-index.html",
    "finalLink": "https://www.sec.gov/Archives/edgar/data/1069202/000095013499007616/"
  },
  {
    "date": "1999-03-31",
    "symbol": "LII",
    "reportedCurrency": "USD",
    "cik": "0001069202",
    "fillingDate": "1999-03-31",
    "acceptedDate": "1999-03-31 00:00:00",
    "calendarYear": "1999",
    "period": "Q1",
    "revenue": 489100000,
    "costOfRevenue": 326500000,
    "grossProfit": 162600000,
    "grossProfitRatio": 0.3324473523,
    "researchAndDevelopmentExpenses": 0,
    "generalAndAdministrativeExpenses": 0,
    "sellingAndMarketingExpenses": 0,
    "sellingGeneralAndAdministrativeExpenses": 129300000,
    "otherExpenses": 13500000,
    "operatingExpenses": 142800000,
    "costAndExpenses": 469300000,
    "interestIncome": 0,
    "interestExpense": 0,
    "depreciationAndAmortization": 13500000,
    "ebitda": 33300000,
    "ebitdaratio": 0.0680842364,
    "operatingIncome": 19800000,
    "operatingIncomeRatio": 0.0404825189,
    "totalOtherIncomeExpensesNet": -5900000,
    "incomeBeforeTax": 13900000,
    "incomeBeforeTaxRatio": 0.0284195461,
    "incomeTaxExpense": 7300000,
    "netIncome": 6600000,
    "netIncomeRatio": 0.013494173,
    "eps": 0.19,
    "epsdiluted": 0.18,
    "weightedAverageShsOut": 34736842,
    "weightedAverageShsOutDil": 36666667,
    "link": null,
    "finalLink": null
  }
]