[
  {
    "date": "2025-06-30",
    "symbol": "LIN",
    "reportedCurrency": "USD",
    "cik": "0001707925",
    "fillingDate": "2025-08-01",
    "acceptedDate": "2025-08-01 10:26:45",
    "calendarYear": "2025",
    "period": "Q2",
    "revenue": 8495000000,
    "costOfRevenue": 4306000000,
    "grossProfit": 4189000000,
    "grossProfitRatio": 0.4931135962,
    "researchAndDevelopmentExpenses": 38000000,
    "generalAndAdministrativeExpenses": 0,
    "sellingAndMarketingExpenses": 0,
    "sellingGeneralAndAdministrativeExpenses": 870000000,
    "otherExpenses": 927000000,
    "operatingExpenses": 1835000000,
    "costAndExpenses": 6141000000,
    "interestIncome": 0,
    "interestExpense": 67000000,
    "depreciationAndAmortization": 942000000,
    "ebitda": 3355000000,
    "ebitdaratio": 0.3949381989,
    "operatingIncome": 2354000000,
    "operatingIncomeRatio": 0.2771041789,
    "totalOtherIncomeExpensesNet": -8000000,
    "incomeBeforeTax": 2346000000,
    "incomeBeforeTaxRatio": 0.2761624485,
    "incomeTaxExpense": 540000000,
    "netIncome": 1766000000,
    "netIncomeRatio": 0.2078869923,
    "eps": 3.75,
    "epsdiluted": 3.73,
    "weightedAverageShsOut": 470865000,
    "weightedAverageShsOutDil": 473573000,
    "link": "https://www.sec.gov/Archives/edgar/data/1707925/000162828025037164/0001628280-25-037164-index.htm",
    "finalLink": "https://www.sec.gov/Archives/edgar/data/1707925/000162828025037164/lin-20250630.htm"
  },
  {
    "date": "2025-03-31",
    "symbol": "LIN",
    "reportedCurrency": "USD",
    "cik": "0001707925",
    "fillingDate": "2025-05-01",
    "acceptedDate": "2025-05-01 10:21:30",
    "calendarYear": "2025",
    "period": "Q1",
    "revenue": 8112000000,
    "costOfRevenue": 5067000000,
    "grossProfit": 3045000000,
    "grossProfitRatio": 0.3753698225,
    "researchAndDevelopmentExpenses": 38000000,
    "generalAndAdministrativeExpenses": 0,
    "sellingAndMarketingExpenses": 0,
    "sellingGeneralAndAdministrativeExpenses": 786000000,
    "otherExpenses": 0,
    "operatingExpenses": 824000000,
    "costAndExpenses": 5891000000,
    "interestIncome": 29000000,
    "interestExpense": 0,
    "depreciationAndAmortization": 910000000,
    "ebitda": 3090000000,
    "ebitdaratio": 0.3809171598,
    "operatingIncome": 2221000000,
    "operatingIncomeRatio": 0.2737919132,
    "totalOtherIncomeExpensesNet": -3000000,
    "incomeBeforeTax": 2218000000,
    "incomeBeforeTaxRatio": 0.2734220907,
    "incomeTaxExpense": 511000000,
    "netIncome": 1673000000,
    "netIncomeRatio": 0.2062376726,
    "eps": 3.53,
    "epsdiluted": 3.51,
    "weightedAverageShsOut": 473303000,
    "weightedAverageShsOutDil": 476262000,
    "link": "https://www.sec.gov/Archives/edgar/data/1707925/000162828025021379/0001628280-25-021379-index.htm",
    "finalLink": "https://www.sec.gov/Archives/edgar/data/1707925/000162828025021379/lin-20250331.htm"
  },
  {
    "date": "2024-12-31",
    "symbol": "LIN",
    "reportedCurrency": "USD",
    "cik": "0001707925",
    "fillingDate": "2025-02-26",
    "acceptedDate": "2025-02-26 10:17:43",
    "calendarYear": "2024",
    "period": "Q4",
    "revenue": 8282000000,
    "costOfRevenue": 5233000000,
    "grossProfit": 3049000000,
    "grossProfitRatio": 0.3681477904,
    "researchAndDevelopmentExpenses": 39000000,
    "generalAndAdministrativeExpenses": 0,
    "sellingAndMarketingExpenses": 0,
    "sellingGeneralAndAdministrativeExpenses": 814000000,
    "otherExpenses": 0,
    "operatingExpenses": 853000000,
    "costAndExpenses": 6086000000,
    "interestIncome": 0,
    "interestExpense": 232000000,
    "depreciationAndAmortization": 913000000,
    "ebitda": 3408000000,
    "ebitdaratio": 0.411494808,
    "operatingIncome": 2196000000,
    "operatingIncomeRatio": 0.2651533446,
    "totalOtherIncomeExpensesNet": 106000000,
    "incomeBeforeTax": 2302000000,
    "incomeBeforeTaxRatio": 0.2779521855,
    "incomeTaxExpense": 533000000,
    "netIncome": 1725000000,
    "netIncomeRatio": 0.2082830234,
    "eps": 3.6,
    "epsdiluted": 3.6,
    "weightedAverageShsOut": 475865000,
    "weightedAverageShsOutDil": 478877000,
    "link": "https://www.sec.gov/Archives/edgar/data/1707925/000162828025007990/0001628280-25-007990-index.htm",
    "finalLink": "https://www.sec.gov/Archives/edgar/data/1707925/000162828025007990/lin-20241231.htm"
  },
  {
    "date": "2024-09-30",
    "symbol": "LIN",
    "reportedCurrency": "USD",
    "cik": "0001707925",
    "fillingDate": "2024-10-31",
    "acceptedDate": "2024-10-31 10:18:07",
    "calendarYear": "2024",
    "period": "Q3",
    "revenue": 8356000000,
    "costOfRevenue": 5316000000,
    "grossProfit": 3040000000,
    "grossProfitRatio": 0.3638104356,
    "researchAndDevelopmentExpenses": 37000000,
    "generalAndAdministrativeExpenses": 0,
    "sellingAndMarketingExpenses": 0,
    "sellingGeneralAndAdministrativeExpenses": 823000000,
    "otherExpenses": 0,
    "operatingExpenses": 860000000,
    "costAndExpenses": 6176000000,
    "interestIncome": 5000000,
    "interestExpense": 0,
    "depreciationAndAmortization": 960000000,
    "ebitda": 3023000000,
    "ebitdaratio": 0.3617759694,
    "operatingIncome": 2180000000,
    "operatingIncomeRatio": 0.2608903782,
    "totalOtherIncomeExpensesNet": -79000000,
    "incomeBeforeTax": 2101000000,
    "incomeBeforeTaxRatio": 0.2514360938,
    "incomeTaxExpense": 498000000,
    "netIncome": 1550000000,
    "netIncomeRatio": 0.1854954524,
    "eps": 3.24,
    "epsdiluted": 3.22,
    "weightedAverageShsOut": 477662000,
    "weightedAverageShsOutDil": 480898000,
    "link": "https://www.sec.gov/Archives/edgar/data/1707925/000162828024044457/0001628280-24-044457-index.htm",
    "finalLink": "https://www.sec.gov/Archives/edgar/data/1707925/000162828024044457/lin-20240930.htm"
  },
  {
    "date": "2024-06-30",
    "symbol": "LIN",
    "reportedCurrency": "USD",
    "cik": "0001707925",
    "fillingDate": "2024-08-02",
    "acceptedDate": "2024-08-02 10:40:43",
    "calendarYear": "2024",
    "period": "Q2",
    "revenue": 8267000000,
    "costOfRevenue": 5209000000,
    "grossProfit": 3058000000,
    "grossProfitRatio": 0.3699044393,
    "researchAndDevelopmentExpenses": 36000000,
    "generalAndAdministrativeExpenses": 0,
    "sellingAndMarketingExpenses": 0,
    "sellingGeneralAndAdministrativeExpenses": 840000000,
    "otherExpenses": 0,
    "operatingExpenses": 876000000,
    "costAndExpenses": 6085000000,
    "interestIncome": 0,
    "interestExpense": 72000000,
    "depreciationAndAmortization": 958000000,
    "ebitda": 3193000000,
    "ebitdaratio": 0.386234426,
    "operatingIncome": 2182000000,
    "operatingIncomeRatio": 0.2639409701,
    "totalOtherIncomeExpensesNet": 26000000,
    "incomeBeforeTax": 2208000000,
    "incomeBeforeTaxRatio": 0.2670860046,
    "incomeTaxExpense": 508000000,
    "netIncome": 1663000000,
    "netIncomeRatio": 0.2011612435,
    "eps": 3.46,
    "epsdiluted": 3.44,
    "weightedAverageShsOut": 479973000,
    "weightedAverageShsOutDil": 483177000,
    "link": "https://www.sec.gov/Archives/edgar/data/1707925/000162828024034299/0001628280-24-034299-index.htm",
    "finalLink": "https://www.sec.gov/Archives/edgar/data/1707925/000162828024034299/lin-20240630.htm"
  },
  {
    "date": "2024-03-31",
    "symbol": "LIN",
    "reportedCurrency": "USD",
    "cik": "0001707925",
    "fillingDate": "2024-05-02",
    "acceptedDate": "2024-05-02 10:16:10",
    "calendarYear": "2024",
    "period": "Q1",
    "revenue": 8100000000,
    "costOfRevenue": 5165000000,
    "grossProfit": 2935000000,
    "grossProfitRatio": 0.362345679,
    "researchAndDevelopmentExpenses": 38000000,
    "generalAndAdministrativeExpenses": 0,
    "sellingAndMarketingExpenses": 0,
    "sellingGeneralAndAdministrativeExpenses": 860000000,
    "otherExpenses": 0,
    "operatingExpenses": 898000000,
    "costAndExpenses": 6063000000,
    "interestIncome": 0,
    "interestExpense": 57000000,
    "depreciationAndAmortization": 949000000,
    "ebitda": 3086000000,
    "ebitdaratio": 0.3809876543,
    "operatingIncome": 2037000000,
    "operatingIncomeRatio": 0.2514814815,
    "totalOtherIncomeExpensesNet": 91000000,
    "incomeBeforeTax": 2128000000,
    "incomeBeforeTaxRatio": 0.2627160494,
    "incomeTaxExpense": 463000000,
    "netIncome": 1627000000,
    "netIncomeRatio": 0.2008641975,
    "eps": 3.38,
    "epsdiluted": 3.35,
    "weightedAverageShsOut": 481949000,
    "weightedAverageShsOutDil": 485592000,
    "link": "https://www.sec.gov/Archives/edgar/data/1707925/000170792524000090/0001707925-24-000090-index.htm",
    "finalLink": "https://www.sec.gov/Archives/edgar/data/1707925/000170792524000090/lin-20240331.htm"
  },
  {
    "date": "2023-12-31",
    "symbol": "LIN",
    "reportedCurrency": "USD",
    "cik": "0001707925",
    "fillingDate": "2024-02-28",
    "acceptedDate": "2024-02-28 09:56:28",
    "calendarYear": "2023",
    "period": "Q4",
    "revenue": 8302000000,
    "costOfRevenue": 5380000000,
    "grossProfit": 2922000000,
    "grossProfitRatio": 0.3519633823,
    "researchAndDevelopmentExpenses": 39000000,
    "generalAndAdministrativeExpenses": 0,
    "sellingAndMarketingExpenses": 0,
    "sellingGeneralAndAdministrativeExpenses": 832000000,
    "otherExpenses": 0,
    "operatingExpenses": 871000000,
    "costAndExpenses": 6251000000,
    "interestIncome": 0,
    "interestExpense": 216000000,
    "depreciationAndAmortization": 949000000,
    "ebitda": 3161000000,
    "ebitdaratio": 0.3807516261,
    "operatingIncome": 2051000000,
    "operatingIncomeRatio": 0.2470489039,
    "totalOtherIncomeExpensesNet": -16000000,
    "incomeBeforeTax": 2035000000,
    "incomeBeforeTaxRatio": 0.2451216574,
    "incomeTaxExpense": 459000000,
    "netIncome": 1543000000,
    "netIncomeRatio": 0.1858588292,
    "eps": 3.16,
    "epsdiluted": 3.16,
    "weightedAverageShsOut": 484229000,
    "weightedAverageShsOutDil": 488249000,
    "link": "https://www.sec.gov/Archives/edgar/data/1707925/000162828024007424/0001628280-24-007424-index.htm",
    "finalLink": "https://www.sec.gov/Archives/edgar/data/1707925/000162828024007424/lin-20231231.htm"
  },
  {
    "date": "2023-09-30",
    "symbol": "LIN",
    "reportedCurrency": "USD",
    "cik": "0001707925",
    "fillingDate": "2023-10-26",
    "acceptedDate": "2023-10-26 13:21:28",
    "calendarYear": "2023",
    "period": "Q3",
    "revenue": 8155000000,
    "costOfRevenue": 5273000000,
    "grossProfit": 2882000000,
    "grossProfitRatio": 0.3534028204,
    "researchAndDevelopmentExpenses": 36000000,
    "generalAndAdministrativeExpenses": 0,
    "sellingAndMarketingExpenses": 0,
    "sellingGeneralAndAdministrativeExpenses": 808000000,
    "otherExpenses": 0,
    "operatingExpenses": 844000000,
    "costAndExpenses": 6117000000,
    "interestIncome": 0,
    "interestExpense": 73000000,
    "depreciationAndAmortization": 959000000,
    "ebitda": 3079000000,
    "ebitdaratio": 0.3775597793,
    "operatingIncome": 2038000000,
    "operatingIncomeRatio": 0.2499080319,
    "totalOtherIncomeExpensesNet": 50000000,
    "incomeBeforeTax": 2088000000,
    "incomeBeforeTaxRatio": 0.2560392397,
    "incomeTaxExpense": 487000000,
    "netIncome": 1565000000,
    "netIncomeRatio": 0.1919068056,
    "eps": 3.21,
    "epsdiluted": 3.19,
    "weightedAverageShsOut": 487122000,
    "weightedAverageShsOutDil": 491076000,
    "link": "https://www.sec.gov/Archives/edgar/data/1707925/000162828023035251/0001628280-23-035251-index.htm",
    "finalLink": "https://www.sec.gov/Archives/edgar/data/1707925/000162828023035251/lin-20230930.htm"
  },
  {
    "date": "2023-06-30",
    "symbol": "LIN",
    "reportedCurrency": "USD",
    "cik": "0001707925",
    "fillingDate": "2023-07-27",
    "acceptedDate": "2023-07-27 13:32:42",
    "calendarYear": "2023",
    "period": "Q2",
    "revenue": 8204000000,
    "costOfRevenue": 5276000000,
    "grossProfit": 2928000000,
    "grossProfitRatio": 0.3568990736,
    "researchAndDevelopmentExpenses": 35000000,
    "generalAndAdministrativeExpenses": 0,
    "sellingAndMarketingExpenses": 0,
    "sellingGeneralAndAdministrativeExpenses": 833000000,
    "otherExpenses": 0,
    "operatingExpenses": 868000000,
    "costAndExpenses": 6144000000,
    "interestIncome": 0,
    "interestExpense": 8000000,
    "depreciationAndAmortization": 960000000,
    "ebitda": 2972000000,
    "ebitdaratio": 0.3622623111,
    "operatingIncome": 2060000000,
    "operatingIncomeRatio": 0.2510970258,
    "totalOtherIncomeExpensesNet": -10000000,
    "incomeBeforeTax": 2050000000,
    "incomeBeforeTaxRatio": 0.2498781082,
    "incomeTaxExpense": 438000000,
    "netIncome": 1575000000,
    "netIncomeRatio": 0.1919795222,
    "eps": 3.22,
    "epsdiluted": 3.19,
    "weightedAverageShsOut": 489618000,
    "weightedAverageShsOutDil": 493549000,
    "link": "https://www.sec.gov/Archives/edgar/data/1707925/000162828023025878/0001628280-23-025878-index.htm",
    "finalLink": "https://www.sec.gov/Archives/edgar/data/1707925/000162828023025878/lin-20230630.htm"
  },
  {
    "date": "2023-03-31",
    "symbol": "LIN",
    "reportedCurrency": "USD",
    "cik": "0001707925",
    "fillingDate": "2023-04-27",
    "acceptedDate": "2023-04-27 13:09:46",
    "calendarYear": "2023",
    "period": "Q1",
    "revenue": 8193000000,
    "costOfRevenue": 5379000000,
    "grossProfit": 2814000000,
    "grossProfitRatio": 0.3434639326,
    "researchAndDevelopmentExpenses": 36000000,
    "generalAndAdministrativeExpenses": 0,
    "sellingAndMarketingExpenses": 0,
    "sellingGeneralAndAdministrativeExpenses": 822000000,
    "otherExpenses": 0,
    "operatingExpenses": 858000000,
    "costAndExpenses": 6237000000,
    "interestIncome": 0,
    "interestExpense": 36000000,
    "depreciationAndAmortization": 948000000,
    "ebitda": 2925000000,
    "ebitdaratio": 0.3570120835,
    "operatingIncome": 1956000000,
    "operatingIncomeRatio": 0.2387403881,
    "totalOtherIncomeExpensesNet": 26000000,
    "incomeBeforeTax": 1982000000,
    "incomeBeforeTaxRatio": 0.2419138289,
    "incomeTaxExpense": 430000000,
    "netIncome": 1516000000,
    "netIncomeRatio": 0.1850360063,
    "eps": 3.07,
    "epsdiluted": 3.05,
    "weightedAverageShsOut": 491817000,
    "weightedAverageShsOutDil": 495676000,
    "link": "https://www.sec.gov/Archives/edgar/data/1707925/000162828023013457/0001628280-23-013457-index.htm",
    "finalLink": "https://www.sec.gov/Archives/edgar/data/1707925/000162828023013457/lin-20230331.htm"
  },
  {
    "date": "2022-12-31",
    "symbol": "LIN",
    "reportedCurrency": "USD",
    "cik": "0001707925",
    "fillingDate": "2023-02-28",
    "acceptedDate": "2023-02-28 13:10:13",
    "calendarYear": "2022",
    "period": "Q4",
    "revenue": 7899000000,
    "costOfRevenue": 5383000000,
    "grossProfit": 2516000000,
    "grossProfitRatio": 0.3185213318,
    "researchAndDevelopmentExpenses": 36000000,
    "generalAndAdministrativeExpenses": 0,
    "sellingAndMarketingExpenses": 0,
    "sellingGeneralAndAdministrativeExpenses": 764000000,
    "otherExpenses": 0,
    "operatingExpenses": 800000000,
    "costAndExpenses": 6183000000,
    "interestIncome": 0,
    "interestExpense": 9000000,
    "depreciationAndAmortization": 956000000,
    "ebitda": 2679000000,
    "ebitdaratio": 0.3391568553,
    "operatingIncome": 1716000000,
    "operatingIncomeRatio": 0.2172426889,
    "totalOtherIncomeExpensesNet": 33000000,
    "incomeBeforeTax": 1749000000,
    "incomeBeforeTaxRatio": 0.221420433,
    "incomeTaxExpense": 388000000,
    "netIncome": 1328000000,
    "netIncomeRatio": 0.1681225472,
    "eps": 2.69,
    "epsdiluted": 2.67,
    "weightedAverageShsOut": 493652000,
    "weightedAverageShsOutDil": 497922000,
    "link": "https://www.sec.gov/Archives/edgar/data/1707925/000162828023005434/0001628280-23-005434-index.htm",
    "finalLink": "https://www.sec.gov/Archives/edgar/data/1707925/000162828023005434/lin-20221231.htm"
  },
  {
    "date": "2022-09-30",
    "symbol": "LIN",
    "reportedCurrency": "USD",
    "cik": "0001707925",
    "fillingDate": "2022-10-27",
    "acceptedDate": "2022-10-27 13:21:07",
    "calendarYear": "2022",
    "period": "Q3",
    "revenue": 8797000000,
    "costOfRevenue": 5953000000,
    "grossProfit": 2844000000,
    "grossProfitRatio": 0.3232920314,
    "researchAndDevelopmentExpenses": 35000000,
    "generalAndAdministrativeExpenses": 0,
    "sellingAndMarketingExpenses": 0,
    "sellingGeneralAndAdministrativeExpenses": 770000000,
    "otherExpenses": 29000000,
    "operatingExpenses": 834000000,
    "costAndExpenses": 6787000000,
    "interestIncome": 0,
    "interestExpense": 26000000,
    "depreciationAndAmortization": 1045000000,
    "ebitda": 2711000000,
    "ebitdaratio": 0.3081732409,
    "operatingIncome": 2010000000,
    "operatingIncomeRatio": 0.2284869842,
    "totalOtherIncomeExpensesNet": -319000000,
    "incomeBeforeTax": 1691000000,
    "incomeBeforeTaxRatio": 0.192224622,
    "incomeTaxExpense": 391000000,
    "netIncome": 1273000000,
    "netIncomeRatio": 0.1447084233,
    "eps": 2.56,
    "epsdiluted": 2.54,
    "weightedAverageShsOut": 497186000,
    "weightedAverageShsOutDil": 501151000,
    "link": "https://www.sec.gov/Archives/edgar/data/1707925/000162828022027183/0001628280-22-027183-index.htm",
    "finalLink": "https://www.sec.gov/Archives/edgar/data/1707925/000162828022027183/lin-20220930.htm"
  },
  {
    "date": "2022-06-30",
    "symbol": "LIN",
    "reportedCurrency": "USD",
    "cik": "0001707925",
    "fillingDate": "2022-07-28",
    "acceptedDate": "2022-07-28 14:19:33",
    "calendarYear": "2022",
    "period": "Q2",
    "revenue": 8457000000,
    "costOfRevenue": 5630000000,
    "grossProfit": 2827000000,
    "grossProfitRatio": 0.3342792953,
    "researchAndDevelopmentExpenses": 37000000,
    "generalAndAdministrativeExpenses": 0,
    "sellingAndMarketingExpenses": 0,
    "sellingGeneralAndAdministrativeExpenses": 771000000,
    "otherExpenses": 31000000,
    "operatingExpenses": 839000000,
    "costAndExpenses": 6469000000,
    "interestIncome": 0,
    "interestExpense": 14000000,
    "depreciationAndAmortization": 1091000000,
    "ebitda": 1751000000,
    "ebitdaratio": 0.2070474163,
    "operatingIncome": 1988000000,
    "operatingIncomeRatio": 0.2350715384,
    "totalOtherIncomeExpensesNet": -1292000000,
    "incomeBeforeTax": 696000000,
    "incomeBeforeTaxRatio": 0.0822986875,
    "incomeTaxExpense": 286000000,
    "netIncome": 372000000,
    "netIncomeRatio": 0.0439872295,
    "eps": 0.74,
    "epsdiluted": 0.74,
    "weightedAverageShsOut": 501034000,
    "weightedAverageShsOutDil": 505269000,
    "link": "https://www.sec.gov/Archives/edgar/data/1707925/000162828022019683/0001628280-22-019683-index.htm",
    "finalLink": "https://www.sec.gov/Archives/edgar/data/1707925/000162828022019683/lin-20220630.htm"
  },
  {
    "date": "2022-03-31",
    "symbol": "LIN",
    "reportedCurrency": "USD",
    "cik": "0001707925",
    "fillingDate": "2022-05-02",
    "acceptedDate": "2022-05-02 16:09:26",
    "calendarYear": "2022",
    "period": "Q1",
    "revenue": 8211000000,
    "costOfRevenue": 5492000000,
    "grossProfit": 2719000000,
    "grossProfitRatio": 0.3311411521,
    "researchAndDevelopmentExpenses": 35000000,
    "generalAndAdministrativeExpenses": 0,
    "sellingAndMarketingExpenses": 0,
    "sellingGeneralAndAdministrativeExpenses": 802000000,
    "otherExpenses": -23000000,
    "operatingExpenses": 814000000,
    "costAndExpenses": 6306000000,
    "interestIncome": 0,
    "interestExpense": 19000000,
    "depreciationAndAmortization": 1112000000,
    "ebitda": 2656000000,
    "ebitdaratio": 0.3234685178,
    "operatingIncome": 1905000000,
    "operatingIncomeRatio": 0.2320058458,
    "totalOtherIncomeExpensesNet": -326000000,
    "incomeBeforeTax": 1579000000,
    "incomeBeforeTaxRatio": 0.1923030082,
    "incomeTaxExpense": 369000000,
    "netIncome": 1174000000,
    "netIncomeRatio": 0.1429789307,
    "eps": 2.31,
    "epsdiluted": 2.3,
    "weightedAverageShsOut": 507152000,
    "weightedAverageShsOutDil": 511410000,
    "link": "https://www.sec.gov/Archives/edgar/data/1707925/000162828022011722/0001628280-22-011722-index.htm",
    "finalLink": "https://www.sec.gov/Archives/edgar/data/1707925/000162828022011722/lin-20220331.htm"
  },
  {
    "date": "2021-12-31",
    "symbol": "LIN",
    "reportedCurrency": "USD",
    "cik": "0001707925",
    "fillingDate": "2022-02-28",
    "acceptedDate": "2022-02-28 14:42:30",
    "calendarYear": "2021",
    "period": "Q4",
    "revenue": 8298000000,
    "costOfRevenue": 6062000000,
    "grossProfit": 2236000000,
    "grossProfitRatio": 0.2694625211,
    "researchAndDevelopmentExpenses": 38000000,
    "generalAndAdministrativeExpenses": 0,
    "sellingAndMarketingExpenses": 0,
    "sellingGeneralAndAdministrativeExpenses": 787000000,
    "otherExpenses": 0,
    "operatingExpenses": 825000000,
    "costAndExpenses": 6887000000,
    "interestIncome": 0,
    "interestExpense": 57000000,
    "depreciationAndAmortization": 1135000000,
    "ebitda": 2547000000,
    "ebitdaratio": 0.3069414317,
    "operatingIncome": 1411000000,
    "operatingIncomeRatio": 0.1700409737,
    "totalOtherIncomeExpensesNet": -18000000,
    "incomeBeforeTax": 1393000000,
    "incomeBeforeTaxRatio": 0.1678717763,
    "incomeTaxExpense": 339000000,
    "netIncome": 1026000000,
    "netIncomeRatio": 0.1236442516,
    "eps": 2,
    "epsdiluted": 1.98,
    "weightedAverageShsOut": 511234000,
    "weightedAverageShsOutDil": 516276000,
    "link": "https://www.sec.gov/Archives/edgar/data/1707925/000162828022004180/0001628280-22-004180-index.htm",
    "finalLink": "https://www.sec.gov/Archives/edgar/data/1707925/000162828022004180/lin-20211231.htm"
  },
  {
    "date": "2021-09-30",
    "symbol": "LIN",
    "reportedCurrency": "USD",
    "cik": "0001707925",
    "fillingDate": "2021-10-29",
    "acceptedDate": "2021-10-29 11:18:57",
    "calendarYear": "2021",
    "period": "Q3",
    "revenue": 7668000000,
    "costOfRevenue": 5531000000,
    "grossProfit": 2137000000,
    "grossProfitRatio": 0.2786906625,
    "researchAndDevelopmentExpenses": 36000000,
    "generalAndAdministrativeExpenses": 0,
    "sellingAndMarketingExpenses": 0,
    "sellingGeneralAndAdministrativeExpenses": 793000000,
    "otherExpenses": 0,
    "operatingExpenses": 829000000,
    "costAndExpenses": 6360000000,
    "interestIncome": 3000000,
    "interestExpense": 0,
    "depreciationAndAmortization": 1163000000,
    "ebitda": 2492000000,
    "ebitdaratio": 0.3249869588,
    "operatingIncome": 1308000000,
    "operatingIncomeRatio": 0.1705790297,
    "totalOtherIncomeExpensesNet": 22000000,
    "incomeBeforeTax": 1330000000,
    "incomeBeforeTaxRatio": 0.173448096,
    "incomeTaxExpense": 321000000,
    "netIncome": 979000000,
    "netIncomeRatio": 0.1276734481,
    "eps": 1.9,
    "epsdiluted": 1.88,
    "weightedAverageShsOut": 515169000,
    "weightedAverageShsOutDil": 520079000,
    "link": "https://www.sec.gov/Archives/edgar/data/1707925/000162828021020801/0001628280-21-020801-index.htm",
    "finalLink": "https://www.sec.gov/Archives/edgar/data/1707925/000162828021020801/lin-20210930.htm"
  },
  {
    "date": "2021-06-30",
    "symbol": "LIN",
    "reportedCurrency": "USD",
    "cik": "0001707925",
    "fillingDate": "2021-07-30",
    "acceptedDate": "2021-07-30 13:35:49",
    "calendarYear": "2021",
    "period": "Q2",
    "revenue": 7584000000,
    "costOfRevenue": 5365000000,
    "grossProfit": 2219000000,
    "grossProfitRatio": 0.2925896624,
    "researchAndDevelopmentExpenses": 34000000,
    "generalAndAdministrativeExpenses": 0,
    "sellingAndMarketingExpenses": 0,
    "sellingGeneralAndAdministrativeExpenses": 822000000,
    "otherExpenses": 0,
    "operatingExpenses": 856000000,
    "costAndExpenses": 6221000000,
    "interestIncome": 0,
    "interestExpense": 28000000,
    "depreciationAndAmortization": 1171000000,
    "ebitda": 2372000000,
    "ebitdaratio": 0.3127637131,
    "operatingIncome": 1363000000,
    "operatingIncomeRatio": 0.1797204641,
    "totalOtherIncomeExpensesNet": -153000000,
    "incomeBeforeTax": 1210000000,
    "incomeBeforeTaxRatio": 0.1595464135,
    "incomeTaxExpense": 334000000,
    "netIncome": 841000000,
    "netIncomeRatio": 0.1108913502,
    "eps": 1.62,
    "epsdiluted": 1.6,
    "weightedAverageShsOut": 518950000,
    "weightedAverageShsOutDil": 523723000,
    "link": "https://www.sec.gov/Archives/edgar/data/1707925/000162828021015013/0001628280-21-015013-index.htm",
    "finalLink": "https://www.sec.gov/Archives/edgar/data/1707925/000162828021015013/lin-20210630.htm"
  },
  {
    "date": "2021-03-31",
    "symbol": "LIN",
    "reportedCurrency": "USD",
    "cik": "0001707925",
    "fillingDate": "2021-05-06",
    "acceptedDate": "2021-05-06 13:15:34",
    "calendarYear": "2021",
    "period": "Q1",
    "revenue": 7243000000,
    "costOfRevenue": 5220000000,
    "grossProfit": 2023000000,
    "grossProfitRatio": 0.2793041557,
    "researchAndDevelopmentExpenses": 35000000,
    "generalAndAdministrativeExpenses": 0,
    "sellingAndMarketingExpenses": 0,
    "sellingGeneralAndAdministrativeExpenses": 787000000,
    "otherExpenses": 0,
    "operatingExpenses": 822000000,
    "costAndExpenses": 6042000000,
    "interestIncome": 0,
    "interestExpense": 39000000,
    "depreciationAndAmortization": 1166000000,
    "ebitda": 2447000000,
    "ebitdaratio": 0.337843435,
    "operatingIncome": 1201000000,
    "operatingIncomeRatio": 0.1658152699,
    "totalOtherIncomeExpensesNet": 84000000,
    "incomeBeforeTax": 1285000000,
    "incomeBeforeTaxRatio": 0.1774126743,
    "incomeTaxExpense": 268000000,
    "netIncome": 980000000,
    "netIncomeRatio": 0.1353030512,
    "eps": 1.87,
    "epsdiluted": 1.86,
    "weightedAverageShsOut": 522459000,
    "weightedAverageShsOutDil": 526927000,
    "link": "https://www.sec.gov/Archives/edgar/data/1707925/000162828021009226/0001628280-21-009226-index.htm",
    "finalLink": "https://www.sec.gov/Archives/edgar/data/1707925/000162828021009226/lin-20210331.htm"
  },
  {
    "date": "2020-12-31",
    "symbol": "LIN",
    "reportedCurrency": "USD",
    "cik": "0001707925",
    "fillingDate": "2021-03-01",
    "acceptedDate": "2021-03-01 13:29:25",
    "calendarYear": "2020",
    "period": "Q4",
    "revenue": 7272000000,
    "costOfRevenue": 5278000000,
    "grossProfit": 1994000000,
    "grossProfitRatio": 0.2742024202,
    "researchAndDevelopmentExpenses": 38000000,
    "generalAndAdministrativeExpenses": 0,
    "sellingAndMarketingExpenses": 0,
    "sellingGeneralAndAdministrativeExpenses": 802000000,
    "otherExpenses": 0,
    "operatingExpenses": 840000000,
    "costAndExpenses": 6118000000,
    "interestIncome": 0,
    "interestExpense": 141000000,
    "depreciationAndAmortization": 1192000000,
    "ebitda": 2373000000,
    "ebitdaratio": 0.326320132,
    "operatingIncome": 1154000000,
    "operatingIncomeRatio": 0.1586908691,
    "totalOtherIncomeExpensesNet": -98000000,
    "incomeBeforeTax": 1056000000,
    "incomeBeforeTaxRatio": 0.1452145215,
    "incomeTaxExpense": 253000000,
    "netIncome": 770000000,
    "netIncomeRatio": 0.1058855886,
    "eps": 1.47,
    "epsdiluted": 1.45,
    "weightedAverageShsOut": 524442000,
    "weightedAverageShsOutDil": 529038000,
    "link": "https://www.sec.gov/Archives/edgar/data/1707925/000162828021003574/0001628280-21-003574-index.htm",
    "finalLink": "https://www.sec.gov/Archives/edgar/data/1707925/000162828021003574/lin-20201231.htm"
  },
  {
    "date": "2020-09-30",
    "symbol": "LIN",
    "reportedCurrency": "USD",
    "cik": "0001707925",
    "fillingDate": "2020-11-05",
    "acceptedDate": "2020-11-05 14:18:10",
    "calendarYear": "2020",
    "period": "Q3",
    "revenue": 6855000000,
    "costOfRevenue": 5003000000,
    "grossProfit": 1852000000,
    "grossProfitRatio": 0.2701677608,
    "researchAndDevelopmentExpenses": 36000000,
    "generalAndAdministrativeExpenses": 0,
    "sellingAndMarketingExpenses": 0,
    "sellingGeneralAndAdministrativeExpenses": 770000000,
    "otherExpenses": 0,
    "operatingExpenses": 806000000,
    "costAndExpenses": 5809000000,
    "interestIncome": 13000000,
    "interestExpense": 0,
    "depreciationAndAmortization": 1168000000,
    "ebitda": 2140000000,
    "ebitdaratio": 0.3121808899,
    "operatingIncome": 1046000000,
    "operatingIncomeRatio": 0.1525893508,
    "totalOtherIncomeExpensesNet": -51000000,
    "incomeBeforeTax": 995000000,
    "incomeBeforeTaxRatio": 0.1451495259,
    "incomeTaxExpense": 265000000,
    "netIncome": 700000000,
    "netIncomeRatio": 0.1021152443,
    "eps": 1.33,
    "epsdiluted": 1.32,
    "weightedAverageShsOut": 525694000,
    "weightedAverageShsOutDil": 530415000,
    "link": "https://www.sec.gov/Archives/edgar/data/1707925/000162828020015678/0001628280-20-015678-index.htm",
    "finalLink": "https://www.sec.gov/Archives/edgar/data/1707925/000162828020015678/lin-20200930.htm"
  },
  {
    "date": "2020-06-30",
    "symbol": "LIN",
    "reportedCurrency": "USD",
    "cik": "0001707925",
    "fillingDate": "2020-07-31",
    "acceptedDate": "2020-07-31 09:30:53",
    "calendarYear": "2020",
    "period": "Q2",
    "revenue": 6377000000,
    "costOfRevenue": 4743000000,
    "grossProfit": 1634000000,
    "grossProfitRatio": 0.2562333386,
    "researchAndDevelopmentExpenses": 34000000,
    "generalAndAdministrativeExpenses": 0,
    "sellingAndMarketingExpenses": 0,
    "sellingGeneralAndAdministrativeExpenses": 760000000,
    "otherExpenses": 0,
    "operatingExpenses": 794000000,
    "costAndExpenses": 5537000000,
    "interestIncome": 0,
    "interestExpense": 77000000,
    "depreciationAndAmortization": 1124000000,
    "ebitda": 1819000000,
    "ebitdaratio": 0.2852438451,
    "operatingIncome": 840000000,
    "operatingIncomeRatio": 0.1317233809,
    "totalOtherIncomeExpensesNet": -193000000,
    "incomeBeforeTax": 647000000,
    "incomeBeforeTaxRatio": 0.101458366,
    "incomeTaxExpense": 164000000,
    "netIncome": 458000000,
    "netIncomeRatio": 0.0718206053,
    "eps": 0.87,
    "epsdiluted": 0.87,
    "weightedAverageShsOut": 525510000,
    "weightedAverageShsOutDil": 529054000,
    "link": "https://www.sec.gov/Archives/edgar/data/1707925/000162828020011079/0001628280-20-011079-index.htm",
    "finalLink": "https://www.sec.gov/Archives/edgar/data/1707925/000162828020011079/lin-20200630.htm"
  },
  {
    "date": "2020-03-31",
    "symbol": "LIN",
    "reportedCurrency": "USD",
    "cik": "0001707925",
    "fillingDate": "2020-05-07",
    "acceptedDate": "2020-05-07 14:23:30",
    "calendarYear": "2020",
    "period": "Q1",
    "revenue": 6739000000,
    "costOfRevenue": 4985000000,
    "grossProfit": 1754000000,
    "grossProfitRatio": 0.2602760053,
    "researchAndDevelopmentExpenses": 44000000,
    "generalAndAdministrativeExpenses": 0,
    "sellingAndMarketingExpenses": 0,
    "sellingGeneralAndAdministrativeExpenses": 861000000,
    "otherExpenses": 0,
    "operatingExpenses": 905000000,
    "costAndExpenses": 5890000000,
    "interestIncome": 0,
    "interestExpense": 41000000,
    "depreciationAndAmortization": 1142000000,
    "ebitda": 1937000000,
    "ebitdaratio": 0.2874313696,
    "operatingIncome": 849000000,
    "operatingIncomeRatio": 0.1259830835,
    "totalOtherIncomeExpensesNet": -78000000,
    "incomeBeforeTax": 771000000,
    "incomeBeforeTaxRatio": 0.114408666,
    "incomeTaxExpense": 165000000,
    "netIncome": 573000000,
    "netIncomeRatio": 0.0850274521,
    "eps": 1.07,
    "epsdiluted": 1.07,
    "weightedAverageShsOut": 531215000,
    "weightedAverageShsOutDil": 534956000,
    "link": "https://www.sec.gov/Archives/edgar/data/1707925/000170792520000047/0001707925-20-000047-index.htm",
    "finalLink": "https://www.sec.gov/Archives/edgar/data/1707925/000170792520000047/lin-q1202010q.htm"
  },
  {
    "date": "2019-12-31",
    "symbol": "LIN",
    "reportedCurrency": "USD",
    "cik": "0001707925",
    "fillingDate": "2020-03-02",
    "acceptedDate": "2020-03-02 15:19:05",
    "calendarYear": "2019",
    "period": "Q4",
    "revenue": 7080000000,
    "costOfRevenue": 5349000000,
    "grossProfit": 1731000000,
    "grossProfitRatio": 0.2444915254,
    "researchAndDevelopmentExpenses": 49000000,
    "generalAndAdministrativeExpenses": 0,
    "sellingAndMarketingExpenses": 0,
    "sellingGeneralAndAdministrativeExpenses": 844000000,
    "otherExpenses": 0,
    "operatingExpenses": 893000000,
    "costAndExpenses": 6242000000,
    "interestIncome": 0,
    "interestExpense": 1000000,
    "depreciationAndAmortization": 1162000000,
    "ebitda": 1835000000,
    "ebitdaratio": 0.259180791,
    "operatingIncome": 838000000,
    "operatingIncomeRatio": 0.1183615819,
    "totalOtherIncomeExpensesNet": -142000000,
    "incomeBeforeTax": 696000000,
    "incomeBeforeTaxRatio": 0.0983050847,
    "incomeTaxExpense": 162000000,
    "netIncome": 511000000,
    "netIncomeRatio": 0.0721751412,
    "eps": 0.95,
    "epsdiluted": 0.95,
    "weightedAverageShsOut": 536768000,
    "weightedAverageShsOutDil": 540919000,
    "link": "https://www.sec.gov/Archives/edgar/data/1707925/000170792520000015/0001707925-20-000015-index.htm",
    "finalLink": "https://www.sec.gov/Archives/edgar/data/1707925/000170792520000015/lin201910-k.htm"
  },
  {
    "date": "2019-09-30",
    "symbol": "LIN",
    "reportedCurrency": "USD",
    "cik": "0001707925",
    "fillingDate": "2019-11-12",
    "acceptedDate": "2019-11-12 13:35:58",
    "calendarYear": "2019",
    "period": "Q3",
    "revenue": 7000000000,
    "costOfRevenue": 5156000000,
    "grossProfit": 1844000000,
    "grossProfitRatio": 0.2634285714,
    "researchAndDevelopmentExpenses": 44000000,
    "generalAndAdministrativeExpenses": 0,
    "sellingAndMarketingExpenses": 0,
    "sellingGeneralAndAdministrativeExpenses": 850000000,
    "otherExpenses": 0,
    "operatingExpenses": 894000000,
    "costAndExpenses": 6050000000,
    "interestIncome": 0,
    "interestExpense": 232000000,
    "depreciationAndAmortization": 1095000000,
    "ebitda": 2328000000,
    "ebitdaratio": 0.3325714286,
    "operatingIncome": 950000000,
    "operatingIncomeRatio": 0.1357142857,
    "totalOtherIncomeExpensesNet": 79000000,
    "incomeBeforeTax": 1029000000,
    "incomeBeforeTaxRatio": 0.147,
    "incomeTaxExpense": 298000000,
    "netIncome": 735000000,
    "netIncomeRatio": 0.105,
    "eps": 1.36,
    "epsdiluted": 1.35,
    "weightedAverageShsOut": 539753000,
    "weightedAverageShsOutDil": 543616000,
    "link": "https://www.sec.gov/Archives/edgar/data/1707925/000170792519000076/0001707925-19-000076-index.htm",
    "finalLink": "https://www.sec.gov/Archives/edgar/data/1707925/000170792519000076/lin-q3201910q.htm"
  },
  {
    "date": "2019-06-30",
    "symbol": "LIN",
    "reportedCurrency": "USD",
    "cik": "0001707925",
    "fillingDate": "2019-08-09",
    "acceptedDate": "2019-08-09 13:24:49",
    "calendarYear": "2019",
    "period": "Q2",
    "revenue": 7204000000,
    "costOfRevenue": 5475000000,
    "grossProfit": 1729000000,
    "grossProfitRatio": 0.2400055525,
    "researchAndDevelopmentExpenses": 45000000,
    "generalAndAdministrativeExpenses": 0,
    "sellingAndMarketingExpenses": 0,
    "sellingGeneralAndAdministrativeExpenses": 884000000,
    "otherExpenses": 0,
    "operatingExpenses": 929000000,
    "costAndExpenses": 6404000000,
    "interestIncome": 90000000,
    "interestExpense": 0,
    "depreciationAndAmortization": 1195000000,
    "ebitda": 1878000000,
    "ebitdaratio": 0.2606885064,
    "operatingIncome": 800000000,
    "operatingIncomeRatio": 0.111049417,
    "totalOtherIncomeExpensesNet": -89000000,
    "incomeBeforeTax": 711000000,
    "incomeBeforeTaxRatio": 0.0986951694,
    "incomeTaxExpense": 169000000,
    "netIncome": 522000000,
    "netIncomeRatio": 0.0724597446,
    "eps": 0.97,
    "epsdiluted": 0.96,
    "weightedAverageShsOut": 542561000,
    "weightedAverageShsOutDil": 546488000,
    "link": "https://www.sec.gov/Archives/edgar/data/1707925/000170792519000059/0001707925-19-000059-index.htm",
    "finalLink": "https://www.sec.gov/Archives/edgar/data/1707925/000170792519000059/lin-q2201910q.htm"
  },
  {
    "date": "2019-03-31",
    "symbol": "LIN",
    "reportedCurrency": "USD",
    "cik": "0001707925",
    "fillingDate": "2019-05-10",
    "acceptedDate": "2019-05-10 13:38:14",
    "calendarYear": "2019",
    "period": "Q1",
    "revenue": 6944000000,
    "costOfRevenue": 5339000000,
    "grossProfit": 1605000000,
    "grossProfitRatio": 0.2311347926,
    "researchAndDevelopmentExpenses": 46000000,
    "generalAndAdministrativeExpenses": 0,
    "sellingAndMarketingExpenses": 0,
    "sellingGeneralAndAdministrativeExpenses": 879000000,
    "otherExpenses": 0,
    "operatingExpenses": 925000000,
    "costAndExpenses": 6264000000,
    "interestIncome": 0,
    "interestExpense": 244000000,
    "depreciationAndAmortization": 1223000000,
    "ebitda": 2038000000,
    "ebitdaratio": 0.2934907834,
    "operatingIncome": 680000000,
    "operatingIncomeRatio": 0.0979262673,
    "totalOtherIncomeExpensesNet": -75000000,
    "incomeBeforeTax": 605000000,
    "incomeBeforeTaxRatio": 0.087125576,
    "incomeTaxExpense": 140000000,
    "netIncome": 517000000,
    "netIncomeRatio": 0.074452765,
    "eps": 0.95,
    "epsdiluted": 0.94,
    "weightedAverageShsOut": 545554000,
    "weightedAverageShsOutDil": 549147000,
    "link": "https://www.sec.gov/Archives/edgar/data/1707925/000162828019006519/0001628280-19-006519-index.htm",
    "finalLink": "https://www.sec.gov/Archives/edgar/data/1707925/000162828019006519/lin-q1201910q.htm"
  },
  {
    "date": "2018-12-31",
    "symbol": "LIN",
    "reportedCurrency": "USD",
    "cik": "0001707925",
    "fillingDate": "2019-03-18",
    "acceptedDate": "2019-03-18 12:53:02",
    "calendarYear": "2018",
    "period": "Q4",
    "revenue": 5816000000,
    "costOfRevenue": 4872000000,
    "grossProfit": 944000000,
    "grossProfitRatio": 0.1623108666,
    "researchAndDevelopmentExpenses": 42000000,
    "generalAndAdministrativeExpenses": 0,
    "sellingAndMarketingExpenses": 0,
    "sellingGeneralAndAdministrativeExpenses": 718000000,
    "otherExpenses": 0,
    "operatingExpenses": 760000000,
    "costAndExpenses": 5632000000,
    "interestIncome": 58000000,
    "interestExpense": 0,
    "depreciationAndAmortization": 902000000,
    "ebitda": 4080000000,
    "ebitdaratio": 0.7015130674,
    "operatingIncome": 184000000,
    "operatingIncomeRatio": 0.0316368638,
    "totalOtherIncomeExpensesNet": 3008000000,
    "incomeBeforeTax": 3192000000,
    "incomeBeforeTaxRatio": 0.5488308116,
    "incomeTaxExpense": 355000000,
    "netIncome": 2978000000,
    "netIncomeRatio": 0.5120357634,
    "eps": 6.44,
    "epsdiluted": 6.44,
    "weightedAverageShsOut": 458204000,
    "weightedAverageShsOutDil": 462683000,
    "link": "https://www.sec.gov/Archives/edgar/data/1707925/000162828019003050/0001628280-19-003050-index.htm",
    "finalLink": "https://www.sec.gov/Archives/edgar/data/1707925/000162828019003050/plc201810-k.htm"
  },
  {
    "date": "2018-09-30",
    "symbol": "LIN",
    "reportedCurrency": "USD",
    "cik": "0001707925",
    "fillingDate": "2018-11-09",
    "acceptedDate": "2018-11-09 16:40:13",
    "calendarYear": "2018",
    "period": "Q3",
    "revenue": 3024000000,
    "costOfRevenue": 2020000000,
    "grossProfit": 1004000000,
    "grossProfitRatio": 0.332010582,
    "researchAndDevelopmentExpenses": 23000000,
    "generalAndAdministrativeExpenses": 0,
    "sellingAndMarketingExpenses": 0,
    "sellingGeneralAndAdministrativeExpenses": 294000000,
    "otherExpenses": 0,
    "operatingExpenses": 317000000,
    "costAndExpenses": 2337000000,
    "interestIncome": 0,
    "interestExpense": 57000000,
    "depreciationAndAmortization": 306000000,
    "ebitda": 986000000,
    "ebitdaratio": 0.3260582011,
    "operatingIncome": 687000000,
    "operatingIncomeRatio": 0.2271825397,
    "totalOtherIncomeExpensesNet": -51000000,
    "incomeBeforeTax": 636000000,
    "incomeBeforeTaxRatio": 0.2103174603,
    "incomeTaxExpense": 156000000,
    "netIncome": 461000000,
    "netIncomeRatio": 0.1524470899,
    "eps": 1.6,
    "epsdiluted": 1.58,
    "weightedAverageShsOut": 288093000,
    "weightedAverageShsOutDil": 291513000,
    "link": "https://www.sec.gov/Archives/edgar/data/1707925/000170792518000033/0001707925-18-000033-index.htm",
    "finalLink": "https://www.sec.gov/Archives/edgar/data/1707925/000170792518000033/lindeplcq3201810q.htm"
  },
  {
    "date": "2018-06-30",
    "symbol": "LIN",
    "reportedCurrency": "USD",
    "cik": "0001707925",
    "fillingDate": "2018-06-30",
    "acceptedDate": "2018-06-29 20:00:00",
    "calendarYear": "2018",
    "period": "Q2",
    "revenue": 3044000000,
    "costOfRevenue": 2017000000,
    "grossProfit": 1027000000,
    "grossProfitRatio": 0.3373850197,
    "researchAndDevelopmentExpenses": 24000000,
    "generalAndAdministrativeExpenses": 0,
    "sellingAndMarketingExpenses": 0,
    "sellingGeneralAndAdministrativeExpenses": 307000000,
    "otherExpenses": 0,
    "operatingExpenses": 331000000,
    "costAndExpenses": 2348000000,
    "interestIncome": 0,
    "interestExpense": 1000000,
    "depreciationAndAmortization": 311000000,
    "ebitda": 955000000,
    "ebitdaratio": 0.3137319317,
    "operatingIncome": 696000000,
    "operatingIncomeRatio": 0.2286465177,
    "totalOtherIncomeExpensesNet": -39000000,
    "incomeBeforeTax": 657000000,
    "incomeBeforeTaxRatio": 0.2158344284,
    "incomeTaxExpense": 158000000,
    "netIncome": 480000000,
    "netIncomeRatio": 0.1576872536,
    "eps": 1.67,
    "epsdiluted": 1.65,
    "weightedAverageShsOut": 287803000,
    "weightedAverageShsOutDil": 290908000,
    "link": "",
    "finalLink": ""
  },
  {
    "date": "2018-03-31",
    "symbol": "LIN",
    "reportedCurrency": "USD",
    "cik": "0001707925",
    "fillingDate": "2018-03-31",
    "acceptedDate": "2018-03-30 20:00:00",
    "calendarYear": "2018",
    "period": "Q1",
    "revenue": 2983000000,
    "costOfRevenue": 1972000000,
    "grossProfit": 1011000000,
    "grossProfitRatio": 0.3389205498,
    "researchAndDevelopmentExpenses": 24000000,
    "generalAndAdministrativeExpenses": 0,
    "sellingAndMarketingExpenses": 0,
    "sellingGeneralAndAdministrativeExpenses": 310000000,
    "otherExpenses": 0,
    "operatingExpenses": 334000000,
    "costAndExpenses": 2306000000,
    "interestIncome": 0,
    "interestExpense": 107000000,
    "depreciationAndAmortization": 311000000,
    "ebitda": 1023000000,
    "ebitdaratio": 0.3429433456,
    "operatingIncome": 677000000,
    "operatingIncomeRatio": 0.2269527321,
    "totalOtherIncomeExpensesNet": -57000000,
    "incomeBeforeTax": 620000000,
    "incomeBeforeTaxRatio": 0.2078444519,
    "incomeTaxExpense": 148000000,
    "netIncome": 462000000,
    "netIncomeRatio": 0.15487764,
    "eps": 1.61,
    "epsdiluted": 1.59,
    "weightedAverageShsOut": 287504000,
    "weightedAverageShsOutDil": 290809000,
    "link": "",
    "finalLink": ""
  },
  {
    "date": "2017-12-31",
    "symbol": "LIN",
    "reportedCurrency": "USD",
    "cik": "0001707925",
    "fillingDate": "2018-03-23",
    "acceptedDate": "2018-03-23 13:12:08",
    "calendarYear": "2017",
    "period": "Q4",
    "revenue": 2953000000,
    "costOfRevenue": 1968000000,
    "grossProfit": 985000000,
    "grossProfitRatio": 0.3335590924,
    "researchAndDevelopmentExpenses": 24000000,
    "generalAndAdministrativeExpenses": 0,
    "sellingAndMarketingExpenses": 0,
    "sellingGeneralAndAdministrativeExpenses": 312000000,
    "otherExpenses": 0,
    "operatingExpenses": 336000000,
    "costAndExpenses": 2304000000,
    "interestIncome": 0,
    "interestExpense": 34000000,
    "depreciationAndAmortization": 307000000,
    "ebitda": 936000000,
    "ebitdaratio": 0.3169657975,
    "operatingIncome": 649000000,
    "operatingIncomeRatio": 0.2197764985,
    "totalOtherIncomeExpensesNet": -42000000,
    "incomeBeforeTax": 607000000,
    "incomeBeforeTaxRatio": 0.2055536742,
    "incomeTaxExpense": 558000000,
    "netIncome": 33000000,
    "netIncomeRatio": 0.0111750762,
    "eps": 0.11,
    "epsdiluted": 0.11,
    "weightedAverageShsOut": 286976000,
    "weightedAverageShsOutDil": 290456000,
    "link": "https://www.sec.gov/Archives/edgar/data/1707925/000170792518000004/0001707925-18-000004-index.htm",
    "finalLink": "https://www.sec.gov/Archives/edgar/data/1707925/000170792518000004/lindeplc201710k.htm"
  },
  {
    "date": "2017-09-30",
    "symbol": "LIN",
    "reportedCurrency": "USD",
    "cik": "0001707925",
    "fillingDate": "2017-10-30",
    "acceptedDate": "2017-10-30 16:19:54",
    "calendarYear": "2017",
    "period": "Q3",
    "revenue": 2922000000,
    "costOfRevenue": 1950000000,
    "grossProfit": 972000000,
    "grossProfitRatio": 0.3326488706,
    "researchAndDevelopmentExpenses": 23000000,
    "generalAndAdministrativeExpenses": 0,
    "sellingAndMarketingExpenses": 0,
    "sellingGeneralAndAdministrativeExpenses": 300000000,
    "otherExpenses": 0,
    "operatingExpenses": 323000000,
    "costAndExpenses": 2273000000,
    "interestIncome": 0,
    "interestExpense": 60000000,
    "depreciationAndAmortization": 298000000,
    "ebitda": 943000000,
    "ebitdaratio": 0.3227241615,
    "operatingIncome": 649000000,
    "operatingIncomeRatio": 0.2221081451,
    "totalOtherIncomeExpensesNet": -52000000,
    "incomeBeforeTax": 597000000,
    "incomeBeforeTaxRatio": 0.204312115,
    "incomeTaxExpense": 162000000,
    "netIncome": 419000000,
    "netIncomeRatio": 0.143394935,
    "eps": 1.46,
    "epsdiluted": 1.45,
    "weightedAverageShsOut": 286467000,
    "weightedAverageShsOutDil": 289216000,
    "link": "https://www.sec.gov/Archives/edgar/data/1707925/000170792517000008/0001707925-17-000008-index.htm",
    "finalLink": "https://www.sec.gov/Archives/edgar/data/1707925/000170792517000008/lindeplcq3201710q.htm"
  },
  {
    "date": "2017-06-30",
    "symbol": "LIN",
    "reportedCurrency": "USD",
    "cik": "0001707925",
    "fillingDate": "2017-06-30",
    "acceptedDate": "2017-06-29 20:00:00",
    "calendarYear": "2017",
    "period": "Q2",
    "revenue": 2834000000,
    "costOfRevenue": 1891000000,
    "grossProfit": 943000000,
    "grossProfitRatio": 0.3327452364,
    "researchAndDevelopmentExpenses": 23000000,
    "generalAndAdministrativeExpenses": 0,
    "sellingAndMarketingExpenses": 0,
    "sellingGeneralAndAdministrativeExpenses": 305000000,
    "otherExpenses": 0,
    "operatingExpenses": 328000000,
    "costAndExpenses": 2219000000,
    "interestIncome": 0,
    "interestExpense": 68000000,
    "depreciationAndAmortization": 292000000,
    "ebitda": 928000000,
    "ebitdaratio": 0.3274523641,
    "operatingIncome": 615000000,
    "operatingIncomeRatio": 0.2170077629,
    "totalOtherIncomeExpensesNet": -38000000,
    "incomeBeforeTax": 577000000,
    "incomeBeforeTaxRatio": 0.2035991531,
    "incomeTaxExpense": 157000000,
    "netIncome": 406000000,
    "netIncomeRatio": 0.1432604093,
    "eps": 1.42,
    "epsdiluted": 1.41,
    "weightedAverageShsOut": 286090000,
    "weightedAverageShsOutDil": 288535000,
    "link": "",
    "finalLink": ""
  },
  {
    "date": "2017-03-31",
    "symbol": "LIN",
    "reportedCurrency": "USD",
    "cik": "0001707925",
    "fillingDate": "2017-03-31",
    "acceptedDate": "2017-03-30 20:00:00",
    "calendarYear": "2017",
    "period": "Q1",
    "revenue": 2728000000,
    "costOfRevenue": 1832000000,
    "grossProfit": 896000000,
    "grossProfitRatio": 0.3284457478,
    "researchAndDevelopmentExpenses": 23000000,
    "generalAndAdministrativeExpenses": 0,
    "sellingAndMarketingExpenses": 0,
    "sellingGeneralAndAdministrativeExpenses": 279000000,
    "otherExpenses": 0,
    "operatingExpenses": 302000000,
    "costAndExpenses": 2134000000,
    "interestIncome": 0,
    "interestExpense": 120000000,
    "depreciationAndAmortization": 287000000,
    "ebitda": 948000000,
    "ebitdaratio": 0.3475073314,
    "operatingIncome": 594000000,
    "operatingIncomeRatio": 0.2177419355,
    "totalOtherIncomeExpensesNet": -53000000,
    "incomeBeforeTax": 541000000,
    "incomeBeforeTaxRatio": 0.198313783,
    "incomeTaxExpense": 149000000,
    "netIncome": 389000000,
    "netIncomeRatio": 0.1425953079,
    "eps": 1.36,
    "epsdiluted": 1.35,
    "weightedAverageShsOut": 285509000,
    "weightedAverageShsOutDil": 287384000,
    "link": "",
    "finalLink": ""
  },
  {
    "date": "2016-12-31",
    "symbol": "LIN",
    "reportedCurrency": "USD",
    "cik": "0001707925",
    "fillingDate": "2016-12-31",
    "acceptedDate": "2016-12-30 19:00:00",
    "calendarYear": "2016",
    "period": "Q4",
    "revenue": 2644000000,
    "costOfRevenue": 1763000000,
    "grossProfit": 881000000,
    "grossProfitRatio": 0.3332072617,
    "researchAndDevelopmentExpenses": 23000000,
    "generalAndAdministrativeExpenses": 0,
    "sellingAndMarketingExpenses": 0,
    "sellingGeneralAndAdministrativeExpenses": 272000000,
    "otherExpenses": 0,
    "operatingExpenses": 295000000,
    "costAndExpenses": 2058000000,
    "interestIncome": 14000000,
    "interestExpense": 0,
    "depreciationAndAmortization": 285000000,
    "ebitda": 846000000,
    "ebitdaratio": 0.3199697428,
    "operatingIncome": 586000000,
    "operatingIncomeRatio": 0.221633888,
    "totalOtherIncomeExpensesNet": -25000000,
    "incomeBeforeTax": 561000000,
    "incomeBeforeTaxRatio": 0.2121785174,
    "incomeTaxExpense": 152000000,
    "netIncome": 406000000,
    "netIncomeRatio": 0.1535552194,
    "eps": 1.42,
    "epsdiluted": 1.41,
    "weightedAverageShsOut": 285720000,
    "weightedAverageShsOutDil": 287956000,
    "link": "",
    "finalLink": ""
  },
  {
    "date": "2016-09-30",
    "symbol": "LIN",
    "reportedCurrency": "USD",
    "cik": "0001707925",
    "fillingDate": "2016-09-30",
    "acceptedDate": "2016-09-29 20:00:00",
    "calendarYear": "2016",
    "period": "Q3",
    "revenue": 2716000000,
    "costOfRevenue": 1817000000,
    "grossProfit": 899000000,
    "grossProfitRatio": 0.3310014728,
    "researchAndDevelopmentExpenses": 22000000,
    "generalAndAdministrativeExpenses": 0,
    "sellingAndMarketingExpenses": 0,
    "sellingGeneralAndAdministrativeExpenses": 291000000,
    "otherExpenses": 0,
    "operatingExpenses": 313000000,
    "costAndExpenses": 2130000000,
    "interestIncome": 0,
    "interestExpense": 33000000,
    "depreciationAndAmortization": 284000000,
    "ebitda": 771000000,
    "ebitdaratio": 0.2838733432,
    "operatingIncome": 586000000,
    "operatingIncomeRatio": 0.2157584683,
    "totalOtherIncomeExpensesNet": -132000000,
    "incomeBeforeTax": 454000000,
    "incomeBeforeTaxRatio": 0.1671575847,
    "incomeTaxExpense": 120000000,
    "netIncome": 339000000,
    "netIncomeRatio": 0.1248159057,
    "eps": 1.19,
    "epsdiluted": 1.18,
    "weightedAverageShsOut": 285858000,
    "weightedAverageShsOutDil": 288195000,
    "link": "",
    "finalLink": ""
  },
  {
    "date": "2016-06-30",
    "symbol": "LIN",
    "reportedCurrency": "USD",
    "cik": "0001707925",
    "fillingDate": "2016-06-30",
    "acceptedDate": "2016-06-29 20:00:00",
    "calendarYear": "2016",
    "period": "Q2",
    "revenue": 2665000000,
    "costOfRevenue": 1468000000,
    "grossProfit": 1197000000,
    "grossProfitRatio": 0.4491557223,
    "researchAndDevelopmentExpenses": 24000000,
    "generalAndAdministrativeExpenses": 0,
    "sellingAndMarketingExpenses": 0,
    "sellingGeneralAndAdministrativeExpenses": 308000000,
    "otherExpenses": 277000000,
    "operatingExpenses": 609000000,
    "costAndExpenses": 2077000000,
    "interestIncome": 0,
    "interestExpense": 44000000,
    "depreciationAndAmortization": 281000000,
    "ebitda": 869000000,
    "ebitdaratio": 0.3260787992,
    "operatingIncome": 588000000,
    "operatingIncomeRatio": 0.2206378987,
    "totalOtherIncomeExpensesNet": -44000000,
    "incomeBeforeTax": 544000000,
    "incomeBeforeTaxRatio": 0.2041275797,
    "incomeTaxExpense": 146000000,
    "netIncome": 399000000,
    "netIncomeRatio": 0.1497185741,
    "eps": 1.4,
    "epsdiluted": 1.39,
    "weightedAverageShsOut": 285702000,
    "weightedAverageShsOutDil": 287727000,
    "link": "",
    "finalLink": ""
  },
  {
    "date": "2016-03-31",
    "symbol": "LIN",
    "reportedCurrency": "USD",
    "cik": "0001707925",
    "fillingDate": "2016-03-31",
    "acceptedDate": "2016-03-30 20:00:00",
    "calendarYear": "2016",
    "period": "Q1",
    "revenue": 2509000000,
    "costOfRevenue": 1381000000,
    "grossProfit": 1128000000,
    "grossProfitRatio": 0.4495815066,
    "researchAndDevelopmentExpenses": 23000000,
    "generalAndAdministrativeExpenses": 0,
    "sellingAndMarketingExpenses": 0,
    "sellingGeneralAndAdministrativeExpenses": 274000000,
    "otherExpenses": 277000000,
    "operatingExpenses": 574000000,
    "costAndExpenses": 1955000000,
    "interestIncome": 0,
    "interestExpense": 65000000,
    "depreciationAndAmortization": 272000000,
    "ebitda": 826000000,
    "ebitdaratio": 0.3292148266,
    "operatingIncome": 554000000,
    "operatingIncomeRatio": 0.2208051016,
    "totalOtherIncomeExpensesNet": -65000000,
    "incomeBeforeTax": 489000000,
    "incomeBeforeTaxRatio": 0.1948983659,
    "incomeTaxExpense": 133000000,
    "netIncome": 356000000,
    "netIncomeRatio": 0.1418891989,
    "eps": 1.25,
    "epsdiluted": 1.24,
    "weightedAverageShsOut": 285429000,
    "weightedAverageShsOutDil": 286665000,
    "link": "",
    "finalLink": ""
  },
  {
    "date": "2015-12-31",
    "symbol": "LIN",
    "reportedCurrency": "USD",
    "cik": "0001707925",
    "fillingDate": "2015-12-31",
    "acceptedDate": "2015-12-30 19:00:00",
    "calendarYear": "2015",
    "period": "Q4",
    "revenue": 2595000000,
    "costOfRevenue": 1426000000,
    "grossProfit": 1169000000,
    "grossProfitRatio": 0.4504816956,
    "researchAndDevelopmentExpenses": 23000000,
    "generalAndAdministrativeExpenses": 0,
    "sellingAndMarketingExpenses": 0,
    "sellingGeneralAndAdministrativeExpenses": 275000000,
    "otherExpenses": 247000000,
    "operatingExpenses": 545000000,
    "costAndExpenses": 1971000000,
    "interestIncome": 0,
    "interestExpense": 42000000,
    "depreciationAndAmortization": 275000000,
    "ebitda": 899000000,
    "ebitdaratio": 0.3464354528,
    "operatingIncome": 624000000,
    "operatingIncomeRatio": 0.2404624277,
    "totalOtherIncomeExpensesNet": -42000000,
    "incomeBeforeTax": 582000000,
    "incomeBeforeTaxRatio": 0.2242774566,
    "incomeTaxExpense": 163000000,
    "netIncome": 422000000,
    "netIncomeRatio": 0.1626204239,
    "eps": 1.48,
    "epsdiluted": 1.47,
    "weightedAverageShsOut": 285288000,
    "weightedAverageShsOutDil": 286856000,
    "link": "",
    "finalLink": ""
  },
  {
    "date": "2015-09-30",
    "symbol": "LIN",
    "reportedCurrency": "USD",
    "cik": "0001707925",
    "fillingDate": "2015-09-30",
    "acceptedDate": "2015-09-29 20:00:00",
    "calendarYear": "2015",
    "period": "Q3",
    "revenue": 2686000000,
    "costOfRevenue": 1488000000,
    "grossProfit": 1198000000,
    "grossProfitRatio": 0.4460163812,
    "researchAndDevelopmentExpenses": 23000000,
    "generalAndAdministrativeExpenses": 0,
    "sellingAndMarketingExpenses": 0,
    "sellingGeneralAndAdministrativeExpenses": 281000000,
    "otherExpenses": 300000000,
    "operatingExpenses": 604000000,
    "costAndExpenses": 2092000000,
    "interestIncome": 0,
    "interestExpense": 35000000,
    "depreciationAndAmortization": 276000000,
    "ebitda": 870000000,
    "ebitdaratio": 0.3239017126,
    "operatingIncome": 594000000,
    "operatingIncomeRatio": 0.2211466865,
    "totalOtherIncomeExpensesNet": -35000000,
    "incomeBeforeTax": 559000000,
    "incomeBeforeTaxRatio": 0.2081161579,
    "incomeTaxExpense": 156000000,
    "netIncome": 401000000,
    "netIncomeRatio": 0.1492926284,
    "eps": 1.4,
    "epsdiluted": 1.4,
    "weightedAverageShsOut": 285651000,
    "weightedAverageShsOutDil": 287311000,
    "link": "",
    "finalLink": ""
  },
  {
    "date": "2015-06-30",
    "symbol": "LIN",
    "reportedCurrency": "USD",
    "cik": "0001707925",
    "fillingDate": "2015-06-30",
    "acceptedDate": "2015-06-29 20:00:00",
    "calendarYear": "2015",
    "period": "Q2",
    "revenue": 2738000000,
    "costOfRevenue": 1516000000,
    "grossProfit": 1222000000,
    "grossProfitRatio": 0.446311176,
    "researchAndDevelopmentExpenses": 23000000,
    "generalAndAdministrativeExpenses": 0,
    "sellingAndMarketingExpenses": 0,
    "sellingGeneralAndAdministrativeExpenses": 297000000,
    "otherExpenses": 422000000,
    "operatingExpenses": 742000000,
    "costAndExpenses": 2258000000,
    "interestIncome": 0,
    "interestExpense": 40000000,
    "depreciationAndAmortization": 278000000,
    "ebitda": 758000000,
    "ebitdaratio": 0.276844412,
    "operatingIncome": 480000000,
    "operatingIncomeRatio": 0.1753104456,
    "totalOtherIncomeExpensesNet": -40000000,
    "incomeBeforeTax": 440000000,
    "incomeBeforeTaxRatio": 0.1607012418,
    "incomeTaxExpense": 131000000,
    "netIncome": 308000000,
    "netIncomeRatio": 0.1124908692,
    "eps": 1.07,
    "epsdiluted": 1.06,
    "weightedAverageShsOut": 287939000,
    "weightedAverageShsOutDil": 290102000,
    "link": "",
    "finalLink": ""
  },
  {
    "date": "2015-03-31",
    "symbol": "LIN",
    "reportedCurrency": "USD",
    "cik": "0001707925",
    "fillingDate": "2015-03-31",
    "acceptedDate": "2015-03-30 20:00:00",
    "calendarYear": "2015",
    "period": "Q1",
    "revenue": 2757000000,
    "costOfRevenue": 1530000000,
    "grossProfit": 1227000000,
    "grossProfitRatio": 0.4450489663,
    "researchAndDevelopmentExpenses": 24000000,
    "generalAndAdministrativeExpenses": 0,
    "sellingAndMarketingExpenses": 0,
    "sellingGeneralAndAdministrativeExpenses": 299000000,
    "otherExpenses": 281000000,
    "operatingExpenses": 604000000,
    "costAndExpenses": 2134000000,
    "interestIncome": 0,
    "interestExpense": 44000000,
    "depreciationAndAmortization": 277000000,
    "ebitda": 900000000,
    "ebitdaratio": 0.3264417845,
    "operatingIncome": 623000000,
    "operatingIncomeRatio": 0.2259702575,
    "totalOtherIncomeExpensesNet": -44000000,
    "incomeBeforeTax": 579000000,
    "incomeBeforeTaxRatio": 0.2100108814,
    "incomeTaxExpense": 162000000,
    "netIncome": 416000000,
    "netIncomeRatio": 0.1508886471,
    "eps": 1.44,
    "epsdiluted": 1.43,
    "weightedAverageShsOut": 289143000,
    "weightedAverageShsOutDil": 291652000,
    "link": "",
    "finalLink": ""
  },
  {
    "date": "2014-12-31",
    "symbol": "LIN",
    "reportedCurrency": "USD",
    "cik": "0001707925",
    "fillingDate": "2014-12-31",
    "acceptedDate": "2014-12-30 19:00:00",
    "calendarYear": "2014",
    "period": "Q4",
    "revenue": 2990000000,
    "costOfRevenue": 1689000000,
    "grossProfit": 1301000000,
    "grossProfitRatio": 0.4351170569,
    "researchAndDevelopmentExpenses": 24000000,
    "generalAndAdministrativeExpenses": 0,
    "sellingAndMarketingExpenses": 0,
    "sellingGeneralAndAdministrativeExpenses": 320000000,
    "otherExpenses": 432000000,
    "operatingExpenses": 776000000,
    "costAndExpenses": 2465000000,
    "interestIncome": 0,
    "interestExpense": 79000000,
    "depreciationAndAmortization": 291000000,
    "ebitda": 816000000,
    "ebitdaratio": 0.272909699,
    "operatingIncome": 525000000,
    "operatingIncomeRatio": 0.1755852843,
    "totalOtherIncomeExpensesNet": -79000000,
    "incomeBeforeTax": 446000000,
    "incomeBeforeTaxRatio": 0.1491638796,
    "incomeTaxExpense": 145000000,
    "netIncome": 302000000,
    "netIncomeRatio": 0.1010033445,
    "eps": 1.04,
    "epsdiluted": 1.03,
    "weightedAverageShsOut": 290667000,
    "weightedAverageShsOutDil": 293555000,
    "link": "",
    "finalLink": ""
  },
  {
    "date": "2014-09-30",
    "symbol": "LIN",
    "reportedCurrency": "USD",
    "cik": "0001707925",
    "fillingDate": "2014-09-30",
    "acceptedDate": "2014-09-29 20:00:00",
    "calendarYear": "2014",
    "period": "Q3",
    "revenue": 3144000000,
    "costOfRevenue": 1780000000,
    "grossProfit": 1364000000,
    "grossProfitRatio": 0.4338422392,
    "researchAndDevelopmentExpenses": 25000000,
    "generalAndAdministrativeExpenses": 0,
    "sellingAndMarketingExpenses": 0,
    "sellingGeneralAndAdministrativeExpenses": 327000000,
    "otherExpenses": 301000000,
    "operatingExpenses": 653000000,
    "costAndExpenses": 2433000000,
    "interestIncome": 0,
    "interestExpense": 45000000,
    "depreciationAndAmortization": 301000000,
    "ebitda": 1012000000,
    "ebitdaratio": 0.3218829517,
    "operatingIncome": 711000000,
    "operatingIncomeRatio": 0.2261450382,
    "totalOtherIncomeExpensesNet": -45000000,
    "incomeBeforeTax": 666000000,
    "incomeBeforeTaxRatio": 0.2118320611,
    "incomeTaxExpense": 187000000,
    "netIncome": 477000000,
    "netIncomeRatio": 0.1517175573,
    "eps": 1.63,
    "epsdiluted": 1.62,
    "weightedAverageShsOut": 292170000,
    "weightedAverageShsOutDil": 295239000,
    "link": "",
    "finalLink": ""
  },
  {
    "date": "2014-06-30",
    "symbol": "LIN",
    "reportedCurrency": "USD",
    "cik": "0001707925",
    "fillingDate": "2014-06-30",
    "acceptedDate": "2014-06-29 20:00:00",
    "calendarYear": "2014",
    "period": "Q2",
    "revenue": 3113000000,
    "costOfRevenue": 1767000000,
    "grossProfit": 1346000000,
    "grossProfitRatio": 0.4323803405,
    "researchAndDevelopmentExpenses": 24000000,
    "generalAndAdministrativeExpenses": 0,
    "sellingAndMarketingExpenses": 0,
    "sellingGeneralAndAdministrativeExpenses": 335000000,
    "otherExpenses": 290000000,
    "operatingExpenses": 649000000,
    "costAndExpenses": 2416000000,
    "interestIncome": 0,
    "interestExpense": 43000000,
    "depreciationAndAmortization": 293000000,
    "ebitda": 990000000,
    "ebitdaratio": 0.3180212014,
    "operatingIncome": 697000000,
    "operatingIncomeRatio": 0.2238997751,
    "totalOtherIncomeExpensesNet": -43000000,
    "incomeBeforeTax": 654000000,
    "incomeBeforeTaxRatio": 0.2100867331,
    "incomeTaxExpense": 183000000,
    "netIncome": 467000000,
    "netIncomeRatio": 0.1500160617,
    "eps": 1.59,
    "epsdiluted": 1.58,
    "weightedAverageShsOut": 292945000,
    "weightedAverageShsOutDil": 295976000,
    "link": "",
    "finalLink": ""
  },
  {
    "date": "2014-03-31",
    "symbol": "LIN",
    "reportedCurrency": "USD",
    "cik": "0001707925",
    "fillingDate": "2014-03-31",
    "acceptedDate": "2014-03-30 20:00:00",
    "calendarYear": "2014",
    "period": "Q1",
    "revenue": 3026000000,
    "costOfRevenue": 1726000000,
    "grossProfit": 1300000000,
    "grossProfitRatio": 0.4296100463,
    "researchAndDevelopmentExpenses": 23000000,
    "generalAndAdministrativeExpenses": 0,
    "sellingAndMarketingExpenses": 0,
    "sellingGeneralAndAdministrativeExpenses": 326000000,
    "otherExpenses": 276000000,
    "operatingExpenses": 625000000,
    "costAndExpenses": 2351000000,
    "interestIncome": 0,
    "interestExpense": 46000000,
    "depreciationAndAmortization": 285000000,
    "ebitda": 960000000,
    "ebitdaratio": 0.3172504957,
    "operatingIncome": 675000000,
    "operatingIncomeRatio": 0.2230667548,
    "totalOtherIncomeExpensesNet": -46000000,
    "incomeBeforeTax": 629000000,
    "incomeBeforeTaxRatio": 0.2078651685,
    "incomeTaxExpense": 176000000,
    "netIncome": 448000000,
    "netIncomeRatio": 0.1480502313,
    "eps": 1.52,
    "epsdiluted": 1.51,
    "weightedAverageShsOut": 294195000,
    "weightedAverageShsOutDil": 297253000,
    "link": "",
    "finalLink": ""
  },
  {
    "date": "2013-12-31",
    "symbol": "LIN",
    "reportedCurrency": "USD",
    "cik": "0001707925",
    "fillingDate": "2013-12-31",
    "acceptedDate": "2013-12-30 19:00:00",
    "calendarYear": "2013",
    "period": "Q4",
    "revenue": 3010000000,
    "costOfRevenue": 1699000000,
    "grossProfit": 1311000000,
    "grossProfitRatio": 0.4355481728,
    "researchAndDevelopmentExpenses": 26000000,
    "generalAndAdministrativeExpenses": 0,
    "sellingAndMarketingExpenses": 0,
    "sellingGeneralAndAdministrativeExpenses": 332000000,
    "otherExpenses": 263000000,
    "operatingExpenses": 621000000,
    "costAndExpenses": 2320000000,
    "interestIncome": 0,
    "interestExpense": 60000000,
    "depreciationAndAmortization": 287000000,
    "ebitda": 981000000,
    "ebitdaratio": 0.3259136213,
    "operatingIncome": 690000000,
    "operatingIncomeRatio": 0.2292358804,
    "totalOtherIncomeExpensesNet": -56000000,
    "incomeBeforeTax": 634000000,
    "incomeBeforeTaxRatio": 0.2106312292,
    "incomeTaxExpense": 136000000,
    "netIncome": 474000000,
    "netIncomeRatio": 0.1574750831,
    "eps": 1.61,
    "epsdiluted": 1.59,
    "weightedAverageShsOut": 294697000,
    "weightedAverageShsOutDil": 298225000,
    "link": "",
    "finalLink": ""
  },
  {
    "date": "2013-09-30",
    "symbol": "LIN",
    "reportedCurrency": "USD",
    "cik": "0001707925",
    "fillingDate": "2013-09-30",
    "acceptedDate": "2013-09-29 20:00:00",
    "calendarYear": "2013",
    "period": "Q3",
    "revenue": 3013000000,
    "costOfRevenue": 1697000000,
    "grossProfit": 1316000000,
    "grossProfitRatio": 0.4367739794,
    "researchAndDevelopmentExpenses": 24000000,
    "generalAndAdministrativeExpenses": 0,
    "sellingAndMarketingExpenses": 0,
    "sellingGeneralAndAdministrativeExpenses": 336000000,
    "otherExpenses": 286000000,
    "operatingExpenses": 646000000,
    "costAndExpenses": 2343000000,
    "interestIncome": 0,
    "interestExpense": 41000000,
    "depreciationAndAmortization": 281000000,
    "ebitda": 951000000,
    "ebitdaratio": 0.3156322602,
    "operatingIncome": 670000000,
    "operatingIncomeRatio": 0.2223697312,
    "totalOtherIncomeExpensesNet": -41000000,
    "incomeBeforeTax": 629000000,
    "incomeBeforeTaxRatio": 0.2087620312,
    "incomeTaxExpense": 175000000,
    "netIncome": 445000000,
    "netIncomeRatio": 0.1476933289,
    "eps": 1.51,
    "epsdiluted": 1.49,
    "weightedAverageShsOut": 295124000,
    "weightedAverageShsOutDil": 298357000,
    "link": "",
    "finalLink": ""
  },
  {
    "date": "2013-06-30",
    "symbol": "LIN",
    "reportedCurrency": "USD",
    "cik": "0001707925",
    "fillingDate": "2013-06-30",
    "acceptedDate": "2013-06-29 20:00:00",
    "calendarYear": "2013",
    "period": "Q2",
    "revenue": 3014000000,
    "costOfRevenue": 1710000000,
    "grossProfit": 1304000000,
    "grossProfitRatio": 0.4326476443,
    "researchAndDevelopmentExpenses": 24000000,
    "generalAndAdministrativeExpenses": 0,
    "sellingAndMarketingExpenses": 0,
    "sellingGeneralAndAdministrativeExpenses": 344000000,
    "otherExpenses": 271000000,
    "operatingExpenses": 639000000,
    "costAndExpenses": 2349000000,
    "interestIncome": 0,
    "interestExpense": 41000000,
    "depreciationAndAmortization": 275000000,
    "ebitda": 940000000,
    "ebitdaratio": 0.3118779031,
    "operatingIncome": 665000000,
    "operatingIncomeRatio": 0.2206370272,
    "totalOtherIncomeExpensesNet": -41000000,
    "incomeBeforeTax": 624000000,
    "incomeBeforeTaxRatio": 0.2070338421,
    "incomeTaxExpense": 174000000,
    "netIncome": 445000000,
    "netIncomeRatio": 0.1476443265,
    "eps": 1.5,
    "epsdiluted": 1.49,
    "weightedAverageShsOut": 295668000,
    "weightedAverageShsOutDil": 298654000,
    "link": "",
    "finalLink": ""
  },
  {
    "date": "2013-03-31",
    "symbol": "LIN",
    "reportedCurrency": "USD",
    "cik": "0001707925",
    "fillingDate": "2013-03-31",
    "acceptedDate": "2013-03-30 20:00:00",
    "calendarYear": "2013",
    "period": "Q1",
    "revenue": 2888000000,
    "costOfRevenue": 1638000000,
    "grossProfit": 1250000000,
    "grossProfitRatio": 0.4328254848,
    "researchAndDevelopmentExpenses": 24000000,
    "generalAndAdministrativeExpenses": 0,
    "sellingAndMarketingExpenses": 0,
    "sellingGeneralAndAdministrativeExpenses": 337000000,
    "otherExpenses": 289000000,
    "operatingExpenses": 650000000,
    "costAndExpenses": 2288000000,
    "interestIncome": 0,
    "interestExpense": 40000000,
    "depreciationAndAmortization": 266000000,
    "ebitda": 866000000,
    "ebitdaratio": 0.2998614958,
    "operatingIncome": 600000000,
    "operatingIncomeRatio": 0.2077562327,
    "totalOtherIncomeExpensesNet": -40000000,
    "incomeBeforeTax": 560000000,
    "incomeBeforeTaxRatio": 0.1939058172,
    "incomeTaxExpense": 164000000,
    "netIncome": 391000000,
    "netIncomeRatio": 0.1353878116,
    "eps": 1.32,
    "epsdiluted": 1.3,
    "weightedAverageShsOut": 296604000,
    "weightedAverageShsOutDil": 299700000,
    "link": "",
    "finalLink": ""
  },
  {
    "date": "2012-12-31",
    "symbol": "LIN",
    "reportedCurrency": "USD",
    "cik": "0001707925",
    "fillingDate": "2012-12-31",
    "acceptedDate": "2012-12-30 19:00:00",
    "calendarYear": "2012",
    "period": "Q4",
    "revenue": 2799000000,
    "costOfRevenue": 1583000000,
    "grossProfit": 1216000000,
    "grossProfitRatio": 0.4344408717,
    "researchAndDevelopmentExpenses": 25000000,
    "generalAndAdministrativeExpenses": 0,
    "sellingAndMarketingExpenses": 0,
    "sellingGeneralAndAdministrativeExpenses": 319000000,
    "otherExpenses": 256000000,
    "operatingExpenses": 600000000,
    "costAndExpenses": 2183000000,
    "interestIncome": 0,
    "interestExpense": 50000000,
    "depreciationAndAmortization": 254000000,
    "ebitda": 885000000,
    "ebitdaratio": 0.3161843516,
    "operatingIncome": 616000000,
    "operatingIncomeRatio": 0.2200785995,
    "totalOtherIncomeExpensesNet": -35000000,
    "incomeBeforeTax": 581000000,
    "incomeBeforeTaxRatio": 0.2075741336,
    "incomeTaxExpense": 162000000,
    "netIncome": 414000000,
    "netIncomeRatio": 0.1479099678,
    "eps": 1.4,
    "epsdiluted": 1.38,
    "weightedAverageShsOut": 296887000,
    "weightedAverageShsOutDil": 300224000,
    "link": "",
    "finalLink": ""
  },
  {
    "date": "2012-09-30",
    "symbol": "LIN",
    "reportedCurrency": "USD",
    "cik": "0001707925",
    "fillingDate": "2012-09-30",
    "acceptedDate": "2012-09-29 20:00:00",
    "calendarYear": "2012",
    "period": "Q3",
    "revenue": 2774000000,
    "costOfRevenue": 1595000000,
    "grossProfit": 1179000000,
    "grossProfitRatio": 0.4250180245,
    "researchAndDevelopmentExpenses": 24000000,
    "generalAndAdministrativeExpenses": 0,
    "sellingAndMarketingExpenses": 0,
    "sellingGeneralAndAdministrativeExpenses": 306000000,
    "otherExpenses": 291000000,
    "operatingExpenses": 621000000,
    "costAndExpenses": 2216000000,
    "interestIncome": 0,
    "interestExpense": 36000000,
    "depreciationAndAmortization": 248000000,
    "ebitda": 806000000,
    "ebitdaratio": 0.290555155,
    "operatingIncome": 558000000,
    "operatingIncomeRatio": 0.2011535689,
    "totalOtherIncomeExpensesNet": -36000000,
    "incomeBeforeTax": 522000000,
    "incomeBeforeTaxRatio": 0.1881759193,
    "incomeTaxExpense": 90000000,
    "netIncome": 430000000,
    "netIncomeRatio": 0.1550108147,
    "eps": 1.44,
    "epsdiluted": 1.43,
    "weightedAverageShsOut": 298416000,
    "weightedAverageShsOutDil": 301731000,
    "link": "",
    "finalLink": ""
  },
  {
    "date": "2012-06-30",
    "symbol": "LIN",
    "reportedCurrency": "USD",
    "cik": "0001707925",
    "fillingDate": "2012-06-30",
    "acceptedDate": "2012-06-29 20:00:00",
    "calendarYear": "2012",
    "period": "Q2",
    "revenue": 2811000000,
    "costOfRevenue": 1602000000,
    "grossProfit": 1209000000,
    "grossProfitRatio": 0.4300960512,
    "researchAndDevelopmentExpenses": 25000000,
    "generalAndAdministrativeExpenses": 0,
    "sellingAndMarketingExpenses": 0,
    "sellingGeneralAndAdministrativeExpenses": 310000000,
    "otherExpenses": 238000000,
    "operatingExpenses": 573000000,
    "costAndExpenses": 2175000000,
    "interestIncome": 0,
    "interestExpense": 33000000,
    "depreciationAndAmortization": 247000000,
    "ebitda": 883000000,
    "ebitdaratio": 0.3141230879,
    "operatingIncome": 636000000,
    "operatingIncomeRatio": 0.2262540021,
    "totalOtherIncomeExpensesNet": -33000000,
    "incomeBeforeTax": 603000000,
    "incomeBeforeTaxRatio": 0.2145144077,
    "incomeTaxExpense": 169000000,
    "netIncome": 429000000,
    "netIncomeRatio": 0.1526147279,
    "eps": 1.43,
    "epsdiluted": 1.42,
    "weightedAverageShsOut": 298885000,
    "weightedAverageShsOutDil": 302492000,
    "link": "",
    "finalLink": ""
  },
  {
    "date": "2012-03-31",
    "symbol": "LIN",
    "reportedCurrency": "USD",
    "cik": "0001707925",
    "fillingDate": "2012-03-31",
    "acceptedDate": "2012-03-30 20:00:00",
    "calendarYear": "2012",
    "period": "Q1",
    "revenue": 2840000000,
    "costOfRevenue": 1616000000,
    "grossProfit": 1224000000,
    "grossProfitRatio": 0.4309859155,
    "researchAndDevelopmentExpenses": 24000000,
    "generalAndAdministrativeExpenses": 0,
    "sellingAndMarketingExpenses": 0,
    "sellingGeneralAndAdministrativeExpenses": 335000000,
    "otherExpenses": 238000000,
    "operatingExpenses": 597000000,
    "costAndExpenses": 2213000000,
    "interestIncome": 0,
    "interestExpense": 37000000,
    "depreciationAndAmortization": 252000000,
    "ebitda": 879000000,
    "ebitdaratio": 0.3095070423,
    "operatingIncome": 627000000,
    "operatingIncomeRatio": 0.2207746479,
    "totalOtherIncomeExpensesNet": -37000000,
    "incomeBeforeTax": 590000000,
    "incomeBeforeTaxRatio": 0.2077464789,
    "incomeTaxExpense": 165000000,
    "netIncome": 419000000,
    "netIncomeRatio": 0.1475352113,
    "eps": 1.4,
    "epsdiluted": 1.38,
    "weightedAverageShsOut": 299077000,
    "weightedAverageShsOutDil": 302876000,
    "link": "",
    "finalLink": ""
  },
  {
    "date": "2011-12-31",
    "symbol": "LIN",
    "reportedCurrency": "USD",
    "cik": "0001707925",
    "fillingDate": "2011-12-31",
    "acceptedDate": "2011-12-30 19:00:00",
    "calendarYear": "2011",
    "period": "Q4",
    "revenue": 2796000000,
    "costOfRevenue": 1598000000,
    "grossProfit": 1198000000,
    "grossProfitRatio": 0.4284692418,
    "researchAndDevelopmentExpenses": 23000000,
    "generalAndAdministrativeExpenses": 0,
    "sellingAndMarketingExpenses": 0,
    "sellingGeneralAndAdministrativeExpenses": 315000000,
    "otherExpenses": 242000000,
    "operatingExpenses": 580000000,
    "costAndExpenses": 2178000000,
    "interestIncome": 0,
    "interestExpense": 38000000,
    "depreciationAndAmortization": 249000000,
    "ebitda": 867000000,
    "ebitdaratio": 0.3100858369,
    "operatingIncome": 618000000,
    "operatingIncomeRatio": 0.2210300429,
    "totalOtherIncomeExpensesNet": -38000000,
    "incomeBeforeTax": 580000000,
    "incomeBeforeTaxRatio": 0.2074391989,
    "incomeTaxExpense": -1126000000,
    "netIncome": 420000000,
    "netIncomeRatio": 0.1502145923,
    "eps": 1.39,
    "epsdiluted": 1.39,
    "weightedAverageShsOut": 299573000,
    "weightedAverageShsOutDil": 301594000,
    "link": "",
    "finalLink": ""
  },
  {
    "date": "2011-09-30",
    "symbol": "LIN",
    "reportedCurrency": "USD",
    "cik": "0001707925",
    "fillingDate": "2011-09-30",
    "acceptedDate": "2011-09-29 20:00:00",
    "calendarYear": "2011",
    "period": "Q3",
    "revenue": 2896000000,
    "costOfRevenue": 1684000000,
    "grossProfit": 1212000000,
    "grossProfitRatio": 0.4185082873,
    "researchAndDevelopmentExpenses": 22000000,
    "generalAndAdministrativeExpenses": 0,
    "sellingAndMarketingExpenses": 0,
    "sellingGeneralAndAdministrativeExpenses": 307000000,
    "otherExpenses": 251000000,
    "operatingExpenses": 580000000,
    "costAndExpenses": 2264000000,
    "interestIncome": 0,
    "interestExpense": 36000000,
    "depreciationAndAmortization": 256000000,
    "ebitda": 888000000,
    "ebitdaratio": 0.3066298343,
    "operatingIncome": 632000000,
    "operatingIncomeRatio": 0.2182320442,
    "totalOtherIncomeExpensesNet": -36000000,
    "incomeBeforeTax": 596000000,
    "incomeBeforeTaxRatio": 0.205801105,
    "incomeTaxExpense": 166000000,
    "netIncome": 429000000,
    "netIncomeRatio": 0.1481353591,
    "eps": 1.42,
    "epsdiluted": 1.4,
    "weightedAverageShsOut": 301594000,
    "weightedAverageShsOutDil": 305623000,
    "link": "",
    "finalLink": ""
  },
  {
    "date": "2011-06-30",
    "symbol": "LIN",
    "reportedCurrency": "USD",
    "cik": "0001707925",
    "fillingDate": "2011-06-30",
    "acceptedDate": "2011-06-29 20:00:00",
    "calendarYear": "2011",
    "period": "Q2",
    "revenue": 2858000000,
    "costOfRevenue": 1640000000,
    "grossProfit": 1218000000,
    "grossProfitRatio": 0.4261721484,
    "researchAndDevelopmentExpenses": 23000000,
    "generalAndAdministrativeExpenses": 0,
    "sellingAndMarketingExpenses": 0,
    "sellingGeneralAndAdministrativeExpenses": 309000000,
    "otherExpenses": 259000000,
    "operatingExpenses": 591000000,
    "costAndExpenses": 2231000000,
    "interestIncome": 0,
    "interestExpense": 36000000,
    "depreciationAndAmortization": 254000000,
    "ebitda": 881000000,
    "ebitdaratio": 0.3082575227,
    "operatingIncome": 627000000,
    "operatingIncomeRatio": 0.2193841847,
    "totalOtherIncomeExpensesNet": -36000000,
    "incomeBeforeTax": 591000000,
    "incomeBeforeTaxRatio": 0.2067879636,
    "incomeTaxExpense": 163000000,
    "netIncome": 425000000,
    "netIncomeRatio": 0.1487053884,
    "eps": 1.4,
    "epsdiluted": 1.38,
    "weightedAverageShsOut": 303709000,
    "weightedAverageShsOutDil": 308253000,
    "link": "",
    "finalLink": ""
  },
  {
    "date": "2011-03-31",
    "symbol": "LIN",
    "reportedCurrency": "USD",
    "cik": "0001707925",
    "fillingDate": "2011-03-31",
    "acceptedDate": "2011-03-30 20:00:00",
    "calendarYear": "2011",
    "period": "Q1",
    "revenue": 2702000000,
    "costOfRevenue": 1536000000,
    "grossProfit": 1166000000,
    "grossProfitRatio": 0.4315321984,
    "researchAndDevelopmentExpenses": 22000000,
    "generalAndAdministrativeExpenses": 0,
    "sellingAndMarketingExpenses": 0,
    "sellingGeneralAndAdministrativeExpenses": 308000000,
    "otherExpenses": 245000000,
    "operatingExpenses": 575000000,
    "costAndExpenses": 2111000000,
    "interestIncome": 0,
    "interestExpense": 35000000,
    "depreciationAndAmortization": 244000000,
    "ebitda": 844000000,
    "ebitdaratio": 0.3123612139,
    "operatingIncome": 591000000,
    "operatingIncomeRatio": 0.218726869,
    "totalOtherIncomeExpensesNet": -26000000,
    "incomeBeforeTax": 565000000,
    "incomeBeforeTaxRatio": 0.2091043671,
    "incomeTaxExpense": 156000000,
    "netIncome": 398000000,
    "netIncomeRatio": 0.1472982976,
    "eps": 1.31,
    "epsdiluted": 1.29,
    "weightedAverageShsOut": 304071000,
    "weightedAverageShsOutDil": 308595000,
    "link": "",
    "finalLink": ""
  },
  {
    "date": "2010-12-31",
    "symbol": "LIN",
    "reportedCurrency": "USD",
    "cik": "0001707925",
    "fillingDate": "2010-12-31",
    "acceptedDate": "2010-12-30 19:00:00",
    "calendarYear": "2010",
    "period": "Q4",
    "revenue": 2623000000,
    "costOfRevenue": 1492000000,
    "grossProfit": 1131000000,
    "grossProfitRatio": 0.4311856653,
    "researchAndDevelopmentExpenses": 23000000,
    "generalAndAdministrativeExpenses": 0,
    "sellingAndMarketingExpenses": 0,
    "sellingGeneralAndAdministrativeExpenses": 301000000,
    "otherExpenses": 302000000,
    "operatingExpenses": 626000000,
    "costAndExpenses": 2118000000,
    "interestIncome": 0,
    "interestExpense": 28000000,
    "depreciationAndAmortization": 240000000,
    "ebitda": 745000000,
    "ebitdaratio": 0.2840259245,
    "operatingIncome": 505000000,
    "operatingIncomeRatio": 0.1925276401,
    "totalOtherIncomeExpensesNet": -28000000,
    "incomeBeforeTax": 477000000,
    "incomeBeforeTaxRatio": 0.1818528403,
    "incomeTaxExpense": 346000000,
    "netIncome": 133000000,
    "netIncomeRatio": 0.0507052993,
    "eps": 0.43,
    "epsdiluted": 0.43,
    "weightedAverageShsOut": 306135000,
    "weightedAverageShsOutDil": 307127000,
    "link": "",
    "finalLink": ""
  },
  {
    "date": "2010-09-30",
    "symbol": "LIN",
    "reportedCurrency": "USD",
    "cik": "0001707925",
    "fillingDate": "2010-09-30",
    "acceptedDate": "2010-09-29 20:00:00",
    "calendarYear": "2010",
    "period": "Q3",
    "revenue": 2538000000,
    "costOfRevenue": 1444000000,
    "grossProfit": 1094000000,
    "grossProfitRatio": 0.4310480693,
    "researchAndDevelopmentExpenses": 19000000,
    "generalAndAdministrativeExpenses": 0,
    "sellingAndMarketingExpenses": 0,
    "sellingGeneralAndAdministrativeExpenses": 299000000,
    "otherExpenses": 225000000,
    "operatingExpenses": 543000000,
    "costAndExpenses": 1987000000,
    "interestIncome": 0,
    "interestExpense": 29000000,
    "depreciationAndAmortization": 227000000,
    "ebitda": 778000000,
    "ebitdaratio": 0.3065405831,
    "operatingIncome": 551000000,
    "operatingIncomeRatio": 0.2171000788,
    "totalOtherIncomeExpensesNet": -29000000,
    "incomeBeforeTax": 522000000,
    "incomeBeforeTaxRatio": 0.2056737589,
    "incomeTaxExpense": 146000000,
    "netIncome": 377000000,
    "netIncomeRatio": 0.1485421592,
    "eps": 1.22,
    "epsdiluted": 1.21,
    "weightedAverageShsOut": 307127000,
    "weightedAverageShsOutDil": 311608000,
    "link": "",
    "finalLink": ""
  },
  {
    "date": "2010-06-30",
    "symbol": "LIN",
    "reportedCurrency": "USD",
    "cik": "0001707925",
    "fillingDate": "2010-06-30",
    "acceptedDate": "2010-06-29 20:00:00",
    "calendarYear": "2010",
    "period": "Q2",
    "revenue": 2527000000,
    "costOfRevenue": 1437000000,
    "grossProfit": 1090000000,
    "grossProfitRatio": 0.4313415117,
    "researchAndDevelopmentExpenses": 19000000,
    "generalAndAdministrativeExpenses": 0,
    "sellingAndMarketingExpenses": 0,
    "sellingGeneralAndAdministrativeExpenses": 302000000,
    "otherExpenses": 222000000,
    "operatingExpenses": 543000000,
    "costAndExpenses": 1980000000,
    "interestIncome": 0,
    "interestExpense": 29000000,
    "depreciationAndAmortization": 230000000,
    "ebitda": 777000000,
    "ebitdaratio": 0.3074792244,
    "operatingIncome": 547000000,
    "operatingIncomeRatio": 0.2164622082,
    "totalOtherIncomeExpensesNet": -29000000,
    "incomeBeforeTax": 518000000,
    "incomeBeforeTaxRatio": 0.2049861496,
    "incomeTaxExpense": 145000000,
    "netIncome": 371000000,
    "netIncomeRatio": 0.1468144044,
    "eps": 1.21,
    "epsdiluted": 1.19,
    "weightedAverageShsOut": 306826000,
    "weightedAverageShsOutDil": 311109000,
    "link": "",
    "finalLink": ""
  },
  {
    "date": "2010-03-31",
    "symbol": "LIN",
    "reportedCurrency": "USD",
    "cik": "0001707925",
    "fillingDate": "2010-03-31",
    "acceptedDate": "2010-03-30 20:00:00",
    "calendarYear": "2010",
    "period": "Q1",
    "revenue": 2428000000,
    "costOfRevenue": 1381000000,
    "grossProfit": 1047000000,
    "grossProfitRatio": 0.4312191104,
    "researchAndDevelopmentExpenses": 18000000,
    "generalAndAdministrativeExpenses": 0,
    "sellingAndMarketingExpenses": 0,
    "sellingGeneralAndAdministrativeExpenses": 294000000,
    "otherExpenses": 256000000,
    "operatingExpenses": 568000000,
    "costAndExpenses": 1949000000,
    "interestIncome": 0,
    "interestExpense": 32000000,
    "depreciationAndAmortization": 228000000,
    "ebitda": 707000000,
    "ebitdaratio": 0.2911861614,
    "operatingIncome": 479000000,
    "operatingIncomeRatio": 0.1972817133,
    "totalOtherIncomeExpensesNet": -32000000,
    "incomeBeforeTax": 447000000,
    "incomeBeforeTaxRatio": 0.1841021417,
    "incomeTaxExpense": 131000000,
    "netIncome": 314000000,
    "netIncomeRatio": 0.129324547,
    "eps": 1.02,
    "epsdiluted": 1.01,
    "weightedAverageShsOut": 306793000,
    "weightedAverageShsOutDil": 311159000,
    "link": "",
    "finalLink": ""
  },
  {
    "date": "2009-12-31",
    "symbol": "LIN",
    "reportedCurrency": "USD",
    "cik": "0001707925",
    "fillingDate": "2009-12-31",
    "acceptedDate": "2009-12-30 19:00:00",
    "calendarYear": "2009",
    "period": "Q4",
    "revenue": 2407000000,
    "costOfRevenue": 1370000000,
    "grossProfit": 1037000000,
    "grossProfitRatio": 0.4308267553,
    "researchAndDevelopmentExpenses": 18000000,
    "generalAndAdministrativeExpenses": 0,
    "sellingAndMarketingExpenses": 0,
    "sellingGeneralAndAdministrativeExpenses": 274000000,
    "otherExpenses": 233000000,
    "operatingExpenses": 525000000,
    "costAndExpenses": 1895000000,
    "interestIncome": 0,
    "interestExpense": 33000000,
    "depreciationAndAmortization": 223000000,
    "ebitda": 735000000,
    "ebitdaratio": 0.3053593685,
    "operatingIncome": 512000000,
    "operatingIncomeRatio": 0.2127129206,
    "totalOtherIncomeExpensesNet": -33000000,
    "incomeBeforeTax": 479000000,
    "incomeBeforeTaxRatio": 0.1990029082,
    "incomeTaxExpense": 133000000,
    "netIncome": 340000000,
    "netIncomeRatio": 0.1412546739,
    "eps": 1.11,
    "epsdiluted": 1.11,
    "weightedAverageShsOut": 307360000,
    "weightedAverageShsOutDil": 307360000,
    "link": "",
    "finalLink": ""
  },
  {
    "date": "2009-09-30",
    "symbol": "LIN",
    "reportedCurrency": "USD",
    "cik": "0001707925",
    "fillingDate": "2009-09-30",
    "acceptedDate": "2009-09-29 20:00:00",
    "calendarYear": "2009",
    "period": "Q3",
    "revenue": 2288000000,
    "costOfRevenue": 1277000000,
    "grossProfit": 1011000000,
    "grossProfitRatio": 0.4418706294,
    "researchAndDevelopmentExpenses": 20000000,
    "generalAndAdministrativeExpenses": 0,
    "sellingAndMarketingExpenses": 0,
    "sellingGeneralAndAdministrativeExpenses": 284000000,
    "otherExpenses": 533000000,
    "operatingExpenses": 837000000,
    "costAndExpenses": 2114000000,
    "interestIncome": 0,
    "interestExpense": 32000000,
    "depreciationAndAmortization": 217000000,
    "ebitda": 391000000,
    "ebitdaratio": 0.1708916084,
    "operatingIncome": 174000000,
    "operatingIncomeRatio": 0.076048951,
    "totalOtherIncomeExpensesNet": -32000000,
    "incomeBeforeTax": 142000000,
    "incomeBeforeTaxRatio": 0.0620629371,
    "incomeTaxExpense": -187000000,
    "netIncome": 325000000,
    "netIncomeRatio": 0.1420454545,
    "eps": 1.06,
    "epsdiluted": 1.04,
    "weightedAverageShsOut": 307360000,
    "weightedAverageShsOutDil": 312182000,
    "link": "",
    "finalLink": ""
  },
  {
    "date": "2009-06-30",
    "symbol": "LIN",
    "reportedCurrency": "USD",
    "cik": "0001707925",
    "fillingDate": "2009-06-30",
    "acceptedDate": "2009-06-29 20:00:00",
    "calendarYear": "2009",
    "period": "Q2",
    "revenue": 2138000000,
    "costOfRevenue": 1190000000,
    "grossProfit": 948000000,
    "grossProfitRatio": 0.4434050514,
    "researchAndDevelopmentExpenses": 18000000,
    "generalAndAdministrativeExpenses": 0,
    "sellingAndMarketingExpenses": 0,
    "sellingGeneralAndAdministrativeExpenses": 265000000,
    "otherExpenses": 218000000,
    "operatingExpenses": 501000000,
    "costAndExpenses": 1691000000,
    "interestIncome": 0,
    "interestExpense": 33000000,
    "depreciationAndAmortization": 207000000,
    "ebitda": 654000000,
    "ebitdaratio": 0.3058933583,
    "operatingIncome": 447000000,
    "operatingIncomeRatio": 0.2090739008,
    "totalOtherIncomeExpensesNet": -33000000,
    "incomeBeforeTax": 414000000,
    "incomeBeforeTaxRatio": 0.1936389149,
    "incomeTaxExpense": 109000000,
    "netIncome": 299000000,
    "netIncomeRatio": 0.1398503274,
    "eps": 0.97,
    "epsdiluted": 0.96,
    "weightedAverageShsOut": 307957000,
    "weightedAverageShsOutDil": 312429000,
    "link": "",
    "finalLink": ""
  },
  {
    "date": "2009-03-31",
    "symbol": "LIN",
    "reportedCurrency": "USD",
    "cik": "0001707925",
    "fillingDate": "2009-03-31",
    "acceptedDate": "2009-03-30 20:00:00",
    "calendarYear": "2009",
    "period": "Q1",
    "revenue": 2123000000,
    "costOfRevenue": 1195000000,
    "grossProfit": 928000000,
    "grossProfitRatio": 0.4371172869,
    "researchAndDevelopmentExpenses": 18000000,
    "generalAndAdministrativeExpenses": 265000000,
    "sellingAndMarketingExpenses": 0,
    "sellingGeneralAndAdministrativeExpenses": 265000000,
    "otherExpenses": 203000000,
    "operatingExpenses": 486000000,
    "costAndExpenses": 1681000000,
    "interestIncome": 0,
    "interestExpense": 35000000,
    "depreciationAndAmortization": 199000000,
    "ebitda": 641000000,
    "ebitdaratio": 0.3019312294,
    "operatingIncome": 442000000,
    "operatingIncomeRatio": 0.2081959491,
    "totalOtherIncomeExpensesNet": -35000000,
    "incomeBeforeTax": 407000000,
    "incomeBeforeTaxRatio": 0.1917098446,
    "incomeTaxExpense": 114000000,
    "netIncome": 290000000,
    "netIncomeRatio": 0.1365991521,
    "eps": 0.94,
    "epsdiluted": 0.93,
    "weightedAverageShsOut": 307818000,
    "weightedAverageShsOutDil": 311311000,
    "link": "",
    "finalLink": ""
  },
  {
    "date": "2008-12-31",
    "symbol": "LIN",
    "reportedCurrency": "USD",
    "cik": "0001707925",
    "fillingDate": "2008-12-31",
    "acceptedDate": "2008-12-30 19:00:00",
    "calendarYear": "2008",
    "period": "Q4",
    "revenue": 2403000000,
    "costOfRevenue": 1418000000,
    "grossProfit": 985000000,
    "grossProfitRatio": 0.4099042863,
    "researchAndDevelopmentExpenses": 25000000,
    "generalAndAdministrativeExpenses": 0,
    "sellingAndMarketingExpenses": 0,
    "sellingGeneralAndAdministrativeExpenses": 295000000,
    "otherExpenses": 351000000,
    "operatingExpenses": 671000000,
    "costAndExpenses": 2089000000,
    "interestIncome": 0,
    "interestExpense": 0,
    "depreciationAndAmortization": 206000000,
    "ebitda": 537000000,
    "ebitdaratio": 0.2234706617,
    "operatingIncome": 314000000,
    "operatingIncomeRatio": 0.1306699958,
    "totalOtherIncomeExpensesNet": -49000000,
    "incomeBeforeTax": 265000000,
    "incomeBeforeTaxRatio": 0.1102788181,
    "incomeTaxExpense": 67000000,
    "netIncome": 200000000,
    "netIncomeRatio": 0.0832292967,
    "eps": 0.64,
    "epsdiluted": 0.64,
    "weightedAverageShsOut": 307636000,
    "weightedAverageShsOutDil": 313749000,
    "link": "",
    "finalLink": ""
  },
  {
    "date": "2008-09-30",
    "symbol": "LIN",
    "reportedCurrency": "USD",
    "cik": "0001707925",
    "fillingDate": "2008-09-30",
    "acceptedDate": "2008-09-29 20:00:00",
    "calendarYear": "2008",
    "period": "Q3",
    "revenue": 2852000000,
    "costOfRevenue": 1734000000,
    "grossProfit": 1118000000,
    "grossProfitRatio": 0.3920056101,
    "researchAndDevelopmentExpenses": 24000000,
    "generalAndAdministrativeExpenses": 0,
    "sellingAndMarketingExpenses": 0,
    "sellingGeneralAndAdministrativeExpenses": 341000000,
    "otherExpenses": 209000000,
    "operatingExpenses": 574000000,
    "costAndExpenses": 2308000000,
    "interestIncome": 0,
    "interestExpense": 50000000,
    "depreciationAndAmortization": 218000000,
    "ebitda": 762000000,
    "ebitdaratio": 0.2671809257,
    "operatingIncome": 544000000,
    "operatingIncomeRatio": 0.190743338,
    "totalOtherIncomeExpensesNet": -50000000,
    "incomeBeforeTax": 494000000,
    "incomeBeforeTaxRatio": 0.1732117812,
    "incomeTaxExpense": 139000000,
    "netIncome": 355000000,
    "netIncomeRatio": 0.1244740533,
    "eps": 1.13,
    "epsdiluted": 1.11,
    "weightedAverageShsOut": 313749000,
    "weightedAverageShsOutDil": 319505000,
    "link": "",
    "finalLink": ""
  },
  {
    "date": "2008-06-30",
    "symbol": "LIN",
    "reportedCurrency": "USD",
    "cik": "0001707925",
    "fillingDate": "2008-06-30",
    "acceptedDate": "2008-06-29 20:00:00",
    "calendarYear": "2008",
    "period": "Q2",
    "revenue": 2878000000,
    "costOfRevenue": 1748000000,
    "grossProfit": 1130000000,
    "grossProfitRatio": 0.3926337735,
    "researchAndDevelopmentExpenses": 24000000,
    "generalAndAdministrativeExpenses": 0,
    "sellingAndMarketingExpenses": 0,
    "sellingGeneralAndAdministrativeExpenses": 341000000,
    "otherExpenses": 222000000,
    "operatingExpenses": 587000000,
    "costAndExpenses": 2335000000,
    "interestIncome": 0,
    "interestExpense": 52000000,
    "depreciationAndAmortization": 216000000,
    "ebitda": 759000000,
    "ebitdaratio": 0.2637248089,
    "operatingIncome": 543000000,
    "operatingIncomeRatio": 0.1886726894,
    "totalOtherIncomeExpensesNet": -52000000,
    "incomeBeforeTax": 491000000,
    "incomeBeforeTaxRatio": 0.1706045865,
    "incomeTaxExpense": 137000000,
    "netIncome": 349000000,
    "netIncomeRatio": 0.1212647672,
    "eps": 1.11,
    "epsdiluted": 1.08,
    "weightedAverageShsOut": 315312000,
    "weightedAverageShsOutDil": 322088000,
    "link": "",
    "finalLink": ""
  },
  {
    "date": "2008-03-31",
    "symbol": "LIN",
    "reportedCurrency": "USD",
    "cik": "0001707925",
    "fillingDate": "2008-03-31",
    "acceptedDate": "2008-03-30 20:00:00",
    "calendarYear": "2008",
    "period": "Q1",
    "revenue": 2663000000,
    "costOfRevenue": 1595000000,
    "grossProfit": 1068000000,
    "grossProfitRatio": 0.4010514457,
    "researchAndDevelopmentExpenses": 24000000,
    "generalAndAdministrativeExpenses": 352000000,
    "sellingAndMarketingExpenses": 0,
    "sellingGeneralAndAdministrativeExpenses": 352000000,
    "otherExpenses": 210000000,
    "operatingExpenses": 586000000,
    "costAndExpenses": 2181000000,
    "interestIncome": 0,
    "interestExpense": 47000000,
    "depreciationAndAmortization": 210000000,
    "ebitda": 692000000,
    "ebitdaratio": 0.2598573038,
    "operatingIncome": 482000000,
    "operatingIncomeRatio": 0.1809988735,
    "totalOtherIncomeExpensesNet": -47000000,
    "incomeBeforeTax": 435000000,
    "incomeBeforeTaxRatio": 0.1633496057,
    "incomeTaxExpense": 122000000,
    "netIncome": 307000000,
    "netIncomeRatio": 0.1152835148,
    "eps": 0.98,
    "epsdiluted": 0.96,
    "weightedAverageShsOut": 313936000,
    "weightedAverageShsOutDil": 320409000,
    "link": "",
    "finalLink": ""
  },
  {
    "date": "2007-12-31",
    "symbol": "LIN",
    "reportedCurrency": "USD",
    "cik": "0001707925",
    "fillingDate": "2007-12-31",
    "acceptedDate": "2007-12-30 19:00:00",
    "calendarYear": "2007",
    "period": "Q4",
    "revenue": 2523000000,
    "costOfRevenue": 1493000000,
    "grossProfit": 1030000000,
    "grossProfitRatio": 0.4082441538,
    "researchAndDevelopmentExpenses": 26000000,
    "generalAndAdministrativeExpenses": 0,
    "sellingAndMarketingExpenses": 0,
    "sellingGeneralAndAdministrativeExpenses": 314000000,
    "otherExpenses": 206000000,
    "operatingExpenses": 546000000,
    "costAndExpenses": 2039000000,
    "interestIncome": 0,
    "interestExpense": 0,
    "depreciationAndAmortization": 207000000,
    "ebitda": 691000000,
    "ebitdaratio": 0.2738803012,
    "operatingIncome": 484000000,
    "operatingIncomeRatio": 0.1918351169,
    "totalOtherIncomeExpensesNet": -50000000,
    "incomeBeforeTax": 434000000,
    "incomeBeforeTaxRatio": 0.1720174396,
    "incomeTaxExpense": 115000000,
    "netIncome": 316000000,
    "netIncomeRatio": 0.125247721,
    "eps": 0.99,
    "epsdiluted": 0.99,
    "weightedAverageShsOut": 316498000,
    "weightedAverageShsOutDil": 318513000,
    "link": "",
    "finalLink": ""
  },
  {
    "date": "2007-09-30",
    "symbol": "LIN",
    "reportedCurrency": "USD",
    "cik": "0001707925",
    "fillingDate": "2007-09-30",
    "acceptedDate": "2007-09-29 20:00:00",
    "calendarYear": "2007",
    "period": "Q3",
    "revenue": 2372000000,
    "costOfRevenue": 1394000000,
    "grossProfit": 978000000,
    "grossProfitRatio": 0.4123102867,
    "researchAndDevelopmentExpenses": 24000000,
    "generalAndAdministrativeExpenses": 0,
    "sellingAndMarketingExpenses": 0,
    "sellingGeneralAndAdministrativeExpenses": 294000000,
    "otherExpenses": 200000000,
    "operatingExpenses": 518000000,
    "costAndExpenses": 1912000000,
    "interestIncome": 0,
    "interestExpense": 0,
    "depreciationAndAmortization": 196000000,
    "ebitda": 656000000,
    "ebitdaratio": 0.2765598651,
    "operatingIncome": 460000000,
    "operatingIncomeRatio": 0.1939291737,
    "totalOtherIncomeExpensesNet": -44000000,
    "incomeBeforeTax": 416000000,
    "incomeBeforeTaxRatio": 0.1753794266,
    "incomeTaxExpense": 106000000,
    "netIncome": 305000000,
    "netIncomeRatio": 0.1285834739,
    "eps": 0.96,
    "epsdiluted": 0.94,
    "weightedAverageShsOut": 318513000,
    "weightedAverageShsOutDil": 324920000,
    "link": "",
    "finalLink": ""
  },
  {
    "date": "2007-06-30",
    "symbol": "LIN",
    "reportedCurrency": "USD",
    "cik": "0001707925",
    "fillingDate": "2007-06-30",
    "acceptedDate": "2007-06-29 20:00:00",
    "calendarYear": "2007",
    "period": "Q2",
    "revenue": 2332000000,
    "costOfRevenue": 1388000000,
    "grossProfit": 944000000,
    "grossProfitRatio": 0.4048027444,
    "researchAndDevelopmentExpenses": 24000000,
    "generalAndAdministrativeExpenses": 0,
    "sellingAndMarketingExpenses": 0,
    "sellingGeneralAndAdministrativeExpenses": 296000000,
    "otherExpenses": 185000000,
    "operatingExpenses": 505000000,
    "costAndExpenses": 1893000000,
    "interestIncome": 0,
    "interestExpense": 0,
    "depreciationAndAmortization": 189000000,
    "ebitda": 628000000,
    "ebitdaratio": 0.269296741,
    "operatingIncome": 439000000,
    "operatingIncomeRatio": 0.1882504288,
    "totalOtherIncomeExpensesNet": -41000000,
    "incomeBeforeTax": 398000000,
    "incomeBeforeTaxRatio": 0.1706689537,
    "incomeTaxExpense": 103000000,
    "netIncome": 291000000,
    "netIncomeRatio": 0.1247855918,
    "eps": 0.91,
    "epsdiluted": 0.89,
    "weightedAverageShsOut": 320213000,
    "weightedAverageShsOutDil": 326301000,
    "link": "",
    "finalLink": ""
  },
  {
    "date": "2007-03-31",
    "symbol": "LIN",
    "reportedCurrency": "USD",
    "cik": "0001707925",
    "fillingDate": "2007-03-31",
    "acceptedDate": "2007-03-30 20:00:00",
    "calendarYear": "2007",
    "period": "Q1",
    "revenue": 2175000000,
    "costOfRevenue": 1282000000,
    "grossProfit": 893000000,
    "grossProfitRatio": 0.4105747126,
    "researchAndDevelopmentExpenses": 24000000,
    "generalAndAdministrativeExpenses": 0,
    "sellingAndMarketingExpenses": 0,
    "sellingGeneralAndAdministrativeExpenses": 286000000,
    "otherExpenses": 180000000,
    "operatingExpenses": 490000000,
    "costAndExpenses": 1772000000,
    "interestIncome": 0,
    "interestExpense": 0,
    "depreciationAndAmortization": 182000000,
    "ebitda": 585000000,
    "ebitdaratio": 0.2689655172,
    "operatingIncome": 403000000,
    "operatingIncomeRatio": 0.1852873563,
    "totalOtherIncomeExpensesNet": -38000000,
    "incomeBeforeTax": 365000000,
    "incomeBeforeTaxRatio": 0.167816092,
    "incomeTaxExpense": 95000000,
    "netIncome": 265000000,
    "netIncomeRatio": 0.1218390805,
    "eps": 0.83,
    "epsdiluted": 0.81,
    "weightedAverageShsOut": 320763000,
    "weightedAverageShsOutDil": 326787000,
    "link": "",
    "finalLink": ""
  },
  {
    "date": "2006-12-31",
    "symbol": "LIN",
    "reportedCurrency": "USD",
    "cik": "0001707925",
    "fillingDate": "2006-12-31",
    "acceptedDate": "2006-12-30 19:00:00",
    "calendarYear": "2006",
    "period": "Q4",
    "revenue": 2123000000,
    "costOfRevenue": 1264000000,
    "grossProfit": 859000000,
    "grossProfitRatio": 0.4046161093,
    "researchAndDevelopmentExpenses": 23000000,
    "generalAndAdministrativeExpenses": 0,
    "sellingAndMarketingExpenses": 0,
    "sellingGeneralAndAdministrativeExpenses": 270000000,
    "otherExpenses": 173000000,
    "operatingExpenses": 466000000,
    "costAndExpenses": 1730000000,
    "interestIncome": 0,
    "interestExpense": 0,
    "depreciationAndAmortization": 178000000,
    "ebitda": 571000000,
    "ebitdaratio": 0.2689590203,
    "operatingIncome": 393000000,
    "operatingIncomeRatio": 0.1851154027,
    "totalOtherIncomeExpensesNet": -38000000,
    "incomeBeforeTax": 355000000,
    "incomeBeforeTaxRatio": 0.1672162035,
    "incomeTaxExpense": 81000000,
    "netIncome": 269000000,
    "netIncomeRatio": 0.1267074894,
    "eps": 0.83,
    "epsdiluted": 0.83,
    "weightedAverageShsOut": 323075000,
    "weightedAverageShsOutDil": 323582000,
    "link": "",
    "finalLink": ""
  },
  {
    "date": "2006-09-30",
    "symbol": "LIN",
    "reportedCurrency": "USD",
    "cik": "0001707925",
    "fillingDate": "2006-09-30",
    "acceptedDate": "2006-09-29 20:00:00",
    "calendarYear": "2006",
    "period": "Q3",
    "revenue": 2099000000,
    "costOfRevenue": 1259000000,
    "grossProfit": 840000000,
    "grossProfitRatio": 0.4001905669,
    "researchAndDevelopmentExpenses": 21000000,
    "generalAndAdministrativeExpenses": 0,
    "sellingAndMarketingExpenses": 0,
    "sellingGeneralAndAdministrativeExpenses": 272000000,
    "otherExpenses": 155000000,
    "operatingExpenses": 448000000,
    "costAndExpenses": 1707000000,
    "interestIncome": 0,
    "interestExpense": 0,
    "depreciationAndAmortization": 173000000,
    "ebitda": 565000000,
    "ebitdaratio": 0.269175798,
    "operatingIncome": 392000000,
    "operatingIncomeRatio": 0.1867555979,
    "totalOtherIncomeExpensesNet": -38000000,
    "incomeBeforeTax": 354000000,
    "incomeBeforeTaxRatio": 0.1686517389,
    "incomeTaxExpense": 101000000,
    "netIncome": 247000000,
    "netIncomeRatio": 0.1176750834,
    "eps": 0.76,
    "epsdiluted": 0.75,
    "weightedAverageShsOut": 323582000,
    "weightedAverageShsOutDil": 329498000,
    "link": "",
    "finalLink": ""
  },
  {
    "date": "2006-06-30",
    "symbol": "LIN",
    "reportedCurrency": "USD",
    "cik": "0001707925",
    "fillingDate": "2006-06-30",
    "acceptedDate": "2006-06-29 20:00:00",
    "calendarYear": "2006",
    "period": "Q2",
    "revenue": 2076000000,
    "costOfRevenue": 1238000000,
    "grossProfit": 838000000,
    "grossProfitRatio": 0.4036608863,
    "researchAndDevelopmentExpenses": 22000000,
    "generalAndAdministrativeExpenses": 0,
    "sellingAndMarketingExpenses": 0,
    "sellingGeneralAndAdministrativeExpenses": 271000000,
    "otherExpenses": 163000000,
    "operatingExpenses": 456000000,
    "costAndExpenses": 1694000000,
    "interestIncome": 0,
    "interestExpense": 0,
    "depreciationAndAmortization": 174000000,
    "ebitda": 556000000,
    "ebitdaratio": 0.267822736,
    "operatingIncome": 382000000,
    "operatingIncomeRatio": 0.1840077071,
    "totalOtherIncomeExpensesNet": -41000000,
    "incomeBeforeTax": 341000000,
    "incomeBeforeTaxRatio": 0.1642581888,
    "incomeTaxExpense": 90000000,
    "netIncome": 247000000,
    "netIncomeRatio": 0.1189788054,
    "eps": 0.76,
    "epsdiluted": 0.75,
    "weightedAverageShsOut": 323519000,
    "weightedAverageShsOutDil": 329880000,
    "link": "",
    "finalLink": ""
  },
  {
    "date": "2006-03-31",
    "symbol": "LIN",
    "reportedCurrency": "USD",
    "cik": "0001707925",
    "fillingDate": "2006-03-31",
    "acceptedDate": "2006-03-30 19:00:00",
    "calendarYear": "2006",
    "period": "Q1",
    "revenue": 2026000000,
    "costOfRevenue": 1207000000,
    "grossProfit": 819000000,
    "grossProfitRatio": 0.4042448174,
    "researchAndDevelopmentExpenses": 21000000,
    "generalAndAdministrativeExpenses": 0,
    "sellingAndMarketingExpenses": 0,
    "sellingGeneralAndAdministrativeExpenses": 273000000,
    "otherExpenses": 173000000,
    "operatingExpenses": 467000000,
    "costAndExpenses": 1674000000,
    "interestIncome": 0,
    "interestExpense": 0,
    "depreciationAndAmortization": 171000000,
    "ebitda": 523000000,
    "ebitdaratio": 0.2581441264,
    "operatingIncome": 352000000,
    "operatingIncomeRatio": 0.1737413623,
    "totalOtherIncomeExpensesNet": -38000000,
    "incomeBeforeTax": 314000000,
    "incomeBeforeTaxRatio": 0.1549851925,
    "incomeTaxExpense": 83000000,
    "netIncome": 225000000,
    "netIncomeRatio": 0.1110562685,
    "eps": 0.69,
    "epsdiluted": 0.68,
    "weightedAverageShsOut": 323804000,
    "weightedAverageShsOutDil": 330043000,
    "link": "",
    "finalLink": ""
  },
  {
    "date": "2005-12-31",
    "symbol": "LIN",
    "reportedCurrency": "USD",
    "cik": "0001707925",
    "fillingDate": "2005-12-31",
    "acceptedDate": "2005-12-30 19:00:00",
    "calendarYear": "2005",
    "period": "Q4",
    "revenue": 2020000000,
    "costOfRevenue": 1221000000,
    "grossProfit": 799000000,
    "grossProfitRatio": 0.3955445545,
    "researchAndDevelopmentExpenses": 22000000,
    "generalAndAdministrativeExpenses": 0,
    "sellingAndMarketingExpenses": 0,
    "sellingGeneralAndAdministrativeExpenses": 252000000,
    "otherExpenses": 180000000,
    "operatingExpenses": 454000000,
    "costAndExpenses": 1675000000,
    "interestIncome": 0,
    "interestExpense": 0,
    "depreciationAndAmortization": 175000000,
    "ebitda": 520000000,
    "ebitdaratio": 0.2574257426,
    "operatingIncome": 345000000,
    "operatingIncomeRatio": 0.1707920792,
    "totalOtherIncomeExpensesNet": -40000000,
    "incomeBeforeTax": 305000000,
    "incomeBeforeTaxRatio": 0.150990099,
    "incomeTaxExpense": 80000000,
    "netIncome": 214000000,
    "netIncomeRatio": 0.1059405941,
    "eps": 0.66,
    "epsdiluted": 0.66,
    "weightedAverageShsOut": 323207000,
    "weightedAverageShsOutDil": 324137000,
    "link": "",
    "finalLink": ""
  },
  {
    "date": "2005-09-30",
    "symbol": "LIN",
    "reportedCurrency": "USD",
    "cik": "0001707925",
    "fillingDate": "2005-09-30",
    "acceptedDate": "2005-09-29 20:00:00",
    "calendarYear": "2005",
    "period": "Q3",
    "revenue": 1890000000,
    "costOfRevenue": 1144000000,
    "grossProfit": 746000000,
    "grossProfitRatio": 0.3947089947,
    "researchAndDevelopmentExpenses": 19000000,
    "generalAndAdministrativeExpenses": 0,
    "sellingAndMarketingExpenses": 0,
    "sellingGeneralAndAdministrativeExpenses": 243000000,
    "otherExpenses": 167000000,
    "operatingExpenses": 429000000,
    "costAndExpenses": 1573000000,
    "interestIncome": 0,
    "interestExpense": 0,
    "depreciationAndAmortization": 165000000,
    "ebitda": 482000000,
    "ebitdaratio": 0.255026455,
    "operatingIncome": 317000000,
    "operatingIncomeRatio": 0.1677248677,
    "totalOtherIncomeExpensesNet": -40000000,
    "incomeBeforeTax": 277000000,
    "incomeBeforeTaxRatio": 0.1465608466,
    "incomeTaxExpense": 163000000,
    "netIncome": 108000000,
    "netIncomeRatio": 0.0571428571,
    "eps": 0.33,
    "epsdiluted": 0.33,
    "weightedAverageShsOut": 324137000,
    "weightedAverageShsOutDil": 329993000,
    "link": "",
    "finalLink": ""
  },
  {
    "date": "2005-06-30",
    "symbol": "LIN",
    "reportedCurrency": "USD",
    "cik": "0001707925",
    "fillingDate": "2005-06-30",
    "acceptedDate": "2005-06-29 20:00:00",
    "calendarYear": "2005",
    "period": "Q2",
    "revenue": 1919000000,
    "costOfRevenue": 1167000000,
    "grossProfit": 752000000,
    "grossProfitRatio": 0.391870766,
    "researchAndDevelopmentExpenses": 19000000,
    "generalAndAdministrativeExpenses": 0,
    "sellingAndMarketingExpenses": 0,
    "sellingGeneralAndAdministrativeExpenses": 247000000,
    "otherExpenses": 164000000,
    "operatingExpenses": 430000000,
    "costAndExpenses": 1597000000,
    "interestIncome": 0,
    "interestExpense": 0,
    "depreciationAndAmortization": 163000000,
    "ebitda": 485000000,
    "ebitdaratio": 0.2527357999,
    "operatingIncome": 322000000,
    "operatingIncomeRatio": 0.1677957269,
    "totalOtherIncomeExpensesNet": -41000000,
    "incomeBeforeTax": 281000000,
    "incomeBeforeTaxRatio": 0.1464304325,
    "incomeTaxExpense": 64000000,
    "netIncome": 209000000,
    "netIncomeRatio": 0.1089108911,
    "eps": 0.65,
    "epsdiluted": 0.63,
    "weightedAverageShsOut": 323898000,
    "weightedAverageShsOutDil": 329818000,
    "link": "",
    "finalLink": ""
  },
  {
    "date": "2005-03-31",
    "symbol": "LIN",
    "reportedCurrency": "USD",
    "cik": "0001707925",
    "fillingDate": "2005-03-31",
    "acceptedDate": "2005-03-30 19:00:00",
    "calendarYear": "2005",
    "period": "Q1",
    "revenue": 1827000000,
    "costOfRevenue": 1109000000,
    "grossProfit": 718000000,
    "grossProfitRatio": 0.3929939792,
    "researchAndDevelopmentExpenses": 20000000,
    "generalAndAdministrativeExpenses": 0,
    "sellingAndMarketingExpenses": 0,
    "sellingGeneralAndAdministrativeExpenses": 245000000,
    "otherExpenses": 144000000,
    "operatingExpenses": 409000000,
    "costAndExpenses": 1518000000,
    "interestIncome": 0,
    "interestExpense": 0,
    "depreciationAndAmortization": 162000000,
    "ebitda": 471000000,
    "ebitdaratio": 0.2577996716,
    "operatingIncome": 309000000,
    "operatingIncomeRatio": 0.1691297209,
    "totalOtherIncomeExpensesNet": -42000000,
    "incomeBeforeTax": 267000000,
    "incomeBeforeTaxRatio": 0.1461412151,
    "incomeTaxExpense": 69000000,
    "netIncome": 195000000,
    "netIncomeRatio": 0.1067323481,
    "eps": 0.6,
    "epsdiluted": 0.59,
    "weightedAverageShsOut": 323818000,
    "weightedAverageShsOutDil": 329669000,
    "link": "",
    "finalLink": ""
  },
  {
    "date": "2004-12-31",
    "symbol": "LIN",
    "reportedCurrency": "USD",
    "cik": "0001707925",
    "fillingDate": "2004-12-31",
    "acceptedDate": "2004-12-30 19:00:00",
    "calendarYear": "2004",
    "period": "Q4",
    "revenue": 1786000000,
    "costOfRevenue": 1094000000,
    "grossProfit": 692000000,
    "grossProfitRatio": 0.3874580067,
    "researchAndDevelopmentExpenses": 20000000,
    "generalAndAdministrativeExpenses": 0,
    "sellingAndMarketingExpenses": 0,
    "sellingGeneralAndAdministrativeExpenses": 240000000,
    "otherExpenses": 143000000,
    "operatingExpenses": 403000000,
    "costAndExpenses": 1497000000,
    "interestIncome": 0,
    "interestExpense": 0,
    "depreciationAndAmortization": 154000000,
    "ebitda": 443000000,
    "ebitdaratio": 0.2480403135,
    "operatingIncome": 289000000,
    "operatingIncomeRatio": 0.1618141097,
    "totalOtherIncomeExpensesNet": -40000000,
    "incomeBeforeTax": 249000000,
    "incomeBeforeTaxRatio": 0.1394176932,
    "incomeTaxExpense": 60000000,
    "netIncome": 181000000,
    "netIncomeRatio": 0.101343785,
    "eps": 0.55,
    "epsdiluted": 0.55,
    "weightedAverageShsOut": 324937000,
    "weightedAverageShsOutDil": 326447000,
    "link": "",
    "finalLink": ""
  },
  {
    "date": "2004-09-30",
    "symbol": "LIN",
    "reportedCurrency": "USD",
    "cik": "0001707925",
    "fillingDate": "2004-09-30",
    "acceptedDate": "2004-09-29 20:00:00",
    "calendarYear": "2004",
    "period": "Q3",
    "revenue": 1674000000,
    "costOfRevenue": 1019000000,
    "grossProfit": 655000000,
    "grossProfitRatio": 0.3912783751,
    "researchAndDevelopmentExpenses": 19000000,
    "generalAndAdministrativeExpenses": 0,
    "sellingAndMarketingExpenses": 0,
    "sellingGeneralAndAdministrativeExpenses": 218000000,
    "otherExpenses": 138000000,
    "operatingExpenses": 375000000,
    "costAndExpenses": 1394000000,
    "interestIncome": 0,
    "interestExpense": 0,
    "depreciationAndAmortization": 145000000,
    "ebitda": 425000000,
    "ebitdaratio": 0.2538829152,
    "operatingIncome": 280000000,
    "operatingIncomeRatio": 0.1672640382,
    "totalOtherIncomeExpensesNet": -39000000,
    "incomeBeforeTax": 241000000,
    "incomeBeforeTaxRatio": 0.1439665472,
    "incomeTaxExpense": 61000000,
    "netIncome": 177000000,
    "netIncomeRatio": 0.105734767,
    "eps": 0.54,
    "epsdiluted": 0.53,
    "weightedAverageShsOut": 326447000,
    "weightedAverageShsOutDil": 331919000,
    "link": "",
    "finalLink": ""
  },
  {
    "date": "2004-06-30",
    "symbol": "LIN",
    "reportedCurrency": "USD",
    "cik": "0001707925",
    "fillingDate": "2004-06-30",
    "acceptedDate": "2004-06-29 20:00:00",
    "calendarYear": "2004",
    "period": "Q2",
    "revenue": 1603000000,
    "costOfRevenue": 966000000,
    "grossProfit": 637000000,
    "grossProfitRatio": 0.3973799127,
    "researchAndDevelopmentExpenses": 19000000,
    "generalAndAdministrativeExpenses": 0,
    "sellingAndMarketingExpenses": 0,
    "sellingGeneralAndAdministrativeExpenses": 207000000,
    "otherExpenses": 137000000,
    "operatingExpenses": 363000000,
    "costAndExpenses": 1329000000,
    "interestIncome": 0,
    "interestExpense": 0,
    "depreciationAndAmortization": 140000000,
    "ebitda": 414000000,
    "ebitdaratio": 0.2582657517,
    "operatingIncome": 274000000,
    "operatingIncomeRatio": 0.1709295072,
    "totalOtherIncomeExpensesNet": -39000000,
    "incomeBeforeTax": 235000000,
    "incomeBeforeTaxRatio": 0.1466001248,
    "incomeTaxExpense": 55000000,
    "netIncome": 175000000,
    "netIncomeRatio": 0.1091703057,
    "eps": 0.54,
    "epsdiluted": 0.53,
    "weightedAverageShsOut": 325786000,
    "weightedAverageShsOutDil": 330897000,
    "link": "",
    "finalLink": ""
  },
  {
    "date": "2004-03-31",
    "symbol": "LIN",
    "reportedCurrency": "USD",
    "cik": "0001707925",
    "fillingDate": "2004-03-31",
    "acceptedDate": "2004-03-30 19:00:00",
    "calendarYear": "2004",
    "period": "Q1",
    "revenue": 1531000000,
    "costOfRevenue": 908000000,
    "grossProfit": 623000000,
    "grossProfitRatio": 0.4069235794,
    "researchAndDevelopmentExpenses": 19000000,
    "generalAndAdministrativeExpenses": 0,
    "sellingAndMarketingExpenses": 0,
    "sellingGeneralAndAdministrativeExpenses": 204000000,
    "otherExpenses": 140000000,
    "operatingExpenses": 363000000,
    "costAndExpenses": 1271000000,
    "interestIncome": 0,
    "interestExpense": 0,
    "depreciationAndAmortization": 139000000,
    "ebitda": 399000000,
    "ebitdaratio": 0.2606139778,
    "operatingIncome": 260000000,
    "operatingIncomeRatio": 0.1698236447,
    "totalOtherIncomeExpensesNet": -37000000,
    "incomeBeforeTax": 223000000,
    "incomeBeforeTaxRatio": 0.1456564337,
    "incomeTaxExpense": 56000000,
    "netIncome": 164000000,
    "netIncomeRatio": 0.1071195297,
    "eps": 0.5,
    "epsdiluted": 0.49,
    "weightedAverageShsOut": 326394000,
    "weightedAverageShsOutDil": 331573000,
    "link": "",
    "finalLink": ""
  },
  {
    "date": "2003-12-31",
    "symbol": "LIN",
    "reportedCurrency": "USD",
    "cik": "0001707925",
    "fillingDate": "2003-12-31",
    "acceptedDate": "2003-12-30 19:00:00",
    "calendarYear": "2003",
    "period": "Q4",
    "revenue": 1461000000,
    "costOfRevenue": 859000000,
    "grossProfit": 602000000,
    "grossProfitRatio": 0.4120465435,
    "researchAndDevelopmentExpenses": 21000000,
    "generalAndAdministrativeExpenses": 0,
    "sellingAndMarketingExpenses": 0,
    "sellingGeneralAndAdministrativeExpenses": 198000000,
    "otherExpenses": 139000000,
    "operatingExpenses": 358000000,
    "costAndExpenses": 1217000000,
    "interestIncome": 0,
    "interestExpense": 0,
    "depreciationAndAmortization": 135000000,
    "ebitda": 379000000,
    "ebitdaratio": 0.2594113621,
    "operatingIncome": 244000000,
    "operatingIncomeRatio": 0.167008898,
    "totalOtherIncomeExpensesNet": -28000000,
    "incomeBeforeTax": 216000000,
    "incomeBeforeTaxRatio": 0.1478439425,
    "incomeTaxExpense": 49000000,
    "netIncome": 155000000,
    "netIncomeRatio": 0.106091718,
    "eps": 0.47,
    "epsdiluted": 0.47,
    "weightedAverageShsOut": 326430000,
    "weightedAverageShsOutDil": 326430000,
    "link": "",
    "finalLink": ""
  },
  {
    "date": "2003-09-30",
    "symbol": "LIN",
    "reportedCurrency": "USD",
    "cik": "0001707925",
    "fillingDate": "2003-09-30",
    "acceptedDate": "2003-09-29 20:00:00",
    "calendarYear": "2003",
    "period": "Q3",
    "revenue": 1414000000,
    "costOfRevenue": 832000000,
    "grossProfit": 582000000,
    "grossProfitRatio": 0.4115983027,
    "researchAndDevelopmentExpenses": 18000000,
    "generalAndAdministrativeExpenses": 0,
    "sellingAndMarketingExpenses": 0,
    "sellingGeneralAndAdministrativeExpenses": 191000000,
    "otherExpenses": 133000000,
    "operatingExpenses": 342000000,
    "costAndExpenses": 1174000000,
    "interestIncome": 0,
    "interestExpense": 0,
    "depreciationAndAmortization": 133000000,
    "ebitda": 373000000,
    "ebitdaratio": 0.2637906648,
    "operatingIncome": 240000000,
    "operatingIncomeRatio": 0.1697312588,
    "totalOtherIncomeExpensesNet": -41000000,
    "incomeBeforeTax": 199000000,
    "incomeBeforeTaxRatio": 0.1407355021,
    "incomeTaxExpense": 49000000,
    "netIncome": 150000000,
    "netIncomeRatio": 0.1060820368,
    "eps": 0.46,
    "epsdiluted": 0.46,
    "weightedAverageShsOut": 326430000,
    "weightedAverageShsOutDil": 330990000,
    "link": "",
    "finalLink": ""
  },
  {
    "date": "2003-06-30",
    "symbol": "LIN",
    "reportedCurrency": "USD",
    "cik": "0001707925",
    "fillingDate": "2003-06-30",
    "acceptedDate": "2003-06-29 20:00:00",
    "calendarYear": "2003",
    "period": "Q2",
    "revenue": 1401000000,
    "costOfRevenue": 833000000,
    "grossProfit": 568000000,
    "grossProfitRatio": 0.4054246966,
    "researchAndDevelopmentExpenses": 19000000,
    "generalAndAdministrativeExpenses": 0,
    "sellingAndMarketingExpenses": 0,
    "sellingGeneralAndAdministrativeExpenses": 192000000,
    "otherExpenses": 134000000,
    "operatingExpenses": 345000000,
    "costAndExpenses": 1178000000,
    "interestIncome": 0,
    "interestExpense": 0,
    "depreciationAndAmortization": 127000000,
    "ebitda": 350000000,
    "ebitdaratio": 0.249821556,
    "operatingIncome": 223000000,
    "operatingIncomeRatio": 0.15917202,
    "totalOtherIncomeExpensesNet": -35000000,
    "incomeBeforeTax": 188000000,
    "incomeBeforeTaxRatio": 0.1341898644,
    "incomeTaxExpense": 35000000,
    "netIncome": 150000000,
    "netIncomeRatio": 0.1070663812,
    "eps": 0.46,
    "epsdiluted": 0.46,
    "weightedAverageShsOut": 326688000,
    "weightedAverageShsOutDil": 330850000,
    "link": "",
    "finalLink": ""
  },
  {
    "date": "2003-03-31",
    "symbol": "LIN",
    "reportedCurrency": "USD",
    "cik": "0001707925",
    "fillingDate": "2003-03-31",
    "acceptedDate": "2003-03-30 19:00:00",
    "calendarYear": "2003",
    "period": "Q1",
    "revenue": 1337000000,
    "costOfRevenue": 804000000,
    "grossProfit": 533000000,
    "grossProfitRatio": 0.3986537023,
    "researchAndDevelopmentExpenses": 17000000,
    "generalAndAdministrativeExpenses": 0,
    "sellingAndMarketingExpenses": 0,
    "sellingGeneralAndAdministrativeExpenses": 185000000,
    "otherExpenses": 116000000,
    "operatingExpenses": 318000000,
    "costAndExpenses": 1122000000,
    "interestIncome": 0,
    "interestExpense": 0,
    "depreciationAndAmortization": 122000000,
    "ebitda": 337000000,
    "ebitdaratio": 0.2520568437,
    "operatingIncome": 215000000,
    "operatingIncomeRatio": 0.1608077786,
    "totalOtherIncomeExpensesNet": -42000000,
    "incomeBeforeTax": 173000000,
    "incomeBeforeTaxRatio": 0.129394166,
    "incomeTaxExpense": 41000000,
    "netIncome": 130000000,
    "netIncomeRatio": 0.0972326103,
    "eps": 0.4,
    "epsdiluted": 0.4,
    "weightedAverageShsOut": 325762000,
    "weightedAverageShsOutDil": 329270000,
    "link": "",
    "finalLink": ""
  },
  {
    "date": "2002-12-31",
    "symbol": "LIN",
    "reportedCurrency": "USD",
    "cik": "0001707925",
    "fillingDate": "2002-12-31",
    "acceptedDate": "2002-12-30 19:00:00",
    "calendarYear": "2002",
    "period": "Q4",
    "revenue": 1297000000,
    "costOfRevenue": 747000000,
    "grossProfit": 550000000,
    "grossProfitRatio": 0.4240555127,
    "researchAndDevelopmentExpenses": 20000000,
    "generalAndAdministrativeExpenses": 0,
    "sellingAndMarketingExpenses": 0,
    "sellingGeneralAndAdministrativeExpenses": 189000000,
    "otherExpenses": 114000000,
    "operatingExpenses": 323000000,
    "costAndExpenses": 1070000000,
    "interestIncome": 0,
    "interestExpense": 0,
    "depreciationAndAmortization": 122000000,
    "ebitda": 349000000,
    "ebitdaratio": 0.2690824981,
    "operatingIncome": 227000000,
    "operatingIncomeRatio": 0.1750192753,
    "totalOtherIncomeExpensesNet": -45000000,
    "incomeBeforeTax": 182000000,
    "incomeBeforeTaxRatio": 0.1403238242,
    "incomeTaxExpense": 40000000,
    "netIncome": 140000000,
    "netIncomeRatio": 0.1079414032,
    "eps": 0.43,
    "epsdiluted": 0.43,
    "weightedAverageShsOut": 325110000,
    "weightedAverageShsOutDil": 325762000,
    "link": "",
    "finalLink": ""
  },
  {
    "date": "2002-09-30",
    "symbol": "LIN",
    "reportedCurrency": "USD",
    "cik": "0001707925",
    "fillingDate": "2002-09-30",
    "acceptedDate": "2002-09-30 00:00:00",
    "calendarYear": "2002",
    "period": "Q3",
    "revenue": 1292000000,
    "costOfRevenue": 749000000,
    "grossProfit": 543000000,
    "grossProfitRatio": 0.4202786378,
    "researchAndDevelopmentExpenses": 16000000,
    "generalAndAdministrativeExpenses": 0,
    "sellingAndMarketingExpenses": 0,
    "sellingGeneralAndAdministrativeExpenses": 187000000,
    "otherExpenses": 105000000,
    "operatingExpenses": 308000000,
    "costAndExpenses": 1057000000,
    "interestIncome": 0,
    "interestExpense": 0,
    "depreciationAndAmortization": 120000000,
    "ebitda": 355000000,
    "ebitdaratio": 0.2747678019,
    "operatingIncome": 235000000,
    "operatingIncomeRatio": 0.1818885449,
    "totalOtherIncomeExpensesNet": -63000000,
    "incomeBeforeTax": 172000000,
    "incomeBeforeTaxRatio": 0.133126935,
    "incomeTaxExpense": 38000000,
    "netIncome": 131000000,
    "netIncomeRatio": 0.1013931889,
    "eps": 0.41,
    "epsdiluted": 0.4,
    "weightedAverageShsOut": 324592000,
    "weightedAverageShsOutDil": 327912000,
    "link": null,
    "finalLink": null
  },
  {
    "date": "2002-06-30",
    "symbol": "LIN",
    "reportedCurrency": "USD",
    "cik": "0001707925",
    "fillingDate": "2002-06-30",
    "acceptedDate": "2002-06-30 00:00:00",
    "calendarYear": "2002",
    "period": "Q2",
    "revenue": 1307000000,
    "costOfRevenue": 755000000,
    "grossProfit": 552000000,
    "grossProfitRatio": 0.4223412395,
    "researchAndDevelopmentExpenses": 16000000,
    "generalAndAdministrativeExpenses": 0,
    "sellingAndMarketingExpenses": 0,
    "sellingGeneralAndAdministrativeExpenses": 191000000,
    "otherExpenses": 101000000,
    "operatingExpenses": 308000000,
    "costAndExpenses": 1063000000,
    "interestIncome": 0,
    "interestExpense": 0,
    "depreciationAndAmortization": 120000000,
    "ebitda": 364000000,
    "ebitdaratio": 0.2785003826,
    "operatingIncome": 244000000,
    "operatingIncomeRatio": 0.1866870696,
    "totalOtherIncomeExpensesNet": -47000000,
    "incomeBeforeTax": 197000000,
    "incomeBeforeTaxRatio": 0.1507268554,
    "incomeTaxExpense": 43000000,
    "netIncome": 150000000,
    "netIncomeRatio": 0.1147666412,
    "eps": 0.46,
    "epsdiluted": 0.46,
    "weightedAverageShsOut": 325394000,
    "weightedAverageShsOutDil": 329670000,
    "link": null,
    "finalLink": null
  },
  {
    "date": "2002-03-31",
    "symbol": "LIN",
    "reportedCurrency": "USD",
    "cik": "0001707925",
    "fillingDate": "2002-03-31",
    "acceptedDate": "2002-03-31 00:00:00",
    "calendarYear": "2002",
    "period": "Q1",
    "revenue": 1232000000,
    "costOfRevenue": 699000000,
    "grossProfit": 533000000,
    "grossProfitRatio": 0.4326298701,
    "researchAndDevelopmentExpenses": 17000000,
    "generalAndAdministrativeExpenses": 0,
    "sellingAndMarketingExpenses": 0,
    "sellingGeneralAndAdministrativeExpenses": 184000000,
    "otherExpenses": 115000000,
    "operatingExpenses": 316000000,
    "costAndExpenses": 1015000000,
    "interestIncome": 0,
    "interestExpense": 0,
    "depreciationAndAmortization": 121000000,
    "ebitda": 338000000,
    "ebitdaratio": 0.2743506494,
    "operatingIncome": 217000000,
    "operatingIncomeRatio": 0.1761363636,
    "totalOtherIncomeExpensesNet": -51000000,
    "incomeBeforeTax": 166000000,
    "incomeBeforeTaxRatio": 0.1347402597,
    "incomeTaxExpense": 37000000,
    "netIncome": 127000000,
    "netIncomeRatio": 0.1030844156,
    "eps": 0.39,
    "epsdiluted": 0.39,
    "weightedAverageShsOut": 327048000,
    "weightedAverageShsOutDil": 331872000,
    "link": null,
    "finalLink": null
  },
  {
    "date": "2001-12-31",
    "symbol": "LIN",
    "reportedCurrency": "USD",
    "cik": "0001707925",
    "fillingDate": "2001-12-31",
    "acceptedDate": "2001-12-31 00:00:00",
    "calendarYear": "2001",
    "period": "Q4",
    "revenue": 1238000000,
    "costOfRevenue": 715000000,
    "grossProfit": 523000000,
    "grossProfitRatio": 0.4224555735,
    "researchAndDevelopmentExpenses": 18000000,
    "generalAndAdministrativeExpenses": 0,
    "sellingAndMarketingExpenses": 0,
    "sellingGeneralAndAdministrativeExpenses": 175000000,
    "otherExpenses": 122000000,
    "operatingExpenses": 315000000,
    "costAndExpenses": 1030000000,
    "interestIncome": 0,
    "interestExpense": 0,
    "depreciationAndAmortization": 125000000,
    "ebitda": 333000000,
    "ebitdaratio": 0.2689822294,
    "operatingIncome": 208000000,
    "operatingIncomeRatio": 0.1680129241,
    "totalOtherIncomeExpensesNet": -54000000,
    "incomeBeforeTax": 154000000,
    "incomeBeforeTaxRatio": 0.1243941842,
    "incomeTaxExpense": 35000000,
    "netIncome": 118000000,
    "netIncomeRatio": 0.0953150242,
    "eps": 0.36,
    "epsdiluted": 0.36,
    "weightedAverageShsOut": 323468000,
    "weightedAverageShsOutDil": 323468000,
    "link": null,
    "finalLink": null
  },
  {
    "date": "2001-09-30",
    "symbol": "LIN",
    "reportedCurrency": "USD",
    "cik": "0001707925",
    "fillingDate": "2001-09-30",
    "acceptedDate": "2001-09-30 00:00:00",
    "calendarYear": "2001",
    "period": "Q3",
    "revenue": 1271000000,
    "costOfRevenue": 752000000,
    "grossProfit": 519000000,
    "grossProfitRatio": 0.4083398899,
    "researchAndDevelopmentExpenses": 16000000,
    "generalAndAdministrativeExpenses": 0,
    "sellingAndMarketingExpenses": 0,
    "sellingGeneralAndAdministrativeExpenses": 180000000,
    "otherExpenses": 175000000,
    "operatingExpenses": 371000000,
    "costAndExpenses": 1123000000,
    "interestIncome": 0,
    "interestExpense": 0,
    "depreciationAndAmortization": 127000000,
    "ebitda": 275000000,
    "ebitdaratio": 0.2163650669,
    "operatingIncome": 148000000,
    "operatingIncomeRatio": 0.1164437451,
    "totalOtherIncomeExpensesNet": -59000000,
    "incomeBeforeTax": 89000000,
    "incomeBeforeTaxRatio": 0.0700236035,
    "incomeTaxExpense": 24000000,
    "netIncome": 62000000,
    "netIncomeRatio": 0.0487804878,
    "eps": 0.19,
    "epsdiluted": 0.19,
    "weightedAverageShsOut": 323468000,
    "weightedAverageShsOutDil": 326550000,
    "link": null,
    "finalLink": null
  },
  {
    "date": "2001-06-30",
    "symbol": "LIN",
    "reportedCurrency": "USD",
    "cik": "0001707925",
    "fillingDate": "2001-06-30",
    "acceptedDate": "2001-06-30 00:00:00",
    "calendarYear": "2001",
    "period": "Q2",
    "revenue": 1314000000,
    "costOfRevenue": 784000000,
    "grossProfit": 530000000,
    "grossProfitRatio": 0.403348554,
    "researchAndDevelopmentExpenses": 16000000,
    "generalAndAdministrativeExpenses": 0,
    "sellingAndMarketingExpenses": 0,
    "sellingGeneralAndAdministrativeExpenses": 176000000,
    "otherExpenses": 118000000,
    "operatingExpenses": 310000000,
    "costAndExpenses": 1094000000,
    "interestIncome": 0,
    "interestExpense": 0,
    "depreciationAndAmortization": 125000000,
    "ebitda": 345000000,
    "ebitdaratio": 0.2625570776,
    "operatingIncome": 220000000,
    "operatingIncomeRatio": 0.1674277017,
    "totalOtherIncomeExpensesNet": -55000000,
    "incomeBeforeTax": 165000000,
    "incomeBeforeTaxRatio": 0.1255707763,
    "incomeTaxExpense": 37000000,
    "netIncome": 126000000,
    "netIncomeRatio": 0.095890411,
    "eps": 0.39,
    "epsdiluted": 0.39,
    "weightedAverageShsOut": 323086000,
    "weightedAverageShsOutDil": 327604000,
    "link": null,
    "finalLink": null
  },
  {
    "date": "2001-03-31",
    "symbol": "LIN",
    "reportedCurrency": "USD",
    "cik": "0001707925",
    "fillingDate": "2001-03-31",
    "acceptedDate": "2001-03-31 00:00:00",
    "calendarYear": "2001",
    "period": "Q1",
    "revenue": 1335000000,
    "costOfRevenue": 809000000,
    "grossProfit": 526000000,
    "grossProfitRatio": 0.3940074906,
    "researchAndDevelopmentExpenses": 16000000,
    "generalAndAdministrativeExpenses": 0,
    "sellingAndMarketingExpenses": 0,
    "sellingGeneralAndAdministrativeExpenses": 168000000,
    "otherExpenses": 118000000,
    "operatingExpenses": 302000000,
    "costAndExpenses": 1111000000,
    "interestIncome": 0,
    "interestExpense": 0,
    "depreciationAndAmortization": 122000000,
    "ebitda": 346000000,
    "ebitdaratio": 0.25917603,
    "operatingIncome": 224000000,
    "operatingIncomeRatio": 0.1677902622,
    "totalOtherIncomeExpensesNet": -56000000,
    "incomeBeforeTax": 168000000,
    "incomeBeforeTaxRatio": 0.1258426966,
    "incomeTaxExpense": 39000000,
    "netIncome": 124000000,
    "netIncomeRatio": 0.0928838951,
    "eps": 0.39,
    "epsdiluted": 0.38,
    "weightedAverageShsOut": 321546000,
    "weightedAverageShsOutDil": 325322000,
    "link": null,
    "finalLink": null
  },
  {
    "date": "2000-12-31",
    "symbol": "LIN",
    "reportedCurrency": "USD",
    "cik": "0001707925",
    "fillingDate": "2000-12-31",
    "acceptedDate": "2000-12-31 00:00:00",
    "calendarYear": "2000",
    "period": "Q4",
    "revenue": 1273000000,
    "costOfRevenue": 816000000,
    "grossProfit": 457000000,
    "grossProfitRatio": 0.3589945012,
    "researchAndDevelopmentExpenses": 16000000,
    "generalAndAdministrativeExpenses": 0,
    "sellingAndMarketingExpenses": 0,
    "sellingGeneralAndAdministrativeExpenses": 193000000,
    "otherExpenses": 191000000,
    "operatingExpenses": 400000000,
    "costAndExpenses": 1216000000,
    "interestIncome": 0,
    "interestExpense": 0,
    "depreciationAndAmortization": 118000000,
    "ebitda": 175000000,
    "ebitdaratio": 0.137470542,
    "operatingIncome": 57000000,
    "operatingIncomeRatio": 0.0447761194,
    "totalOtherIncomeExpensesNet": -57000000,
    "incomeBeforeTax": 0,
    "incomeBeforeTaxRatio": 0,
    "incomeTaxExpense": -8000000,
    "netIncome": 5000000,
    "netIncomeRatio": 0.0039277298,
    "eps": 0.0157,
    "epsdiluted": 0.0157,
    "weightedAverageShsOut": 317824000,
    "weightedAverageShsOutDil": 317824000,
    "link": null,
    "finalLink": null
  },
  {
    "date": "2000-09-30",
    "symbol": "LIN",
    "reportedCurrency": "USD",
    "cik": "0001707925",
    "fillingDate": "2000-09-30",
    "acceptedDate": "2000-09-30 00:00:00",
    "calendarYear": "2000",
    "period": "Q3",
    "revenue": 1275000000,
    "costOfRevenue": 776000000,
    "grossProfit": 499000000,
    "grossProfitRatio": 0.391372549,
    "researchAndDevelopmentExpenses": 17000000,
    "generalAndAdministrativeExpenses": 0,
    "sellingAndMarketingExpenses": 0,
    "sellingGeneralAndAdministrativeExpenses": 161000000,
    "otherExpenses": 103000000,
    "operatingExpenses": 281000000,
    "costAndExpenses": 1057000000,
    "interestIncome": 0,
    "interestExpense": 0,
    "depreciationAndAmortization": 117000000,
    "ebitda": 335000000,
    "ebitdaratio": 0.262745098,
    "operatingIncome": 218000000,
    "operatingIncomeRatio": 0.1709803922,
    "totalOtherIncomeExpensesNet": -58000000,
    "incomeBeforeTax": 160000000,
    "incomeBeforeTaxRatio": 0.1254901961,
    "incomeTaxExpense": 37000000,
    "netIncome": 122000000,
    "netIncomeRatio": 0.0956862745,
    "eps": 0.39,
    "epsdiluted": 0.38,
    "weightedAverageShsOut": 317824000,
    "weightedAverageShsOutDil": 321708000,
    "link": null,
    "finalLink": null
  },
  {
    "date": "2000-06-30",
    "symbol": "LIN",
    "reportedCurrency": "USD",
    "cik": "0001707925",
    "fillingDate": "2000-06-30",
    "acceptedDate": "2000-06-30 00:00:00",
    "calendarYear": "2000",
    "period": "Q2",
    "revenue": 1265000000,
    "costOfRevenue": 761000000,
    "grossProfit": 504000000,
    "grossProfitRatio": 0.3984189723,
    "researchAndDevelopmentExpenses": 16000000,
    "generalAndAdministrativeExpenses": 0,
    "sellingAndMarketingExpenses": 0,
    "sellingGeneralAndAdministrativeExpenses": 162000000,
    "otherExpenses": 118000000,
    "operatingExpenses": 296000000,
    "costAndExpenses": 1057000000,
    "interestIncome": 0,
    "interestExpense": 0,
    "depreciationAndAmortization": 118000000,
    "ebitda": 326000000,
    "ebitdaratio": 0.2577075099,
    "operatingIncome": 208000000,
    "operatingIncomeRatio": 0.1644268775,
    "totalOtherIncomeExpensesNet": -49000000,
    "incomeBeforeTax": 159000000,
    "incomeBeforeTaxRatio": 0.1256916996,
    "incomeTaxExpense": 37000000,
    "netIncome": 122000000,
    "netIncomeRatio": 0.0964426877,
    "eps": 0.39,
    "epsdiluted": 0.38,
    "weightedAverageShsOut": 317030000,
    "weightedAverageShsOutDil": 323258000,
    "link": null,
    "finalLink": null
  },
  {
    "date": "2000-03-31",
    "symbol": "LIN",
    "reportedCurrency": "USD",
    "cik": "0001707925",
    "fillingDate": "2000-03-31",
    "acceptedDate": "2000-03-31 00:00:00",
    "calendarYear": "2000",
    "period": "Q1",
    "revenue": 1230000000,
    "costOfRevenue": 722000000,
    "grossProfit": 508000000,
    "grossProfitRatio": 0.4130081301,
    "researchAndDevelopmentExpenses": 16000000,
    "generalAndAdministrativeExpenses": 0,
    "sellingAndMarketingExpenses": 0,
    "sellingGeneralAndAdministrativeExpenses": 167000000,
    "otherExpenses": 112000000,
    "operatingExpenses": 295000000,
    "costAndExpenses": 1017000000,
    "interestIncome": 0,
    "interestExpense": 0,
    "depreciationAndAmortization": 118000000,
    "ebitda": 331000000,
    "ebitdaratio": 0.2691056911,
    "operatingIncome": 213000000,
    "operatingIncomeRatio": 0.1731707317,
    "totalOtherIncomeExpensesNet": -52000000,
    "incomeBeforeTax": 161000000,
    "incomeBeforeTaxRatio": 0.1308943089,
    "incomeTaxExpense": 37000000,
    "netIncome": 114000000,
    "netIncomeRatio": 0.0926829268,
    "eps": 0.36,
    "epsdiluted": 0.36,
    "weightedAverageShsOut": 318866000,
    "weightedAverageShsOutDil": 323150000,
    "link": null,
    "finalLink": null
  },
  {
    "date": "1999-12-31",
    "symbol": "LIN",
    "reportedCurrency": "USD",
    "cik": "0001707925",
    "fillingDate": "1999-12-31",
    "acceptedDate": "1999-12-31 00:00:00",
    "calendarYear": "1999",
    "period": "Q4",
    "revenue": 1203000000,
    "costOfRevenue": 716000000,
    "grossProfit": 487000000,
    "grossProfitRatio": 0.4048212801,
    "researchAndDevelopmentExpenses": 18000000,
    "generalAndAdministrativeExpenses": 0,
    "sellingAndMarketingExpenses": 0,
    "sellingGeneralAndAdministrativeExpenses": 161000000,
    "otherExpenses": 97000000,
    "operatingExpenses": 276000000,
    "costAndExpenses": 992000000,
    "interestIncome": 0,
    "interestExpense": 0,
    "depreciationAndAmortization": 110000000,
    "ebitda": 321000000,
    "ebitdaratio": 0.2668329177,
    "operatingIncome": 211000000,
    "operatingIncomeRatio": 0.1753948462,
    "totalOtherIncomeExpensesNet": -50000000,
    "incomeBeforeTax": 161000000,
    "incomeBeforeTaxRatio": 0.1338320865,
    "incomeTaxExpense": 40000000,
    "netIncome": 114000000,
    "netIncomeRatio": 0.0947630923,
    "eps": 0.36,
    "epsdiluted": 0.36,
    "weightedAverageShsOut": 319408000,
    "weightedAverageShsOutDil": 319408000,
    "link": null,
    "finalLink": null
  },
  {
    "date": "1999-09-30",
    "symbol": "LIN",
    "reportedCurrency": "USD",
    "cik": "0001707925",
    "fillingDate": "1999-09-30",
    "acceptedDate": "1999-09-30 00:00:00",
    "calendarYear": "1999",
    "period": "Q3",
    "revenue": 1169000000,
    "costOfRevenue": 691000000,
    "grossProfit": 478000000,
    "grossProfitRatio": 0.4088964927,
    "researchAndDevelopmentExpenses": 16000000,
    "generalAndAdministrativeExpenses": 0,
    "sellingAndMarketingExpenses": 0,
    "sellingGeneralAndAdministrativeExpenses": 155000000,
    "otherExpenses": 99000000,
    "operatingExpenses": 270000000,
    "costAndExpenses": 961000000,
    "interestIncome": 0,
    "interestExpense": 0,
    "depreciationAndAmortization": 111000000,
    "ebitda": 319000000,
    "ebitdaratio": 0.2728828058,
    "operatingIncome": 208000000,
    "operatingIncomeRatio": 0.1779298546,
    "totalOtherIncomeExpensesNet": -47000000,
    "incomeBeforeTax": 161000000,
    "incomeBeforeTaxRatio": 0.1377245509,
    "incomeTaxExpense": 40000000,
    "netIncome": 112000000,
    "netIncomeRatio": 0.0958083832,
    "eps": 0.35,
    "epsdiluted": 0.35,
    "weightedAverageShsOut": 319408000,
    "weightedAverageShsOutDil": 325128000,
    "link": null,
    "finalLink": null
  },
  {
    "date": "1999-06-30",
    "symbol": "LIN",
    "reportedCurrency": "USD",
    "cik": "0001707925",
    "fillingDate": "1999-06-30",
    "acceptedDate": "1999-06-30 00:00:00",
    "calendarYear": "1999",
    "period": "Q2",
    "revenue": 1149000000,
    "costOfRevenue": 673000000,
    "grossProfit": 476000000,
    "grossProfitRatio": 0.4142732811,
    "researchAndDevelopmentExpenses": 17000000,
    "generalAndAdministrativeExpenses": 0,
    "sellingAndMarketingExpenses": 0,
    "sellingGeneralAndAdministrativeExpenses": 170000000,
    "otherExpenses": 88000000,
    "operatingExpenses": 275000000,
    "costAndExpenses": 948000000,
    "interestIncome": 0,
    "interestExpense": 0,
    "depreciationAndAmortization": 111000000,
    "ebitda": 312000000,
    "ebitdaratio": 0.27154047,
    "operatingIncome": 201000000,
    "operatingIncomeRatio": 0.1749347258,
    "totalOtherIncomeExpensesNet": -50000000,
    "incomeBeforeTax": 151000000,
    "incomeBeforeTaxRatio": 0.1314186249,
    "incomeTaxExpense": 37000000,
    "netIncome": 107000000,
    "netIncomeRatio": 0.093124456,
    "eps": 0.34,
    "epsdiluted": 0.33,
    "weightedAverageShsOut": 318726000,
    "weightedAverageShsOutDil": 325282000,
    "link": null,
    "finalLink": null
  },
  {
    "date": "1999-03-31",
    "symbol": "LIN",
    "reportedCurrency": "USD",
    "cik": "0001707925",
    "fillingDate": "1999-03-31",
    "acceptedDate": "1999-03-31 00:00:00",
    "calendarYear": "1999",
    "period": "Q1",
    "revenue": 1118000000,
    "costOfRevenue": 652000000,
    "grossProfit": 466000000,
    "grossProfitRatio": 0.4168157424,
    "researchAndDevelopmentExpenses": 16000000,
    "generalAndAdministrativeExpenses": 0,
    "sellingAndMarketingExpenses": 0,
    "sellingGeneralAndAdministrativeExpenses": 155000000,
    "otherExpenses": 113000000,
    "operatingExpenses": 284000000,
    "costAndExpenses": 936000000,
    "interestIncome": 0,
    "interestExpense": 0,
    "depreciationAndAmortization": 113000000,
    "ebitda": 295000000,
    "ebitdaratio": 0.2638640429,
    "operatingIncome": 182000000,
    "operatingIncomeRatio": 0.1627906977,
    "totalOtherIncomeExpensesNet": -39000000,
    "incomeBeforeTax": 143000000,
    "incomeBeforeTaxRatio": 0.1279069767,
    "incomeTaxExpense": 35000000,
    "netIncome": 98000000,
    "netIncomeRatio": 0.0876565295,
    "eps": 0.31,
    "epsdiluted": 0.31,
    "weightedAverageShsOut": 316276000,
    "weightedAverageShsOutDil": 323638000,
    "link": null,
    "finalLink": null
  },
  {
    "date": "1998-12-31",
    "symbol": "LIN",
    "reportedCurrency": "USD",
    "cik": "0001707925",
    "fillingDate": "1998-12-31",
    "acceptedDate": "1998-12-31 00:00:00",
    "calendarYear": "1998",
    "period": "Q4",
    "revenue": 1197000000,
    "costOfRevenue": 702000000,
    "grossProfit": 495000000,
    "grossProfitRatio": 0.4135338346,
    "researchAndDevelopmentExpenses": 17000000,
    "generalAndAdministrativeExpenses": 0,
    "sellingAndMarketingExpenses": 0,
    "sellingGeneralAndAdministrativeExpenses": 159000000,
    "otherExpenses": 129000000,
    "operatingExpenses": 305000000,
    "costAndExpenses": 1007000000,
    "interestIncome": 0,
    "interestExpense": 0,
    "depreciationAndAmortization": 115000000,
    "ebitda": 305000000,
    "ebitdaratio": 0.2548036759,
    "operatingIncome": 190000000,
    "operatingIncomeRatio": 0.1587301587,
    "totalOtherIncomeExpensesNet": -64000000,
    "incomeBeforeTax": 126000000,
    "incomeBeforeTaxRatio": 0.1052631579,
    "incomeTaxExpense": 9000000,
    "netIncome": 107000000,
    "netIncomeRatio": 0.089390142,
    "eps": 0.34,
    "epsdiluted": 0.34,
    "weightedAverageShsOut": 316594000,
    "weightedAverageShsOutDil": 317786000,
    "link": null,
    "finalLink": null
  },
  {
    "date": "1998-09-30",
    "symbol": "LIN",
    "reportedCurrency": "USD",
    "cik": "0001707925",
    "fillingDate": "1998-09-30",
    "acceptedDate": "1998-09-30 00:00:00",
    "calendarYear": "1998",
    "period": "Q3",
    "revenue": 1201000000,
    "costOfRevenue": 697000000,
    "grossProfit": 504000000,
    "grossProfitRatio": 0.4196502914,
    "researchAndDevelopmentExpenses": 18000000,
    "generalAndAdministrativeExpenses": 0,
    "sellingAndMarketingExpenses": 0,
    "sellingGeneralAndAdministrativeExpenses": 153000000,
    "otherExpenses": 108000000,
    "operatingExpenses": 279000000,
    "costAndExpenses": 976000000,
    "interestIncome": 0,
    "interestExpense": 0,
    "depreciationAndAmortization": 118000000,
    "ebitda": 343000000,
    "ebitdaratio": 0.2855953372,
    "operatingIncome": 225000000,
    "operatingIncomeRatio": 0.1873438801,
    "totalOtherIncomeExpensesNet": -64000000,
    "incomeBeforeTax": 161000000,
    "incomeBeforeTaxRatio": 0.1340549542,
    "incomeTaxExpense": 40000000,
    "netIncome": 108000000,
    "netIncomeRatio": 0.0899250624,
    "eps": 0.34,
    "epsdiluted": 0.33,
    "weightedAverageShsOut": 317786000,
    "weightedAverageShsOutDil": 326834000,
    "link": null,
    "finalLink": null
  },
  {
    "date": "1998-06-30",
    "symbol": "LIN",
    "reportedCurrency": "USD",
    "cik": "0001707925",
    "fillingDate": "1998-06-30",
    "acceptedDate": "1998-06-30 00:00:00",
    "calendarYear": "1998",
    "period": "Q2",
    "revenue": 1234000000,
    "costOfRevenue": 711000000,
    "grossProfit": 523000000,
    "grossProfitRatio": 0.4238249595,
    "researchAndDevelopmentExpenses": 18000000,
    "generalAndAdministrativeExpenses": 0,
    "sellingAndMarketingExpenses": 0,
    "sellingGeneralAndAdministrativeExpenses": 165000000,
    "otherExpenses": 113000000,
    "operatingExpenses": 296000000,
    "costAndExpenses": 1007000000,
    "interestIncome": 0,
    "interestExpense": 0,
    "depreciationAndAmortization": 119000000,
    "ebitda": 346000000,
    "ebitdaratio": 0.2803889789,
    "operatingIncome": 227000000,
    "operatingIncomeRatio": 0.1839546191,
    "totalOtherIncomeExpensesNet": -67000000,
    "incomeBeforeTax": 160000000,
    "incomeBeforeTaxRatio": 0.1296596434,
    "incomeTaxExpense": 40000000,
    "netIncome": 108000000,
    "netIncomeRatio": 0.0875202593,
    "eps": 0.34,
    "epsdiluted": 0.33,
    "weightedAverageShsOut": 317246000,
    "weightedAverageShsOutDil": 328114000,
    "link": null,
    "finalLink": null
  },
  {
    "date": "1998-03-31",
    "symbol": "LIN",
    "reportedCurrency": "USD",
    "cik": "0001707925",
    "fillingDate": "1998-03-31",
    "acceptedDate": "1998-03-31 00:00:00",
    "calendarYear": "1998",
    "period": "Q1",
    "revenue": 1201000000,
    "costOfRevenue": 697000000,
    "grossProfit": 504000000,
    "grossProfitRatio": 0.4196502914,
    "researchAndDevelopmentExpenses": 19000000,
    "generalAndAdministrativeExpenses": 0,
    "sellingAndMarketingExpenses": 0,
    "sellingGeneralAndAdministrativeExpenses": 167000000,
    "otherExpenses": 104000000,
    "operatingExpenses": 290000000,
    "costAndExpenses": 987000000,
    "interestIncome": 0,
    "interestExpense": 0,
    "depreciationAndAmortization": 115000000,
    "ebitda": 329000000,
    "ebitdaratio": 0.2739383847,
    "operatingIncome": 214000000,
    "operatingIncomeRatio": 0.178184846,
    "totalOtherIncomeExpensesNet": -65000000,
    "incomeBeforeTax": 149000000,
    "incomeBeforeTaxRatio": 0.1240632806,
    "incomeTaxExpense": 38000000,
    "netIncome": 102000000,
    "netIncomeRatio": 0.0849292256,
    "eps": 0.33,
    "epsdiluted": 0.31,
    "weightedAverageShsOut": 316116000,
    "weightedAverageShsOutDil": 326472000,
    "link": null,
    "finalLink": null
  },
  {
    "date": "1997-12-31",
    "symbol": "LIN",
    "reportedCurrency": "USD",
    "cik": "0001707925",
    "fillingDate": "1997-12-31",
    "acceptedDate": "1997-12-31 00:00:00",
    "calendarYear": "1997",
    "period": "Q4",
    "revenue": 1209000000,
    "costOfRevenue": 719000000,
    "grossProfit": 490000000,
    "grossProfitRatio": 0.4052936311,
    "researchAndDevelopmentExpenses": 21000000,
    "generalAndAdministrativeExpenses": 0,
    "sellingAndMarketingExpenses": 0,
    "sellingGeneralAndAdministrativeExpenses": 168000000,
    "otherExpenses": 94000000,
    "operatingExpenses": 283000000,
    "costAndExpenses": 1002000000,
    "interestIncome": 0,
    "interestExpense": 0,
    "depreciationAndAmortization": 113000000,
    "ebitda": 320000000,
    "ebitdaratio": 0.264681555,
    "operatingIncome": 207000000,
    "operatingIncomeRatio": 0.1712158809,
    "totalOtherIncomeExpensesNet": -59000000,
    "incomeBeforeTax": 148000000,
    "incomeBeforeTaxRatio": 0.1224152192,
    "incomeTaxExpense": 33000000,
    "netIncome": 89000000,
    "netIncomeRatio": 0.0736145575,
    "eps": 0.28,
    "epsdiluted": 0.28,
    "weightedAverageShsOut": 316392000,
    "weightedAverageShsOutDil": 316392000,
    "link": null,
    "finalLink": null
  },
  {
    "date": "1997-09-30",
    "symbol": "LIN",
    "reportedCurrency": "USD",
    "cik": "0001707925",
    "fillingDate": "1997-09-30",
    "acceptedDate": "1997-09-30 00:00:00",
    "calendarYear": "1997",
    "period": "Q3",
    "revenue": 1190000000,
    "costOfRevenue": 699000000,
    "grossProfit": 491000000,
    "grossProfitRatio": 0.412605042,
    "researchAndDevelopmentExpenses": 19000000,
    "generalAndAdministrativeExpenses": 0,
    "sellingAndMarketingExpenses": 0,
    "sellingGeneralAndAdministrativeExpenses": 162000000,
    "otherExpenses": 111000000,
    "operatingExpenses": 292000000,
    "costAndExpenses": 991000000,
    "interestIncome": 0,
    "interestExpense": 0,
    "depreciationAndAmortization": 111000000,
    "ebitda": 310000000,
    "ebitdaratio": 0.2605042017,
    "operatingIncome": 199000000,
    "operatingIncomeRatio": 0.1672268908,
    "totalOtherIncomeExpensesNet": -53000000,
    "incomeBeforeTax": 146000000,
    "incomeBeforeTaxRatio": 0.1226890756,
    "incomeTaxExpense": 39000000,
    "netIncome": 107000000,
    "netIncomeRatio": 0.0899159664,
    "eps": 0.34,
    "epsdiluted": 0.33,
    "weightedAverageShsOut": 314705882,
    "weightedAverageShsOutDil": 329230769,
    "link": null,
    "finalLink": null
  },
  {
    "date": "1997-06-30",
    "symbol": "LIN",
    "reportedCurrency": "USD",
    "cik": "0001707925",
    "fillingDate": "1997-06-30",
    "acceptedDate": "1997-06-30 00:00:00",
    "calendarYear": "1997",
    "period": "Q2",
    "revenue": 1178000000,
    "costOfRevenue": 681000000,
    "grossProfit": 497000000,
    "grossProfitRatio": 0.421901528,
    "researchAndDevelopmentExpenses": 20000000,
    "generalAndAdministrativeExpenses": 0,
    "sellingAndMarketingExpenses": 0,
    "sellingGeneralAndAdministrativeExpenses": 165000000,
    "otherExpenses": 99000000,
    "operatingExpenses": 284000000,
    "costAndExpenses": 965000000,
    "interestIncome": 0,
    "interestExpense": 0,
    "depreciationAndAmortization": 110000000,
    "ebitda": 323000000,
    "ebitdaratio": 0.2741935484,
    "operatingIncome": 213000000,
    "operatingIncomeRatio": 0.1808149406,
    "totalOtherIncomeExpensesNet": -52000000,
    "incomeBeforeTax": 161000000,
    "incomeBeforeTaxRatio": 0.136672326,
    "incomeTaxExpense": 40000000,
    "netIncome": 107000000,
    "netIncomeRatio": 0.0908319185,
    "eps": 0.34,
    "epsdiluted": 0.33,
    "weightedAverageShsOut": 316552000,
    "weightedAverageShsOutDil": 329084000,
    "link": null,
    "finalLink": null
  },
  {
    "date": "1997-03-31",
    "symbol": "LIN",
    "reportedCurrency": "USD",
    "cik": "0001707925",
    "fillingDate": "1997-03-31",
    "acceptedDate": "1997-03-31 00:00:00",
    "calendarYear": "1997",
    "period": "Q1",
    "revenue": 1158000000,
    "costOfRevenue": 665000000,
    "grossProfit": 493000000,
    "grossProfitRatio": 0.4257340242,
    "researchAndDevelopmentExpenses": 19000000,
    "generalAndAdministrativeExpenses": 0,
    "sellingAndMarketingExpenses": 0,
    "sellingGeneralAndAdministrativeExpenses": 167000000,
    "otherExpenses": 100000000,
    "operatingExpenses": 286000000,
    "costAndExpenses": 951000000,
    "interestIncome": 0,
    "interestExpense": 0,
    "depreciationAndAmortization": 110000000,
    "ebitda": 317000000,
    "ebitdaratio": 0.2737478411,
    "operatingIncome": 207000000,
    "operatingIncomeRatio": 0.1787564767,
    "totalOtherIncomeExpensesNet": -51000000,
    "incomeBeforeTax": 156000000,
    "incomeBeforeTaxRatio": 0.1347150259,
    "incomeTaxExpense": 39000000,
    "netIncome": 102000000,
    "netIncomeRatio": 0.0880829016,
    "eps": 0.33,
    "epsdiluted": 0.31,
    "weightedAverageShsOut": 315344000,
    "weightedAverageShsOutDil": 328664000,
    "link": null,
    "finalLink": null
  },
  {
    "date": "1996-12-31",
    "symbol": "LIN",
    "reportedCurrency": "USD",
    "cik": "0001707925",
    "fillingDate": "1996-12-31",
    "acceptedDate": "1996-12-31 00:00:00",
    "calendarYear": "1996",
    "period": "Q4",
    "revenue": 1151000000,
    "costOfRevenue": 667000000,
    "grossProfit": 484000000,
    "grossProfitRatio": 0.4205039096,
    "researchAndDevelopmentExpenses": 19000000,
    "generalAndAdministrativeExpenses": 0,
    "sellingAndMarketingExpenses": 0,
    "sellingGeneralAndAdministrativeExpenses": 170000000,
    "otherExpenses": 107000000,
    "operatingExpenses": 296000000,
    "costAndExpenses": 963000000,
    "interestIncome": 0,
    "interestExpense": 0,
    "depreciationAndAmortization": 107000000,
    "ebitda": 295000000,
    "ebitdaratio": 0.2562988705,
    "operatingIncome": 188000000,
    "operatingIncomeRatio": 0.1633362294,
    "totalOtherIncomeExpensesNet": -55000000,
    "incomeBeforeTax": 133000000,
    "incomeBeforeTaxRatio": 0.1155516942,
    "incomeTaxExpense": 37000000,
    "netIncome": 96000000,
    "netIncomeRatio": 0.0834057341,
    "eps": 0.31,
    "epsdiluted": 0.31,
    "weightedAverageShsOut": 312168000,
    "weightedAverageShsOutDil": 312168000,
    "link": null,
    "finalLink": null
  },
  {
    "date": "1996-09-30",
    "symbol": "LIN",
    "reportedCurrency": "USD",
    "cik": "0001707925",
    "fillingDate": "1996-09-30",
    "acceptedDate": "1996-09-30 00:00:00",
    "calendarYear": "1996",
    "period": "Q3",
    "revenue": 1115000000,
    "costOfRevenue": 637000000,
    "grossProfit": 478000000,
    "grossProfitRatio": 0.4286995516,
    "researchAndDevelopmentExpenses": 18000000,
    "generalAndAdministrativeExpenses": 0,
    "sellingAndMarketingExpenses": 0,
    "sellingGeneralAndAdministrativeExpenses": 170000000,
    "otherExpenses": 107000000,
    "operatingExpenses": 295000000,
    "costAndExpenses": 932000000,
    "interestIncome": 0,
    "interestExpense": 0,
    "depreciationAndAmortization": 107000000,
    "ebitda": 290000000,
    "ebitdaratio": 0.2600896861,
    "operatingIncome": 183000000,
    "operatingIncomeRatio": 0.1641255605,
    "totalOtherIncomeExpensesNet": -59000000,
    "incomeBeforeTax": 124000000,
    "incomeBeforeTaxRatio": 0.1112107623,
    "incomeTaxExpense": 36000000,
    "netIncome": 88000000,
    "netIncomeRatio": 0.0789237668,
    "eps": 0.28,
    "epsdiluted": 0.27,
    "weightedAverageShsOut": 312168000,
    "weightedAverageShsOutDil": 324632000,
    "link": null,
    "finalLink": null
  },
  {
    "date": "1996-06-30",
    "symbol": "LIN",
    "reportedCurrency": "USD",
    "cik": "0001707925",
    "fillingDate": "1996-06-30",
    "acceptedDate": "1996-06-30 00:00:00",
    "calendarYear": "1996",
    "period": "Q2",
    "revenue": 1093000000,
    "costOfRevenue": 631000000,
    "grossProfit": 462000000,
    "grossProfitRatio": 0.4226898445,
    "researchAndDevelopmentExpenses": 18000000,
    "generalAndAdministrativeExpenses": 0,
    "sellingAndMarketingExpenses": 0,
    "sellingGeneralAndAdministrativeExpenses": 168000000,
    "otherExpenses": 105000000,
    "operatingExpenses": 291000000,
    "costAndExpenses": 922000000,
    "interestIncome": 0,
    "interestExpense": 0,
    "depreciationAndAmortization": 105000000,
    "ebitda": 276000000,
    "ebitdaratio": 0.252516011,
    "operatingIncome": 171000000,
    "operatingIncomeRatio": 0.1564501372,
    "totalOtherIncomeExpensesNet": -55000000,
    "incomeBeforeTax": 116000000,
    "incomeBeforeTaxRatio": 0.1061299177,
    "incomeTaxExpense": 35000000,
    "netIncome": 81000000,
    "netIncomeRatio": 0.0741079597,
    "eps": 0.25,
    "epsdiluted": 0.25,
    "weightedAverageShsOut": 324000000,
    "weightedAverageShsOutDil": 324000000,
    "link": null,
    "finalLink": null
  },
  {
    "date": "1996-03-31",
    "symbol": "LIN",
    "reportedCurrency": "USD",
    "cik": "0001707925",
    "fillingDate": "1996-03-31",
    "acceptedDate": "1996-03-31 00:00:00",
    "calendarYear": "1996",
    "period": "Q1",
    "revenue": 1090000000,
    "costOfRevenue": 629000000,
    "grossProfit": 461000000,
    "grossProfitRatio": 0.4229357798,
    "researchAndDevelopmentExpenses": 17000000,
    "generalAndAdministrativeExpenses": 0,
    "sellingAndMarketingExpenses": 0,
    "sellingGeneralAndAdministrativeExpenses": 180000000,
    "otherExpenses": 101000000,
    "operatingExpenses": 298000000,
    "costAndExpenses": 927000000,
    "interestIncome": 0,
    "interestExpense": 0,
    "depreciationAndAmortization": 101000000,
    "ebitda": 264000000,
    "ebitdaratio": 0.2422018349,
    "operatingIncome": 163000000,
    "operatingIncomeRatio": 0.1495412844,
    "totalOtherIncomeExpensesNet": -144000000,
    "incomeBeforeTax": 19000000,
    "incomeBeforeTaxRatio": 0.0174311927,
    "incomeTaxExpense": 2000000,
    "netIncome": 17000000,
    "netIncomeRatio": 0.0155963303,
    "eps": 0.06,
    "epsdiluted": 0.055,
    "weightedAverageShsOut": 284322000,
    "weightedAverageShsOutDil": 296876000,
    "link": null,
    "finalLink": null
  },
  {
    "date": "1995-12-31",
    "symbol": "LIN",
    "reportedCurrency": "USD",
    "cik": "0001707925",
    "fillingDate": "1995-12-31",
    "acceptedDate": "1995-12-31 00:00:00",
    "calendarYear": "1995",
    "period": "Q4",
    "revenue": 807000000,
    "costOfRevenue": 460000000,
    "grossProfit": 347000000,
    "grossProfitRatio": 0.4299876084,
    "researchAndDevelopmentExpenses": 17000000,
    "generalAndAdministrativeExpenses": 0,
    "sellingAndMarketingExpenses": 0,
    "sellingGeneralAndAdministrativeExpenses": 136000000,
    "otherExpenses": 68000000,
    "operatingExpenses": 221000000,
    "costAndExpenses": 681000000,
    "interestIncome": 0,
    "interestExpense": 0,
    "depreciationAndAmortization": 68000000,
    "ebitda": 194000000,
    "ebitdaratio": 0.2403965304,
    "operatingIncome": 126000000,
    "operatingIncomeRatio": 0.156133829,
    "totalOtherIncomeExpensesNet": -26000000,
    "incomeBeforeTax": 100000000,
    "incomeBeforeTaxRatio": 0.1239157373,
    "incomeTaxExpense": 34000000,
    "netIncome": 66000000,
    "netIncomeRatio": 0.0817843866,
    "eps": 0.23,
    "epsdiluted": 0.23,
    "weightedAverageShsOut": 289664000,
    "weightedAverageShsOutDil": 289664000,
    "link": null,
    "finalLink": null
  },
  {
    "date": "1995-09-30",
    "symbol": "LIN",
    "reportedCurrency": "USD",
    "cik": "0001707925",
    "fillingDate": "1995-09-30",
    "acceptedDate": "1995-09-30 00:00:00",
    "calendarYear": "1995",
    "period": "Q3",
    "revenue": 795000000,
    "costOfRevenue": 456000000,
    "grossProfit": 339000000,
    "grossProfitRatio": 0.4264150943,
    "researchAndDevelopmentExpenses": 15000000,
    "generalAndAdministrativeExpenses": 0,
    "sellingAndMarketingExpenses": 0,
    "sellingGeneralAndAdministrativeExpenses": 121000000,
    "otherExpenses": 70000000,
    "operatingExpenses": 206000000,
    "costAndExpenses": 662000000,
    "interestIncome": 0,
    "interestExpense": 0,
    "depreciationAndAmortization": 70000000,
    "ebitda": 203000000,
    "ebitdaratio": 0.2553459119,
    "operatingIncome": 133000000,
    "operatingIncomeRatio": 0.1672955975,
    "totalOtherIncomeExpensesNet": -40000000,
    "incomeBeforeTax": 93000000,
    "incomeBeforeTaxRatio": 0.1169811321,
    "incomeTaxExpense": 29000000,
    "netIncome": 64000000,
    "netIncomeRatio": 0.0805031447,
    "eps": 0.22,
    "epsdiluted": 0.22,
    "weightedAverageShsOut": 289664000,
    "weightedAverageShsOutDil": 289664000,
    "link": null,
    "finalLink": null
  }
]