[
  {
    "date": "2025-06-30",
    "symbol": "LKQ",
    "reportedCurrency": "USD",
    "cik": "0001065696",
    "fillingDate": "2025-07-24",
    "acceptedDate": "2025-07-24 15:06:23",
    "calendarYear": "2025",
    "period": "Q2",
    "revenue": 3642000000,
    "costOfRevenue": 2230000000,
    "grossProfit": 1412000000,
    "grossProfitRatio": 0.3876990664,
    "researchAndDevelopmentExpenses": 0,
    "generalAndAdministrativeExpenses": 0,
    "sellingAndMarketingExpenses": 0,
    "sellingGeneralAndAdministrativeExpenses": 998000000,
    "otherExpenses": 0,
    "operatingExpenses": 998000000,
    "costAndExpenses": 3322000000,
    "interestIncome": 0,
    "interestExpense": 63000000,
    "depreciationAndAmortization": 94000000,
    "ebitda": 417000000,
    "ebitdaratio": 0.1144975288,
    "operatingIncome": 312000000,
    "operatingIncomeRatio": 0.0856672158,
    "totalOtherIncomeExpensesNet": -52000000,
    "incomeBeforeTax": 260000000,
    "incomeBeforeTaxRatio": 0.0713893465,
    "incomeTaxExpense": 68000000,
    "netIncome": 193000000,
    "netIncomeRatio": 0.0529928611,
    "eps": 0.74,
    "epsdiluted": 0.74,
    "weightedAverageShsOut": 258600000,
    "weightedAverageShsOutDil": 258900000,
    "link": "https://www.sec.gov/Archives/edgar/data/1065696/000106569625000044/0001065696-25-000044-index.htm",
    "finalLink": "https://www.sec.gov/Archives/edgar/data/1065696/000106569625000044/lkq-20250630.htm"
  },
  {
    "date": "2025-03-31",
    "symbol": "LKQ",
    "reportedCurrency": "USD",
    "cik": "0001065696",
    "fillingDate": "2025-04-24",
    "acceptedDate": "2025-04-24 13:21:20",
    "calendarYear": "2025",
    "period": "Q1",
    "revenue": 3463000000,
    "costOfRevenue": 2086000000,
    "grossProfit": 1377000000,
    "grossProfitRatio": 0.3976321109,
    "researchAndDevelopmentExpenses": 0,
    "generalAndAdministrativeExpenses": 0,
    "sellingAndMarketingExpenses": 0,
    "sellingGeneralAndAdministrativeExpenses": 989000000,
    "otherExpenses": 101000000,
    "operatingExpenses": 1090000000,
    "costAndExpenses": 3176000000,
    "interestIncome": 11000000,
    "interestExpense": 62000000,
    "depreciationAndAmortization": 100000000,
    "ebitda": 398000000,
    "ebitdaratio": 0.1149292521,
    "operatingIncome": 287000000,
    "operatingIncomeRatio": 0.082876119,
    "totalOtherIncomeExpensesNet": -51000000,
    "incomeBeforeTax": 236000000,
    "incomeBeforeTaxRatio": 0.0681490038,
    "incomeTaxExpense": 66000000,
    "netIncome": 169000000,
    "netIncomeRatio": 0.0488016171,
    "eps": 0.65,
    "epsdiluted": 0.65,
    "weightedAverageShsOut": 259100000,
    "weightedAverageShsOutDil": 259600000,
    "link": "https://www.sec.gov/Archives/edgar/data/1065696/000106569625000028/0001065696-25-000028-index.htm",
    "finalLink": "https://www.sec.gov/Archives/edgar/data/1065696/000106569625000028/lkq-20250331.htm"
  },
  {
    "date": "2024-12-31",
    "symbol": "LKQ",
    "reportedCurrency": "USD",
    "cik": "0001065696",
    "fillingDate": "2025-02-20",
    "acceptedDate": "2025-02-20 17:01:27",
    "calendarYear": "2024",
    "period": "Q4",
    "revenue": 3357000000,
    "costOfRevenue": 2032000000,
    "grossProfit": 1325000000,
    "grossProfitRatio": 0.3946976467,
    "researchAndDevelopmentExpenses": 0,
    "generalAndAdministrativeExpenses": 0,
    "sellingAndMarketingExpenses": 0,
    "sellingGeneralAndAdministrativeExpenses": 925000000,
    "otherExpenses": 129000000,
    "operatingExpenses": 1054000000,
    "costAndExpenses": 3086000000,
    "interestIncome": 4000000,
    "interestExpense": 66000000,
    "depreciationAndAmortization": 106000000,
    "ebitda": 381000000,
    "ebitdaratio": 0.1134941912,
    "operatingIncome": 271000000,
    "operatingIncomeRatio": 0.0807268394,
    "totalOtherIncomeExpensesNet": -57000000,
    "incomeBeforeTax": 209000000,
    "incomeBeforeTaxRatio": 0.0622579684,
    "incomeTaxExpense": 57000000,
    "netIncome": 156000000,
    "netIncomeRatio": 0.0464700626,
    "eps": 0.6,
    "epsdiluted": 0.6,
    "weightedAverageShsOut": 259600000,
    "weightedAverageShsOutDil": 259900000,
    "link": "https://www.sec.gov/Archives/edgar/data/1065696/000106569625000015/0001065696-25-000015-index.htm",
    "finalLink": "https://www.sec.gov/Archives/edgar/data/1065696/000106569625000015/lkq-20241231.htm"
  },
  {
    "date": "2024-09-30",
    "symbol": "LKQ",
    "reportedCurrency": "USD",
    "cik": "0001065696",
    "fillingDate": "2024-10-24",
    "acceptedDate": "2024-10-24 15:16:01",
    "calendarYear": "2024",
    "period": "Q3",
    "revenue": 3584000000,
    "costOfRevenue": 2191000000,
    "grossProfit": 1393000000,
    "grossProfitRatio": 0.388671875,
    "researchAndDevelopmentExpenses": 0,
    "generalAndAdministrativeExpenses": 0,
    "sellingAndMarketingExpenses": 0,
    "sellingGeneralAndAdministrativeExpenses": 971000000,
    "otherExpenses": 112000000,
    "operatingExpenses": 1083000000,
    "costAndExpenses": 3274000000,
    "interestIncome": 8000000,
    "interestExpense": 66000000,
    "depreciationAndAmortization": 100000000,
    "ebitda": 418000000,
    "ebitdaratio": 0.1166294643,
    "operatingIncome": 310000000,
    "operatingIncomeRatio": 0.0864955357,
    "totalOtherIncomeExpensesNet": -55000000,
    "incomeBeforeTax": 255000000,
    "incomeBeforeTaxRatio": 0.0711495536,
    "incomeTaxExpense": 63000000,
    "netIncome": 191000000,
    "netIncomeRatio": 0.0532924107,
    "eps": 0.73,
    "epsdiluted": 0.73,
    "weightedAverageShsOut": 262300000,
    "weightedAverageShsOutDil": 262600000,
    "link": "https://www.sec.gov/Archives/edgar/data/1065696/000106569624000125/0001065696-24-000125-index.htm",
    "finalLink": "https://www.sec.gov/Archives/edgar/data/1065696/000106569624000125/lkq-20240930.htm"
  },
  {
    "date": "2024-06-30",
    "symbol": "LKQ",
    "reportedCurrency": "USD",
    "cik": "0001065696",
    "fillingDate": "2024-07-25",
    "acceptedDate": "2024-07-25 15:20:31",
    "calendarYear": "2024",
    "period": "Q2",
    "revenue": 3711000000,
    "costOfRevenue": 2351000000,
    "grossProfit": 1360000000,
    "grossProfitRatio": 0.3664780383,
    "researchAndDevelopmentExpenses": 0,
    "generalAndAdministrativeExpenses": 0,
    "sellingAndMarketingExpenses": 0,
    "sellingGeneralAndAdministrativeExpenses": 976000000,
    "otherExpenses": 0,
    "operatingExpenses": 976000000,
    "costAndExpenses": 3382000000,
    "interestIncome": 3000000,
    "interestExpense": 66000000,
    "depreciationAndAmortization": 100000000,
    "ebitda": 484000000,
    "ebitdaratio": 0.1304230666,
    "operatingIncome": 329000000,
    "operatingIncomeRatio": 0.088655349,
    "totalOtherIncomeExpensesNet": -61000000,
    "incomeBeforeTax": 268000000,
    "incomeBeforeTaxRatio": 0.0722177311,
    "incomeTaxExpense": 82000000,
    "netIncome": 185000000,
    "netIncomeRatio": 0.049851792,
    "eps": 0.7,
    "epsdiluted": 0.7,
    "weightedAverageShsOut": 265300000,
    "weightedAverageShsOutDil": 265600000,
    "link": "https://www.sec.gov/Archives/edgar/data/1065696/000106569624000112/0001065696-24-000112-index.htm",
    "finalLink": "https://www.sec.gov/Archives/edgar/data/1065696/000106569624000112/lkq-20240630.htm"
  },
  {
    "date": "2024-03-31",
    "symbol": "LKQ",
    "reportedCurrency": "USD",
    "cik": "0001065696",
    "fillingDate": "2024-04-23",
    "acceptedDate": "2024-04-23 14:12:29",
    "calendarYear": "2024",
    "period": "Q1",
    "revenue": 3703000000,
    "costOfRevenue": 2332000000,
    "grossProfit": 1371000000,
    "grossProfitRatio": 0.3702403457,
    "researchAndDevelopmentExpenses": 0,
    "generalAndAdministrativeExpenses": 0,
    "sellingAndMarketingExpenses": 0,
    "sellingGeneralAndAdministrativeExpenses": 1044000000,
    "otherExpenses": 0,
    "operatingExpenses": 1044000000,
    "costAndExpenses": 3414000000,
    "interestIncome": 6000000,
    "interestExpense": 64000000,
    "depreciationAndAmortization": 100000000,
    "ebitda": 427000000,
    "ebitdaratio": 0.1153119093,
    "operatingIncome": 289000000,
    "operatingIncomeRatio": 0.0780448285,
    "totalOtherIncomeExpensesNet": -60000000,
    "incomeBeforeTax": 229000000,
    "incomeBeforeTaxRatio": 0.0618417499,
    "incomeTaxExpense": 71000000,
    "netIncome": 158000000,
    "netIncomeRatio": 0.0426681069,
    "eps": 0.59,
    "epsdiluted": 0.59,
    "weightedAverageShsOut": 267100000,
    "weightedAverageShsOutDil": 267700000,
    "link": "https://www.sec.gov/Archives/edgar/data/1065696/000106569624000086/0001065696-24-000086-index.htm",
    "finalLink": "https://www.sec.gov/Archives/edgar/data/1065696/000106569624000086/lkq-20240331.htm"
  },
  {
    "date": "2023-12-31",
    "symbol": "LKQ",
    "reportedCurrency": "USD",
    "cik": "0001065696",
    "fillingDate": "2024-02-22",
    "acceptedDate": "2024-02-22 13:52:46",
    "calendarYear": "2023",
    "period": "Q4",
    "revenue": 3501000000,
    "costOfRevenue": 2102000000,
    "grossProfit": 1399000000,
    "grossProfitRatio": 0.3996001143,
    "researchAndDevelopmentExpenses": 0,
    "generalAndAdministrativeExpenses": 0,
    "sellingAndMarketingExpenses": 0,
    "sellingGeneralAndAdministrativeExpenses": 1022000000,
    "otherExpenses": 100000000,
    "operatingExpenses": 1122000000,
    "costAndExpenses": 3212000000,
    "interestIncome": 10000000,
    "interestExpense": 64000000,
    "depreciationAndAmortization": 100000000,
    "ebitda": 392000000,
    "ebitdaratio": 0.1119680091,
    "operatingIncome": 277000000,
    "operatingIncomeRatio": 0.0791202514,
    "totalOtherIncomeExpensesNet": -49000000,
    "incomeBeforeTax": 228000000,
    "incomeBeforeTaxRatio": 0.0651242502,
    "incomeTaxExpense": 43000000,
    "netIncome": 177000000,
    "netIncomeRatio": 0.0505569837,
    "eps": 0.66,
    "epsdiluted": 0.66,
    "weightedAverageShsOut": 267600000,
    "weightedAverageShsOutDil": 268100000,
    "link": "https://www.sec.gov/Archives/edgar/data/1065696/000106569624000009/0001065696-24-000009-index.htm",
    "finalLink": "https://www.sec.gov/Archives/edgar/data/1065696/000106569624000009/lkq-20231231.htm"
  },
  {
    "date": "2023-09-30",
    "symbol": "LKQ",
    "reportedCurrency": "USD",
    "cik": "0001065696",
    "fillingDate": "2023-10-27",
    "acceptedDate": "2023-10-27 16:28:25",
    "calendarYear": "2023",
    "period": "Q3",
    "revenue": 3568000000,
    "costOfRevenue": 2178000000,
    "grossProfit": 1390000000,
    "grossProfitRatio": 0.389573991,
    "researchAndDevelopmentExpenses": 0,
    "generalAndAdministrativeExpenses": 0,
    "sellingAndMarketingExpenses": 0,
    "sellingGeneralAndAdministrativeExpenses": 979000000,
    "otherExpenses": 103000000,
    "operatingExpenses": 1082000000,
    "costAndExpenses": 3260000000,
    "interestIncome": 14000000,
    "interestExpense": 62000000,
    "depreciationAndAmortization": 84000000,
    "ebitda": 419000000,
    "ebitdaratio": 0.1174327354,
    "operatingIncome": 308000000,
    "operatingIncomeRatio": 0.08632287,
    "totalOtherIncomeExpensesNet": -41000000,
    "incomeBeforeTax": 267000000,
    "incomeBeforeTaxRatio": 0.0748318386,
    "incomeTaxExpense": 60000000,
    "netIncome": 208000000,
    "netIncomeRatio": 0.0582959641,
    "eps": 0.78,
    "epsdiluted": 0.78,
    "weightedAverageShsOut": 267800000,
    "weightedAverageShsOutDil": 268399999,
    "link": "https://www.sec.gov/Archives/edgar/data/1065696/000106569623000102/0001065696-23-000102-index.htm",
    "finalLink": "https://www.sec.gov/Archives/edgar/data/1065696/000106569623000102/lkq-20230930.htm"
  },
  {
    "date": "2023-06-30",
    "symbol": "LKQ",
    "reportedCurrency": "USD",
    "cik": "0001065696",
    "fillingDate": "2023-07-27",
    "acceptedDate": "2023-07-27 16:44:53",
    "calendarYear": "2023",
    "period": "Q2",
    "revenue": 3448000000,
    "costOfRevenue": 2034000000,
    "grossProfit": 1414000000,
    "grossProfitRatio": 0.4100928074,
    "researchAndDevelopmentExpenses": 0,
    "generalAndAdministrativeExpenses": 0,
    "sellingAndMarketingExpenses": 0,
    "sellingGeneralAndAdministrativeExpenses": 938000000,
    "otherExpenses": 0,
    "operatingExpenses": 999000000,
    "costAndExpenses": 3033000000,
    "interestIncome": 11000000,
    "interestExpense": 52000000,
    "depreciationAndAmortization": 70000000,
    "ebitda": 485000000,
    "ebitdaratio": 0.1406612529,
    "operatingIncome": 407000000,
    "operatingIncomeRatio": 0.1180394432,
    "totalOtherIncomeExpensesNet": -18000000,
    "incomeBeforeTax": 389000000,
    "incomeBeforeTaxRatio": 0.1128190255,
    "incomeTaxExpense": 109000000,
    "netIncome": 281000000,
    "netIncomeRatio": 0.0814965197,
    "eps": 1.05,
    "epsdiluted": 1.05,
    "weightedAverageShsOut": 267600000,
    "weightedAverageShsOutDil": 268200000,
    "link": "https://www.sec.gov/Archives/edgar/data/1065696/000106569623000064/0001065696-23-000064-index.htm",
    "finalLink": "https://www.sec.gov/Archives/edgar/data/1065696/000106569623000064/lkq-20230630.htm"
  },
  {
    "date": "2023-03-31",
    "symbol": "LKQ",
    "reportedCurrency": "USD",
    "cik": "0001065696",
    "fillingDate": "2023-04-27",
    "acceptedDate": "2023-04-27 15:40:31",
    "calendarYear": "2023",
    "period": "Q1",
    "revenue": 3349000000,
    "costOfRevenue": 1977000000,
    "grossProfit": 1372000000,
    "grossProfitRatio": 0.4096745297,
    "researchAndDevelopmentExpenses": 0,
    "generalAndAdministrativeExpenses": 0,
    "sellingAndMarketingExpenses": 0,
    "sellingGeneralAndAdministrativeExpenses": 931000000,
    "otherExpenses": 58000000,
    "operatingExpenses": 989000000,
    "costAndExpenses": 2966000000,
    "interestIncome": 9000000,
    "interestExpense": 36000000,
    "depreciationAndAmortization": 65000000,
    "ebitda": 448000000,
    "ebitdaratio": 0.133771275,
    "operatingIncome": 365000000,
    "operatingIncomeRatio": 0.1089877575,
    "totalOtherIncomeExpensesNet": -4000000,
    "incomeBeforeTax": 361000000,
    "incomeBeforeTaxRatio": 0.1077933712,
    "incomeTaxExpense": 94000000,
    "netIncome": 270000000,
    "netIncomeRatio": 0.0806210809,
    "eps": 1.01,
    "epsdiluted": 1.01,
    "weightedAverageShsOut": 267399999,
    "weightedAverageShsOutDil": 268300000,
    "link": "https://www.sec.gov/Archives/edgar/data/1065696/000106569623000040/0001065696-23-000040-index.htm",
    "finalLink": "https://www.sec.gov/Archives/edgar/data/1065696/000106569623000040/lkq-20230331.htm"
  },
  {
    "date": "2022-12-31",
    "symbol": "LKQ",
    "reportedCurrency": "USD",
    "cik": "0001065696",
    "fillingDate": "2023-02-23",
    "acceptedDate": "2023-02-23 15:08:03",
    "calendarYear": "2022",
    "period": "Q4",
    "revenue": 3001000000,
    "costOfRevenue": 1778000000,
    "grossProfit": 1223000000,
    "grossProfitRatio": 0.4075308231,
    "researchAndDevelopmentExpenses": 0,
    "generalAndAdministrativeExpenses": 1822000000,
    "sellingAndMarketingExpenses": -961000000,
    "sellingGeneralAndAdministrativeExpenses": 861000000,
    "otherExpenses": 59000000,
    "operatingExpenses": 920000000,
    "costAndExpenses": 2698000000,
    "interestIncome": 6000000,
    "interestExpense": 27000000,
    "depreciationAndAmortization": 67000000,
    "ebitda": 370000000,
    "ebitdaratio": 0.1232922359,
    "operatingIncome": 293000000,
    "operatingIncomeRatio": 0.097634122,
    "totalOtherIncomeExpensesNet": -21000000,
    "incomeBeforeTax": 272000000,
    "incomeBeforeTaxRatio": 0.0906364545,
    "incomeTaxExpense": 81000000,
    "netIncome": 194000000,
    "netIncomeRatio": 0.0646451183,
    "eps": 0.72,
    "epsdiluted": 0.72,
    "weightedAverageShsOut": 267800000,
    "weightedAverageShsOutDil": 268700000,
    "link": "https://www.sec.gov/Archives/edgar/data/1065696/000106569623000008/0001065696-23-000008-index.htm",
    "finalLink": "https://www.sec.gov/Archives/edgar/data/1065696/000106569623000008/lkq-20221231.htm"
  },
  {
    "date": "2022-09-30",
    "symbol": "LKQ",
    "reportedCurrency": "USD",
    "cik": "0001065696",
    "fillingDate": "2022-11-01",
    "acceptedDate": "2022-11-01 15:34:22",
    "calendarYear": "2022",
    "period": "Q3",
    "revenue": 3104000000,
    "costOfRevenue": 1828000000,
    "grossProfit": 1276000000,
    "grossProfitRatio": 0.4110824742,
    "researchAndDevelopmentExpenses": 0,
    "generalAndAdministrativeExpenses": 0,
    "sellingAndMarketingExpenses": 0,
    "sellingGeneralAndAdministrativeExpenses": 861000000,
    "otherExpenses": 58000000,
    "operatingExpenses": 919000000,
    "costAndExpenses": 2747000000,
    "interestIncome": 8000000,
    "interestExpense": 19000000,
    "depreciationAndAmortization": 64000000,
    "ebitda": 421000000,
    "ebitdaratio": 0.1356314433,
    "operatingIncome": 358000000,
    "operatingIncomeRatio": 0.1153350515,
    "totalOtherIncomeExpensesNet": -11000000,
    "incomeBeforeTax": 347000000,
    "incomeBeforeTaxRatio": 0.1117912371,
    "incomeTaxExpense": 88000000,
    "netIncome": 262000000,
    "netIncomeRatio": 0.0844072165,
    "eps": 0.96,
    "epsdiluted": 0.95,
    "weightedAverageShsOut": 273800000,
    "weightedAverageShsOutDil": 274600000,
    "link": "https://www.sec.gov/Archives/edgar/data/1065696/000106569622000077/0001065696-22-000077-index.htm",
    "finalLink": "https://www.sec.gov/Archives/edgar/data/1065696/000106569622000077/lkq-20220930.htm"
  },
  {
    "date": "2022-06-30",
    "symbol": "LKQ",
    "reportedCurrency": "USD",
    "cik": "0001065696",
    "fillingDate": "2022-08-02",
    "acceptedDate": "2022-08-02 16:32:20",
    "calendarYear": "2022",
    "period": "Q2",
    "revenue": 3341000000,
    "costOfRevenue": 1974000000,
    "grossProfit": 1367000000,
    "grossProfitRatio": 0.4091589345,
    "researchAndDevelopmentExpenses": 0,
    "generalAndAdministrativeExpenses": 898000000,
    "sellingAndMarketingExpenses": 0,
    "sellingGeneralAndAdministrativeExpenses": 898000000,
    "otherExpenses": 61000000,
    "operatingExpenses": 959000000,
    "costAndExpenses": 2933000000,
    "interestIncome": 0,
    "interestExpense": 16000000,
    "depreciationAndAmortization": 68000000,
    "ebitda": 627000000,
    "ebitdaratio": 0.1876683628,
    "operatingIncome": 406000000,
    "operatingIncomeRatio": 0.1215205028,
    "totalOtherIncomeExpensesNet": -16000000,
    "incomeBeforeTax": 543000000,
    "incomeBeforeTaxRatio": 0.1625261898,
    "incomeTaxExpense": 127000000,
    "netIncome": 420000000,
    "netIncomeRatio": 0.125710865,
    "eps": 1.49,
    "epsdiluted": 1.49,
    "weightedAverageShsOut": 281400000,
    "weightedAverageShsOutDil": 282300000,
    "link": "https://www.sec.gov/Archives/edgar/data/1065696/000106569622000055/0001065696-22-000055-index.htm",
    "finalLink": "https://www.sec.gov/Archives/edgar/data/1065696/000106569622000055/lkq-20220630.htm"
  },
  {
    "date": "2022-03-31",
    "symbol": "LKQ",
    "reportedCurrency": "USD",
    "cik": "0001065696",
    "fillingDate": "2022-05-04",
    "acceptedDate": "2022-05-04 15:18:34",
    "calendarYear": "2022",
    "period": "Q1",
    "revenue": 3348000000,
    "costOfRevenue": 1991000000,
    "grossProfit": 1357000000,
    "grossProfitRatio": 0.4053166069,
    "researchAndDevelopmentExpenses": 0,
    "generalAndAdministrativeExpenses": 924000000,
    "sellingAndMarketingExpenses": 0,
    "sellingGeneralAndAdministrativeExpenses": 924000000,
    "otherExpenses": 59000000,
    "operatingExpenses": 983000000,
    "costAndExpenses": 2974000000,
    "interestIncome": 0,
    "interestExpense": 15000000,
    "depreciationAndAmortization": 65000000,
    "ebitda": 439000000,
    "ebitdaratio": 0.1311230585,
    "operatingIncome": 371000000,
    "operatingIncomeRatio": 0.1108124253,
    "totalOtherIncomeExpensesNet": -15000000,
    "incomeBeforeTax": 356000000,
    "incomeBeforeTaxRatio": 0.1063321386,
    "incomeTaxExpense": 89000000,
    "netIncome": 273000000,
    "netIncomeRatio": 0.0815412186,
    "eps": 0.96,
    "epsdiluted": 0.95,
    "weightedAverageShsOut": 285700000,
    "weightedAverageShsOutDil": 286800000,
    "link": "https://www.sec.gov/Archives/edgar/data/1065696/000106569622000032/0001065696-22-000032-index.htm",
    "finalLink": "https://www.sec.gov/Archives/edgar/data/1065696/000106569622000032/lkq-20220331.htm"
  },
  {
    "date": "2021-12-31",
    "symbol": "LKQ",
    "reportedCurrency": "USD",
    "cik": "0001065696",
    "fillingDate": "2022-02-25",
    "acceptedDate": "2022-02-25 16:18:27",
    "calendarYear": "2021",
    "period": "Q4",
    "revenue": 3185993000,
    "costOfRevenue": 1916373000,
    "grossProfit": 1269620000,
    "grossProfitRatio": 0.3985005617,
    "researchAndDevelopmentExpenses": 0,
    "generalAndAdministrativeExpenses": 919604000,
    "sellingAndMarketingExpenses": 0,
    "sellingGeneralAndAdministrativeExpenses": 919604000,
    "otherExpenses": -194692000,
    "operatingExpenses": 984904000,
    "costAndExpenses": 2901277000,
    "interestIncome": 6096000,
    "interestExpense": 15408000,
    "depreciationAndAmortization": 71313000,
    "ebitda": 357505000,
    "ebitdaratio": 0.1122114832,
    "operatingIncome": 280096000,
    "operatingIncomeRatio": 0.0879148196,
    "totalOtherIncomeExpensesNet": -9312000,
    "incomeBeforeTax": 270784000,
    "incomeBeforeTaxRatio": 0.084992026,
    "incomeTaxExpense": 40563000,
    "netIncome": 236281000,
    "netIncomeRatio": 0.0741624354,
    "eps": 0.82,
    "epsdiluted": 0.81,
    "weightedAverageShsOut": 289874000,
    "weightedAverageShsOutDil": 290950000,
    "link": "https://www.sec.gov/Archives/edgar/data/1065696/000106569622000006/0001065696-22-000006-index.htm",
    "finalLink": "https://www.sec.gov/Archives/edgar/data/1065696/000106569622000006/lkq-20211231.htm"
  },
  {
    "date": "2021-09-30",
    "symbol": "LKQ",
    "reportedCurrency": "USD",
    "cik": "0001065696",
    "fillingDate": "2021-11-03",
    "acceptedDate": "2021-11-03 17:04:43",
    "calendarYear": "2021",
    "period": "Q3",
    "revenue": 3296611000,
    "costOfRevenue": 1953219000,
    "grossProfit": 1343392000,
    "grossProfitRatio": 0.4075069822,
    "researchAndDevelopmentExpenses": 0,
    "generalAndAdministrativeExpenses": 897896000,
    "sellingAndMarketingExpenses": 0,
    "sellingGeneralAndAdministrativeExpenses": 897896000,
    "otherExpenses": 2888000,
    "operatingExpenses": 961891000,
    "costAndExpenses": 2915110000,
    "interestIncome": 0,
    "interestExpense": 16000000,
    "depreciationAndAmortization": 70350000,
    "ebitda": 451392000,
    "ebitdaratio": 0.1369260735,
    "operatingIncome": 378154000,
    "operatingIncomeRatio": 0.1147099248,
    "totalOtherIncomeExpensesNet": -12385000,
    "incomeBeforeTax": 365615000,
    "incomeBeforeTaxRatio": 0.1109063217,
    "incomeTaxExpense": 89340000,
    "netIncome": 284055000,
    "netIncomeRatio": 0.0861657624,
    "eps": 0.97,
    "epsdiluted": 0.96,
    "weightedAverageShsOut": 294026000,
    "weightedAverageShsOutDil": 294885000,
    "link": "https://www.sec.gov/Archives/edgar/data/1065696/000106569621000052/0001065696-21-000052-index.htm",
    "finalLink": "https://www.sec.gov/Archives/edgar/data/1065696/000106569621000052/lkq-20210930.htm"
  },
  {
    "date": "2021-06-30",
    "symbol": "LKQ",
    "reportedCurrency": "USD",
    "cik": "0001065696",
    "fillingDate": "2021-08-04",
    "acceptedDate": "2021-08-04 12:28:06",
    "calendarYear": "2021",
    "period": "Q2",
    "revenue": 3435114000,
    "costOfRevenue": 2019405000,
    "grossProfit": 1415709000,
    "grossProfitRatio": 0.4121286804,
    "researchAndDevelopmentExpenses": 0,
    "generalAndAdministrativeExpenses": 901667000,
    "sellingAndMarketingExpenses": 0,
    "sellingGeneralAndAdministrativeExpenses": 901667000,
    "otherExpenses": 4311000,
    "operatingExpenses": 966563000,
    "costAndExpenses": 2985968000,
    "interestIncome": 0,
    "interestExpense": 16000000,
    "depreciationAndAmortization": 70743000,
    "ebitda": 495669000,
    "ebitdaratio": 0.1442947745,
    "operatingIncome": 444674000,
    "operatingIncomeRatio": 0.1294495612,
    "totalOtherIncomeExpensesNet": -35751000,
    "incomeBeforeTax": 409249000,
    "incomeBeforeTaxRatio": 0.1191369486,
    "incomeTaxExpense": 107719000,
    "netIncome": 304624000,
    "netIncomeRatio": 0.0886794441,
    "eps": 1.01,
    "epsdiluted": 1.01,
    "weightedAverageShsOut": 300581000,
    "weightedAverageShsOutDil": 301467000,
    "link": "https://www.sec.gov/Archives/edgar/data/1065696/000106569621000042/0001065696-21-000042-index.htm",
    "finalLink": "https://www.sec.gov/Archives/edgar/data/1065696/000106569621000042/lkq-20210630.htm"
  },
  {
    "date": "2021-03-31",
    "symbol": "LKQ",
    "reportedCurrency": "USD",
    "cik": "0001065696",
    "fillingDate": "2021-05-05",
    "acceptedDate": "2021-05-05 16:16:25",
    "calendarYear": "2021",
    "period": "Q1",
    "revenue": 3170786000,
    "costOfRevenue": 1877072000,
    "grossProfit": 1293714000,
    "grossProfitRatio": 0.4080105059,
    "researchAndDevelopmentExpenses": 0,
    "generalAndAdministrativeExpenses": 848565000,
    "sellingAndMarketingExpenses": 0,
    "sellingGeneralAndAdministrativeExpenses": 848565000,
    "otherExpenses": 6213000,
    "operatingExpenses": 914366000,
    "costAndExpenses": 2791438000,
    "interestIncome": 0,
    "interestExpense": 24179000,
    "depreciationAndAmortization": 71597000,
    "ebitda": 449104000,
    "ebitdaratio": 0.141638067,
    "operatingIncome": 371448000,
    "operatingIncomeRatio": 0.1171469787,
    "totalOtherIncomeExpensesNet": -17966000,
    "incomeBeforeTax": 353482000,
    "incomeBeforeTaxRatio": 0.1114808757,
    "incomeTaxExpense": 92969000,
    "netIncome": 265913000,
    "netIncomeRatio": 0.0838634332,
    "eps": 0.88,
    "epsdiluted": 0.88,
    "weightedAverageShsOut": 303043000,
    "weightedAverageShsOutDil": 303765000,
    "link": "https://www.sec.gov/Archives/edgar/data/1065696/000106569621000025/0001065696-21-000025-index.htm",
    "finalLink": "https://www.sec.gov/Archives/edgar/data/1065696/000106569621000025/lkq-20210331.htm"
  },
  {
    "date": "2020-12-31",
    "symbol": "LKQ",
    "reportedCurrency": "USD",
    "cik": "0001065696",
    "fillingDate": "2021-02-26",
    "acceptedDate": "2021-02-25 21:35:22",
    "calendarYear": "2020",
    "period": "Q4",
    "revenue": 2953888000,
    "costOfRevenue": 1784039000,
    "grossProfit": 1169849000,
    "grossProfitRatio": 0.3960370197,
    "researchAndDevelopmentExpenses": 0,
    "generalAndAdministrativeExpenses": 2451073000,
    "sellingAndMarketingExpenses": -1636081000,
    "sellingGeneralAndAdministrativeExpenses": 814992000,
    "otherExpenses": 72395000,
    "operatingExpenses": 887387000,
    "costAndExpenses": 2671426000,
    "interestIncome": 5026000,
    "interestExpense": 25432000,
    "depreciationAndAmortization": 78861000,
    "ebitda": 350869000,
    "ebitdaratio": 0.1187820933,
    "operatingIncome": 267273000,
    "operatingIncomeRatio": 0.090481765,
    "totalOtherIncomeExpensesNet": -20406000,
    "incomeBeforeTax": 246867000,
    "incomeBeforeTaxRatio": 0.0835735817,
    "incomeTaxExpense": 68708000,
    "netIncome": 181012000,
    "netIncomeRatio": 0.061279236,
    "eps": 0.6,
    "epsdiluted": 0.6,
    "weightedAverageShsOut": 304056000,
    "weightedAverageShsOutDil": 304514000,
    "link": "https://www.sec.gov/Archives/edgar/data/1065696/000106569621000010/0001065696-21-000010-index.htm",
    "finalLink": "https://www.sec.gov/Archives/edgar/data/1065696/000106569621000010/lkq-20201231.htm"
  },
  {
    "date": "2020-09-30",
    "symbol": "LKQ",
    "reportedCurrency": "USD",
    "cik": "0001065696",
    "fillingDate": "2020-11-03",
    "acceptedDate": "2020-11-03 12:13:55",
    "calendarYear": "2020",
    "period": "Q3",
    "revenue": 3047684000,
    "costOfRevenue": 1849142000,
    "grossProfit": 1198542000,
    "grossProfitRatio": 0.3932632123,
    "researchAndDevelopmentExpenses": 0,
    "generalAndAdministrativeExpenses": 813893000,
    "sellingAndMarketingExpenses": 0,
    "sellingGeneralAndAdministrativeExpenses": 813893000,
    "otherExpenses": -2492000,
    "operatingExpenses": 882548000,
    "costAndExpenses": 2731690000,
    "interestIncome": 0,
    "interestExpense": 25182000,
    "depreciationAndAmortization": 76327000,
    "ebitda": 369995000,
    "ebitdaratio": 0.121402022,
    "operatingIncome": 296002000,
    "operatingIncomeRatio": 0.0971235863,
    "totalOtherIncomeExpensesNet": -27674000,
    "incomeBeforeTax": 268328000,
    "incomeBeforeTaxRatio": 0.0880432486,
    "incomeTaxExpense": 78510000,
    "netIncome": 193483000,
    "netIncomeRatio": 0.0634852563,
    "eps": 0.64,
    "epsdiluted": 0.64,
    "weightedAverageShsOut": 304271000,
    "weightedAverageShsOutDil": 304566000,
    "link": "https://www.sec.gov/Archives/edgar/data/1065696/000106569620000053/0001065696-20-000053-index.htm",
    "finalLink": "https://www.sec.gov/Archives/edgar/data/1065696/000106569620000053/lkq-20200930.htm"
  },
  {
    "date": "2020-06-30",
    "symbol": "LKQ",
    "reportedCurrency": "USD",
    "cik": "0001065696",
    "fillingDate": "2020-08-04",
    "acceptedDate": "2020-08-04 16:59:42",
    "calendarYear": "2020",
    "period": "Q2",
    "revenue": 2626323000,
    "costOfRevenue": 1615319000,
    "grossProfit": 1011004000,
    "grossProfitRatio": 0.384950366,
    "researchAndDevelopmentExpenses": 0,
    "generalAndAdministrativeExpenses": 737369000,
    "sellingAndMarketingExpenses": 0,
    "sellingGeneralAndAdministrativeExpenses": 737369000,
    "otherExpenses": 8174000,
    "operatingExpenses": 803116000,
    "costAndExpenses": 2418435000,
    "interestIncome": 0,
    "interestExpense": 25616000,
    "depreciationAndAmortization": 72930000,
    "ebitda": 262584000,
    "ebitdaratio": 0.0999816093,
    "operatingIncome": 180453000,
    "operatingIncomeRatio": 0.0687093705,
    "totalOtherIncomeExpensesNet": -17442000,
    "incomeBeforeTax": 163011000,
    "incomeBeforeTaxRatio": 0.0620681462,
    "incomeTaxExpense": 41869000,
    "netIncome": 118792000,
    "netIncomeRatio": 0.0452312987,
    "eps": 0.39,
    "epsdiluted": 0.39,
    "weightedAverageShsOut": 304001000,
    "weightedAverageShsOutDil": 304190000,
    "link": "https://www.sec.gov/Archives/edgar/data/1065696/000106569620000040/0001065696-20-000040-index.htm",
    "finalLink": "https://www.sec.gov/Archives/edgar/data/1065696/000106569620000040/lkq-20200630.htm"
  },
  {
    "date": "2020-03-31",
    "symbol": "LKQ",
    "reportedCurrency": "USD",
    "cik": "0001065696",
    "fillingDate": "2020-05-07",
    "acceptedDate": "2020-05-07 16:35:54",
    "calendarYear": "2020",
    "period": "Q1",
    "revenue": 3000935000,
    "costOfRevenue": 1787059000,
    "grossProfit": 1213876000,
    "grossProfitRatio": 0.4044992644,
    "researchAndDevelopmentExpenses": 0,
    "generalAndAdministrativeExpenses": 899811000,
    "sellingAndMarketingExpenses": 0,
    "sellingGeneralAndAdministrativeExpenses": 899811000,
    "otherExpenses": 3622000,
    "operatingExpenses": 965306000,
    "costAndExpenses": 2752365000,
    "interestIncome": 0,
    "interestExpense": 25931000,
    "depreciationAndAmortization": 71379000,
    "ebitda": 309946000,
    "ebitdaratio": 0.1032831434,
    "operatingIncome": 241849000,
    "operatingIncomeRatio": 0.0805912157,
    "totalOtherIncomeExpensesNet": -35060000,
    "incomeBeforeTax": 206789000,
    "incomeBeforeTaxRatio": 0.0689081903,
    "incomeTaxExpense": 60411000,
    "netIncome": 145136000,
    "netIncomeRatio": 0.0483635933,
    "eps": 0.47,
    "epsdiluted": 0.47,
    "weightedAverageShsOut": 306238000,
    "weightedAverageShsOutDil": 306757000,
    "link": "https://www.sec.gov/Archives/edgar/data/1065696/000106569620000022/0001065696-20-000022-index.htm",
    "finalLink": "https://www.sec.gov/Archives/edgar/data/1065696/000106569620000022/lkq-2020033110q.htm"
  },
  {
    "date": "2019-12-31",
    "symbol": "LKQ",
    "reportedCurrency": "USD",
    "cik": "0001065696",
    "fillingDate": "2020-02-27",
    "acceptedDate": "2020-02-27 16:20:55",
    "calendarYear": "2019",
    "period": "Q4",
    "revenue": 3009860000,
    "costOfRevenue": 1813846000,
    "grossProfit": 1196014000,
    "grossProfitRatio": 0.397365326,
    "researchAndDevelopmentExpenses": 0,
    "generalAndAdministrativeExpenses": 893276000,
    "sellingAndMarketingExpenses": 0,
    "sellingGeneralAndAdministrativeExpenses": 893276000,
    "otherExpenses": 77421000,
    "operatingExpenses": 970697000,
    "costAndExpenses": 2784543000,
    "interestIncome": 15845000,
    "interestExpense": 33040000,
    "depreciationAndAmortization": 84167000,
    "ebitda": 312327000,
    "ebitdaratio": 0.1037679493,
    "operatingIncome": 206768000,
    "operatingIncomeRatio": 0.0686968829,
    "totalOtherIncomeExpensesNet": -17195000,
    "incomeBeforeTax": 189573000,
    "incomeBeforeTaxRatio": 0.0629839926,
    "incomeTaxExpense": 50208000,
    "netIncome": 140388000,
    "netIncomeRatio": 0.046642701,
    "eps": 0.46,
    "epsdiluted": 0.46,
    "weightedAverageShsOut": 306577000,
    "weightedAverageShsOutDil": 307303000,
    "link": "https://www.sec.gov/Archives/edgar/data/1065696/000106569620000008/0001065696-20-000008-index.htm",
    "finalLink": "https://www.sec.gov/Archives/edgar/data/1065696/000106569620000008/lkq-2019123110k.htm"
  },
  {
    "date": "2019-09-30",
    "symbol": "LKQ",
    "reportedCurrency": "USD",
    "cik": "0001065696",
    "fillingDate": "2019-11-05",
    "acceptedDate": "2019-11-05 15:40:35",
    "calendarYear": "2019",
    "period": "Q3",
    "revenue": 3147773000,
    "costOfRevenue": 1947444000,
    "grossProfit": 1200329000,
    "grossProfitRatio": 0.3813264171,
    "researchAndDevelopmentExpenses": 0,
    "generalAndAdministrativeExpenses": 892124000,
    "sellingAndMarketingExpenses": 0,
    "sellingGeneralAndAdministrativeExpenses": 892124000,
    "otherExpenses": 5939000,
    "operatingExpenses": 963637000,
    "costAndExpenses": 2911081000,
    "interestIncome": 0,
    "interestExpense": 31976000,
    "depreciationAndAmortization": 77878000,
    "ebitda": 318848000,
    "ebitdaratio": 0.1012932,
    "operatingIncome": 231364000,
    "operatingIncomeRatio": 0.0735008528,
    "totalOtherIncomeExpensesNet": -26037000,
    "incomeBeforeTax": 205327000,
    "incomeBeforeTaxRatio": 0.0652292907,
    "incomeTaxExpense": 57747000,
    "netIncome": 152263000,
    "netIncomeRatio": 0.0483716583,
    "eps": 0.5,
    "epsdiluted": 0.49,
    "weightedAverageShsOut": 307230000,
    "weightedAverageShsOutDil": 307960000,
    "link": "https://www.sec.gov/Archives/edgar/data/1065696/000106569619000063/0001065696-19-000063-index.htm",
    "finalLink": "https://www.sec.gov/Archives/edgar/data/1065696/000106569619000063/lkq-2019093010q.htm"
  },
  {
    "date": "2019-06-30",
    "symbol": "LKQ",
    "reportedCurrency": "USD",
    "cik": "0001065696",
    "fillingDate": "2019-08-02",
    "acceptedDate": "2019-08-02 16:57:56",
    "calendarYear": "2019",
    "period": "Q2",
    "revenue": 3248173000,
    "costOfRevenue": 2000986000,
    "grossProfit": 1247187000,
    "grossProfitRatio": 0.3839656939,
    "researchAndDevelopmentExpenses": 0,
    "generalAndAdministrativeExpenses": 0,
    "sellingAndMarketingExpenses": 0,
    "sellingGeneralAndAdministrativeExpenses": 898368000,
    "otherExpenses": 5733000,
    "operatingExpenses": 969202000,
    "costAndExpenses": 2970188000,
    "interestIncome": 0,
    "interestExpense": 35884000,
    "depreciationAndAmortization": 76154000,
    "ebitda": 353652000,
    "ebitdaratio": 0.1088772057,
    "operatingIncome": 236111000,
    "operatingIncomeRatio": 0.0726904017,
    "totalOtherIncomeExpensesNet": -30151000,
    "incomeBeforeTax": 205960000,
    "incomeBeforeTaxRatio": 0.0634079527,
    "incomeTaxExpense": 55825000,
    "netIncome": 150561000,
    "netIncomeRatio": 0.0463525188,
    "eps": 0.48,
    "epsdiluted": 0.48,
    "weightedAverageShsOut": 311891000,
    "weightedAverageShsOutDil": 312719000,
    "link": "https://www.sec.gov/Archives/edgar/data/1065696/000106569619000047/0001065696-19-000047-index.htm",
    "finalLink": "https://www.sec.gov/Archives/edgar/data/1065696/000106569619000047/lkq-2019063010q.htm"
  },
  {
    "date": "2019-03-31",
    "symbol": "LKQ",
    "reportedCurrency": "USD",
    "cik": "0001065696",
    "fillingDate": "2019-05-02",
    "acceptedDate": "2019-05-01 20:22:18",
    "calendarYear": "2019",
    "period": "Q1",
    "revenue": 3100303000,
    "costOfRevenue": 1892039000,
    "grossProfit": 1208264000,
    "grossProfitRatio": 0.3897244882,
    "researchAndDevelopmentExpenses": 0,
    "generalAndAdministrativeExpenses": 0,
    "sellingAndMarketingExpenses": 0,
    "sellingGeneralAndAdministrativeExpenses": 896532000,
    "otherExpenses": 3851000,
    "operatingExpenses": 967534000,
    "costAndExpenses": 2859573000,
    "interestIncome": 0,
    "interestExpense": 36089000,
    "depreciationAndAmortization": 76207000,
    "ebitda": 316479000,
    "ebitdaratio": 0.1020800225,
    "operatingIncome": 222400000,
    "operatingIncomeRatio": 0.071734924,
    "totalOtherIncomeExpensesNet": -32238000,
    "incomeBeforeTax": 190162000,
    "incomeBeforeTaxRatio": 0.0613365855,
    "incomeTaxExpense": 51550000,
    "netIncome": 98048000,
    "netIncomeRatio": 0.031625296,
    "eps": 0.31,
    "epsdiluted": 0.31,
    "weightedAverageShsOut": 315046000,
    "weightedAverageShsOutDil": 316018000,
    "link": "https://www.sec.gov/Archives/edgar/data/1065696/000106569619000033/0001065696-19-000033-index.htm",
    "finalLink": "https://www.sec.gov/Archives/edgar/data/1065696/000106569619000033/lkq-20190331_10q.htm"
  },
  {
    "date": "2018-12-31",
    "symbol": "LKQ",
    "reportedCurrency": "USD",
    "cik": "0001065696",
    "fillingDate": "2019-03-01",
    "acceptedDate": "2019-03-01 15:25:02",
    "calendarYear": "2018",
    "period": "Q4",
    "revenue": 3002781000,
    "costOfRevenue": 1840972000,
    "grossProfit": 1161809000,
    "grossProfitRatio": 0.3869110002,
    "researchAndDevelopmentExpenses": 0,
    "generalAndAdministrativeExpenses": 880646000,
    "sellingAndMarketingExpenses": 0,
    "sellingGeneralAndAdministrativeExpenses": 880646000,
    "otherExpenses": 77891000,
    "operatingExpenses": 958537000,
    "costAndExpenses": 2799509000,
    "interestIncome": 6499000,
    "interestExpense": 38730000,
    "depreciationAndAmortization": 83100000,
    "ebitda": 286144000,
    "ebitdaratio": 0.0952929967,
    "operatingIncome": 164146000,
    "operatingIncomeRatio": 0.0546646592,
    "totalOtherIncomeExpensesNet": -40577000,
    "incomeBeforeTax": 123569000,
    "incomeBeforeTaxRatio": 0.0411515192,
    "incomeTaxExpense": 34968000,
    "netIncome": 36049000,
    "netIncomeRatio": 0.0120052045,
    "eps": 0.11,
    "epsdiluted": 0.11,
    "weightedAverageShsOut": 315046000,
    "weightedAverageShsOutDil": 315046000,
    "link": "https://www.sec.gov/Archives/edgar/data/1065696/000106569619000010/0001065696-19-000010-index.htm",
    "finalLink": "https://www.sec.gov/Archives/edgar/data/1065696/000106569619000010/lkq-20181231_10k.htm"
  },
  {
    "date": "2018-09-30",
    "symbol": "LKQ",
    "reportedCurrency": "USD",
    "cik": "0001065696",
    "fillingDate": "2018-11-06",
    "acceptedDate": "2018-11-06 17:21:51",
    "calendarYear": "2018",
    "period": "Q3",
    "revenue": 3122378000,
    "costOfRevenue": 1925180000,
    "grossProfit": 1197198000,
    "grossProfitRatio": 0.383425069,
    "researchAndDevelopmentExpenses": 0,
    "generalAndAdministrativeExpenses": 879150000,
    "sellingAndMarketingExpenses": 0,
    "sellingGeneralAndAdministrativeExpenses": 879150000,
    "otherExpenses": 6959000,
    "operatingExpenses": 955851000,
    "costAndExpenses": 2881031000,
    "interestIncome": 0,
    "interestExpense": 40860000,
    "depreciationAndAmortization": 81473000,
    "ebitda": 322523000,
    "ebitdaratio": 0.1032940278,
    "operatingIncome": 234733000,
    "operatingIncomeRatio": 0.075177637,
    "totalOtherIncomeExpensesNet": -33901000,
    "incomeBeforeTax": 200832000,
    "incomeBeforeTaxRatio": 0.0643202072,
    "incomeTaxExpense": 46068000,
    "netIncome": 134102000,
    "netIncomeRatio": 0.0429486757,
    "eps": 0.42,
    "epsdiluted": 0.42,
    "weightedAverageShsOut": 318082000,
    "weightedAverageShsOutDil": 319402000,
    "link": "https://www.sec.gov/Archives/edgar/data/1065696/000106569618000072/0001065696-18-000072-index.htm",
    "finalLink": "https://www.sec.gov/Archives/edgar/data/1065696/000106569618000072/lkq-20180930_10q.htm"
  },
  {
    "date": "2018-06-30",
    "symbol": "LKQ",
    "reportedCurrency": "USD",
    "cik": "0001065696",
    "fillingDate": "2018-08-06",
    "acceptedDate": "2018-08-06 07:29:43",
    "calendarYear": "2018",
    "period": "Q2",
    "revenue": 3030751000,
    "costOfRevenue": 1868872000,
    "grossProfit": 1161879000,
    "grossProfitRatio": 0.3833633974,
    "researchAndDevelopmentExpenses": 0,
    "generalAndAdministrativeExpenses": 826044000,
    "sellingAndMarketingExpenses": 0,
    "sellingGeneralAndAdministrativeExpenses": 826044000,
    "otherExpenses": -755000,
    "operatingExpenses": 889207000,
    "costAndExpenses": 2758079000,
    "interestIncome": 0,
    "interestExpense": 38272000,
    "depreciationAndAmortization": 68438000,
    "ebitda": 341041000,
    "ebitdaratio": 0.1125268951,
    "operatingIncome": 256794000,
    "operatingIncomeRatio": 0.0847294944,
    "totalOtherIncomeExpensesNet": -38699000,
    "incomeBeforeTax": 218095000,
    "incomeBeforeTaxRatio": 0.071960712,
    "incomeTaxExpense": 60775000,
    "netIncome": 157007000,
    "netIncomeRatio": 0.0518046517,
    "eps": 0.51,
    "epsdiluted": 0.5,
    "weightedAverageShsOut": 312556000,
    "weightedAverageShsOutDil": 314012000,
    "link": "https://www.sec.gov/Archives/edgar/data/1065696/000106569618000051/0001065696-18-000051-index.htm",
    "finalLink": "https://www.sec.gov/Archives/edgar/data/1065696/000106569618000051/lkq-20180630_10q.htm"
  },
  {
    "date": "2018-03-31",
    "symbol": "LKQ",
    "reportedCurrency": "USD",
    "cik": "0001065696",
    "fillingDate": "2018-05-07",
    "acceptedDate": "2018-05-07 11:06:50",
    "calendarYear": "2018",
    "period": "Q1",
    "revenue": 2720764000,
    "costOfRevenue": 1666793000,
    "grossProfit": 1053971000,
    "grossProfitRatio": 0.3873805299,
    "researchAndDevelopmentExpenses": 0,
    "generalAndAdministrativeExpenses": 766891000,
    "sellingAndMarketingExpenses": 0,
    "sellingGeneralAndAdministrativeExpenses": 766891000,
    "otherExpenses": 2882000,
    "operatingExpenses": 823349000,
    "costAndExpenses": 2490142000,
    "interestIncome": 0,
    "interestExpense": 28515000,
    "depreciationAndAmortization": 61066000,
    "ebitda": 291735000,
    "ebitdaratio": 0.107225397,
    "operatingIncome": 226568000,
    "operatingIncomeRatio": 0.0832736687,
    "totalOtherIncomeExpensesNet": -25633000,
    "incomeBeforeTax": 200935000,
    "incomeBeforeTaxRatio": 0.0738524179,
    "incomeTaxExpense": 49584000,
    "netIncome": 152960000,
    "netIncomeRatio": 0.0562195031,
    "eps": 0.49,
    "epsdiluted": 0.49,
    "weightedAverageShsOut": 309517000,
    "weightedAverageShsOutDil": 311347000,
    "link": "https://www.sec.gov/Archives/edgar/data/1065696/000106569618000024/0001065696-18-000024-index.htm",
    "finalLink": "https://www.sec.gov/Archives/edgar/data/1065696/000106569618000024/lkq-20180331_10q.htm"
  },
  {
    "date": "2017-12-31",
    "symbol": "LKQ",
    "reportedCurrency": "USD",
    "cik": "0001065696",
    "fillingDate": "2018-02-28",
    "acceptedDate": "2018-02-28 11:23:12",
    "calendarYear": "2017",
    "period": "Q4",
    "revenue": 2469855000,
    "costOfRevenue": 1522210000,
    "grossProfit": 947645000,
    "grossProfitRatio": 0.3836844673,
    "researchAndDevelopmentExpenses": 0,
    "generalAndAdministrativeExpenses": 294410000,
    "sellingAndMarketingExpenses": 201454000,
    "sellingGeneralAndAdministrativeExpenses": 495864000,
    "otherExpenses": 274526000,
    "operatingExpenses": 770390000,
    "costAndExpenses": 2292600000,
    "interestIncome": 9961000,
    "interestExpense": 27144000,
    "depreciationAndAmortization": 63695000,
    "ebitda": 241061000,
    "ebitdaratio": 0.0976012762,
    "operatingIncome": 167954000,
    "operatingIncomeRatio": 0.0680015628,
    "totalOtherIncomeExpensesNet": -17759000,
    "incomeBeforeTax": 150195000,
    "incomeBeforeTaxRatio": 0.0608112622,
    "incomeTaxExpense": 29354000,
    "netIncome": 124171000,
    "netIncomeRatio": 0.0502746113,
    "eps": 0.39,
    "epsdiluted": 0.39,
    "weightedAverageShsOut": 309070000,
    "weightedAverageShsOutDil": 311106000,
    "link": "https://www.sec.gov/Archives/edgar/data/1065696/000106569618000004/0001065696-18-000004-index.htm",
    "finalLink": "https://www.sec.gov/Archives/edgar/data/1065696/000106569618000004/lkq-20171231_10k.htm"
  },
  {
    "date": "2017-09-30",
    "symbol": "LKQ",
    "reportedCurrency": "USD",
    "cik": "0001065696",
    "fillingDate": "2017-10-27",
    "acceptedDate": "2017-10-27 17:21:49",
    "calendarYear": "2017",
    "period": "Q3",
    "revenue": 2465800000,
    "costOfRevenue": 1508924000,
    "grossProfit": 956876000,
    "grossProfitRatio": 0.3880590478,
    "researchAndDevelopmentExpenses": 0,
    "generalAndAdministrativeExpenses": 290635000,
    "sellingAndMarketingExpenses": 202829000,
    "sellingGeneralAndAdministrativeExpenses": 493464000,
    "otherExpenses": 3107000,
    "operatingExpenses": 752855000,
    "costAndExpenses": 2261779000,
    "interestIncome": 0,
    "interestExpense": 25222000,
    "depreciationAndAmortization": 59902000,
    "ebitda": 263880000,
    "ebitdaratio": 0.1070159786,
    "operatingIncome": 199099000,
    "operatingIncomeRatio": 0.0807441804,
    "totalOtherIncomeExpensesNet": -21202000,
    "incomeBeforeTax": 177897000,
    "incomeBeforeTaxRatio": 0.0721457539,
    "incomeTaxExpense": 58189000,
    "netIncome": 122381000,
    "netIncomeRatio": 0.049631357,
    "eps": 0.4,
    "epsdiluted": 0.39,
    "weightedAverageShsOut": 308909000,
    "weightedAverageShsOutDil": 310779000,
    "link": "https://www.sec.gov/Archives/edgar/data/1065696/000106569617000057/0001065696-17-000057-index.htm",
    "finalLink": "https://www.sec.gov/Archives/edgar/data/1065696/000106569617000057/lkq-2017093010xq.htm"
  },
  {
    "date": "2017-06-30",
    "symbol": "LKQ",
    "reportedCurrency": "USD",
    "cik": "0001065696",
    "fillingDate": "2017-07-31",
    "acceptedDate": "2017-07-31 14:06:24",
    "calendarYear": "2017",
    "period": "Q2",
    "revenue": 2458411000,
    "costOfRevenue": 1493402000,
    "grossProfit": 965009000,
    "grossProfitRatio": 0.3925336325,
    "researchAndDevelopmentExpenses": 0,
    "generalAndAdministrativeExpenses": 278942000,
    "sellingAndMarketingExpenses": 194392000,
    "sellingGeneralAndAdministrativeExpenses": 473334000,
    "otherExpenses": 2731000,
    "operatingExpenses": 717915000,
    "costAndExpenses": 2211317000,
    "interestIncome": 0,
    "interestExpense": 24596000,
    "depreciationAndAmortization": 56002000,
    "ebitda": 303096000,
    "ebitdaratio": 0.123289393,
    "operatingIncome": 244573000,
    "operatingIncomeRatio": 0.099484179,
    "totalOtherIncomeExpensesNet": -18788000,
    "incomeBeforeTax": 225785000,
    "incomeBeforeTaxRatio": 0.0918418442,
    "incomeTaxExpense": 75862000,
    "netIncome": 150914000,
    "netIncomeRatio": 0.0613868064,
    "eps": 0.49,
    "epsdiluted": 0.49,
    "weightedAverageShsOut": 308407000,
    "weightedAverageShsOutDil": 310396000,
    "link": "https://www.sec.gov/Archives/edgar/data/1065696/000106569617000039/0001065696-17-000039-index.htm",
    "finalLink": "https://www.sec.gov/Archives/edgar/data/1065696/000106569617000039/lkq-2017063010xq.htm"
  },
  {
    "date": "2017-03-31",
    "symbol": "LKQ",
    "reportedCurrency": "USD",
    "cik": "0001065696",
    "fillingDate": "2017-05-01",
    "acceptedDate": "2017-05-01 15:14:42",
    "calendarYear": "2017",
    "period": "Q1",
    "revenue": 2342843000,
    "costOfRevenue": 1412750000,
    "grossProfit": 930093000,
    "grossProfitRatio": 0.3969933111,
    "researchAndDevelopmentExpenses": 0,
    "generalAndAdministrativeExpenses": 267227000,
    "sellingAndMarketingExpenses": 185810000,
    "sellingGeneralAndAdministrativeExpenses": 453037000,
    "otherExpenses": 1046000,
    "operatingExpenses": 691473000,
    "costAndExpenses": 2104223000,
    "interestIncome": 0,
    "interestExpense": 23988000,
    "depreciationAndAmortization": 50604000,
    "ebitda": 289224000,
    "ebitdaratio": 0.1234500135,
    "operatingIncome": 235692000,
    "operatingIncomeRatio": 0.1006008512,
    "totalOtherIncomeExpensesNet": -22942000,
    "incomeBeforeTax": 212750000,
    "incomeBeforeTaxRatio": 0.090808475,
    "incomeTaxExpense": 72155000,
    "netIncome": 136278000,
    "netIncomeRatio": 0.0581677902,
    "eps": 0.44,
    "epsdiluted": 0.44,
    "weightedAverageShsOut": 308028000,
    "weightedAverageShsOutDil": 310300000,
    "link": "https://www.sec.gov/Archives/edgar/data/1065696/000106569617000022/0001065696-17-000022-index.htm",
    "finalLink": "https://www.sec.gov/Archives/edgar/data/1065696/000106569617000022/lkq-2017033110xq.htm"
  },
  {
    "date": "2016-12-31",
    "symbol": "LKQ",
    "reportedCurrency": "USD",
    "cik": "0001065696",
    "fillingDate": "2017-02-27",
    "acceptedDate": "2017-02-27 17:31:25",
    "calendarYear": "2016",
    "period": "Q4",
    "revenue": 2150406000,
    "costOfRevenue": 1320400000,
    "grossProfit": 830006000,
    "grossProfitRatio": 0.3859764156,
    "researchAndDevelopmentExpenses": 0,
    "generalAndAdministrativeExpenses": 259644000,
    "sellingAndMarketingExpenses": 174578000,
    "sellingGeneralAndAdministrativeExpenses": 434222000,
    "otherExpenses": -2519000,
    "operatingExpenses": 661178000,
    "costAndExpenses": 1981578000,
    "interestIncome": 2247000,
    "interestExpense": 23856000,
    "depreciationAndAmortization": 55716000,
    "ebitda": 224407000,
    "ebitdaratio": 0.1043556426,
    "operatingIncome": 161880000,
    "operatingIncomeRatio": 0.0752788078,
    "totalOtherIncomeExpensesNet": -18168000,
    "incomeBeforeTax": 143712000,
    "incomeBeforeTaxRatio": 0.0668301707,
    "incomeTaxExpense": 47341000,
    "netIncome": 86331000,
    "netIncomeRatio": 0.0401463724,
    "eps": 0.28,
    "epsdiluted": 0.28,
    "weightedAverageShsOut": 307514000,
    "weightedAverageShsOutDil": 310120000,
    "link": "https://www.sec.gov/Archives/edgar/data/1065696/000106569617000005/0001065696-17-000005-index.htm",
    "finalLink": "https://www.sec.gov/Archives/edgar/data/1065696/000106569617000005/lkq-20161231_10k.htm"
  },
  {
    "date": "2016-09-30",
    "symbol": "LKQ",
    "reportedCurrency": "USD",
    "cik": "0001065696",
    "fillingDate": "2016-11-01",
    "acceptedDate": "2016-10-31 18:14:40",
    "calendarYear": "2016",
    "period": "Q3",
    "revenue": 2386830000,
    "costOfRevenue": 1503418000,
    "grossProfit": 883412000,
    "grossProfitRatio": 0.3701193633,
    "researchAndDevelopmentExpenses": 0,
    "generalAndAdministrativeExpenses": 263372000,
    "sellingAndMarketingExpenses": 172566000,
    "sellingGeneralAndAdministrativeExpenses": 435938000,
    "otherExpenses": 3279000,
    "operatingExpenses": 672002000,
    "costAndExpenses": 2175420000,
    "interestIncome": 0,
    "interestExpense": 24761000,
    "depreciationAndAmortization": 59488000,
    "ebitda": 249824000,
    "ebitdaratio": 0.1046676973,
    "operatingIncome": 202998000,
    "operatingIncomeRatio": 0.0850492075,
    "totalOtherIncomeExpensesNet": -4183000,
    "incomeBeforeTax": 179218000,
    "incomeBeforeTaxRatio": 0.0750862022,
    "incomeTaxExpense": 56797000,
    "netIncome": 122688000,
    "netIncomeRatio": 0.0514020689,
    "eps": 0.4,
    "epsdiluted": 0.4,
    "weightedAverageShsOut": 307190000,
    "weightedAverageShsOutDil": 310036000,
    "link": "https://www.sec.gov/Archives/edgar/data/1065696/000106569616000142/0001065696-16-000142-index.htm",
    "finalLink": "https://www.sec.gov/Archives/edgar/data/1065696/000106569616000142/lkq-2016093010xq.htm"
  },
  {
    "date": "2016-06-30",
    "symbol": "LKQ",
    "reportedCurrency": "USD",
    "cik": "0001065696",
    "fillingDate": "2016-08-02",
    "acceptedDate": "2016-08-02 11:31:55",
    "calendarYear": "2016",
    "period": "Q2",
    "revenue": 2450693000,
    "costOfRevenue": 1528746000,
    "grossProfit": 921947000,
    "grossProfitRatio": 0.3761984875,
    "researchAndDevelopmentExpenses": 0,
    "generalAndAdministrativeExpenses": 254153000,
    "sellingAndMarketingExpenses": 184331000,
    "sellingGeneralAndAdministrativeExpenses": 438484000,
    "otherExpenses": -1339000,
    "operatingExpenses": 669683000,
    "costAndExpenses": 2198429000,
    "interestIncome": 0,
    "interestExpense": 26381000,
    "depreciationAndAmortization": 57716000,
    "ebitda": 302843000,
    "ebitdaratio": 0.1235744338,
    "operatingIncome": 243184000,
    "operatingIncomeRatio": 0.0992307074,
    "totalOtherIncomeExpensesNet": -16981000,
    "incomeBeforeTax": 215464000,
    "incomeBeforeTaxRatio": 0.0879196211,
    "incomeTaxExpense": 74874000,
    "netIncome": 140737000,
    "netIncomeRatio": 0.0574274297,
    "eps": 0.46,
    "epsdiluted": 0.46,
    "weightedAverageShsOut": 306718000,
    "weightedAverageShsOutDil": 308898000,
    "link": "https://www.sec.gov/Archives/edgar/data/1065696/000106569616000129/0001065696-16-000129-index.htm",
    "finalLink": "https://www.sec.gov/Archives/edgar/data/1065696/000106569616000129/lkq-2016063010xq.htm"
  },
  {
    "date": "2016-03-31",
    "symbol": "LKQ",
    "reportedCurrency": "USD",
    "cik": "0001065696",
    "fillingDate": "2016-04-29",
    "acceptedDate": "2016-04-29 16:55:19",
    "calendarYear": "2016",
    "period": "Q1",
    "revenue": 1921476000,
    "costOfRevenue": 1161039000,
    "grossProfit": 760437000,
    "grossProfitRatio": 0.3957566995,
    "researchAndDevelopmentExpenses": 0,
    "generalAndAdministrativeExpenses": 218318000,
    "sellingAndMarketingExpenses": 152343000,
    "sellingGeneralAndAdministrativeExpenses": 370661000,
    "otherExpenses": 2889000,
    "operatingExpenses": 559954000,
    "costAndExpenses": 1720993000,
    "interestIncome": 0,
    "interestExpense": 14592000,
    "depreciationAndAmortization": 33166000,
    "ebitda": 233649000,
    "ebitdaratio": 0.1215987085,
    "operatingIncome": 185672000,
    "operatingIncomeRatio": 0.0966298824,
    "totalOtherIncomeExpensesNet": -20011000,
    "incomeBeforeTax": 165661000,
    "incomeBeforeTaxRatio": 0.0862154927,
    "incomeTaxExpense": 57567000,
    "netIncome": 107732000,
    "netIncomeRatio": 0.0560673149,
    "eps": 0.35,
    "epsdiluted": 0.35,
    "weightedAverageShsOut": 306157000,
    "weightedAverageShsOutDil": 308369000,
    "link": "https://www.sec.gov/Archives/edgar/data/1065696/000106569616000112/0001065696-16-000112-index.htm",
    "finalLink": "https://www.sec.gov/Archives/edgar/data/1065696/000106569616000112/lkq-2016033110xq.htm"
  },
  {
    "date": "2015-12-31",
    "symbol": "LKQ",
    "reportedCurrency": "USD",
    "cik": "0001065696",
    "fillingDate": "2016-02-25",
    "acceptedDate": "2016-02-25 15:25:43",
    "calendarYear": "2015",
    "period": "Q4",
    "revenue": 1748919000,
    "costOfRevenue": 1051592000,
    "grossProfit": 697327000,
    "grossProfitRatio": 0.3987188658,
    "researchAndDevelopmentExpenses": 0,
    "generalAndAdministrativeExpenses": 211409000,
    "sellingAndMarketingExpenses": 152376000,
    "sellingGeneralAndAdministrativeExpenses": 363785000,
    "otherExpenses": 997000,
    "operatingExpenses": 538874000,
    "costAndExpenses": 1590466000,
    "interestIncome": 2363000,
    "interestExpense": 13256000,
    "depreciationAndAmortization": 33504000,
    "ebitda": 191957000,
    "ebitdaratio": 0.1097575131,
    "operatingIncome": 151671000,
    "operatingIncomeRatio": 0.0867227127,
    "totalOtherIncomeExpensesNet": -12259000,
    "incomeBeforeTax": 139412000,
    "incomeBeforeTaxRatio": 0.07971324,
    "incomeTaxExpense": 42448000,
    "netIncome": 95060000,
    "netIncomeRatio": 0.054353575,
    "eps": 0.31,
    "epsdiluted": 0.31,
    "weightedAverageShsOut": 305520000,
    "weightedAverageShsOutDil": 308028000,
    "link": "https://www.sec.gov/Archives/edgar/data/1065696/000106569616000076/0001065696-16-000076-index.htm",
    "finalLink": "https://www.sec.gov/Archives/edgar/data/1065696/000106569616000076/lkq-20151231_10k.htm"
  },
  {
    "date": "2015-09-30",
    "symbol": "LKQ",
    "reportedCurrency": "USD",
    "cik": "0001065696",
    "fillingDate": "2015-10-30",
    "acceptedDate": "2015-10-30 15:07:51",
    "calendarYear": "2015",
    "period": "Q3",
    "revenue": 1831732000,
    "costOfRevenue": 1118953000,
    "grossProfit": 712779000,
    "grossProfitRatio": 0.3891284315,
    "researchAndDevelopmentExpenses": 0,
    "generalAndAdministrativeExpenses": 207887000,
    "sellingAndMarketingExpenses": 158768000,
    "sellingGeneralAndAdministrativeExpenses": 366655000,
    "otherExpenses": 2928000,
    "operatingExpenses": 541456000,
    "costAndExpenses": 1660409000,
    "interestIncome": 0,
    "interestExpense": 14722000,
    "depreciationAndAmortization": 32974000,
    "ebitda": 204297000,
    "ebitdaratio": 0.1115321455,
    "operatingIncome": 166745000,
    "operatingIncomeRatio": 0.0910313299,
    "totalOtherIncomeExpensesNet": -11794000,
    "incomeBeforeTax": 154951000,
    "incomeBeforeTaxRatio": 0.0845926151,
    "incomeTaxExpense": 52475000,
    "netIncome": 101346000,
    "netIncomeRatio": 0.0553279628,
    "eps": 0.33,
    "epsdiluted": 0.33,
    "weightedAverageShsOut": 305059000,
    "weightedAverageShsOutDil": 307728000,
    "link": "https://www.sec.gov/Archives/edgar/data/1065696/000106569615000059/0001065696-15-000059-index.htm",
    "finalLink": "https://www.sec.gov/Archives/edgar/data/1065696/000106569615000059/lkq-2015093010xq.htm"
  },
  {
    "date": "2015-06-30",
    "symbol": "LKQ",
    "reportedCurrency": "USD",
    "cik": "0001065696",
    "fillingDate": "2015-08-03",
    "acceptedDate": "2015-08-03 12:45:13",
    "calendarYear": "2015",
    "period": "Q2",
    "revenue": 1838070000,
    "costOfRevenue": 1114126000,
    "grossProfit": 723944000,
    "grossProfitRatio": 0.393860952,
    "researchAndDevelopmentExpenses": 0,
    "generalAndAdministrativeExpenses": 205796000,
    "sellingAndMarketingExpenses": 150039000,
    "sellingGeneralAndAdministrativeExpenses": 355835000,
    "otherExpenses": -97000,
    "operatingExpenses": 521996000,
    "costAndExpenses": 1636122000,
    "interestIncome": 0,
    "interestExpense": 14622000,
    "depreciationAndAmortization": 31045000,
    "ebitda": 232993000,
    "ebitdaratio": 0.1267595902,
    "operatingIncome": 200285000,
    "operatingIncomeRatio": 0.1089648381,
    "totalOtherIncomeExpensesNet": -14719000,
    "incomeBeforeTax": 185566000,
    "incomeBeforeTaxRatio": 0.1009569821,
    "incomeTaxExpense": 64682000,
    "netIncome": 119722000,
    "netIncomeRatio": 0.0651346249,
    "eps": 0.39,
    "epsdiluted": 0.39,
    "weightedAverageShsOut": 304286000,
    "weightedAverageShsOutDil": 307247000,
    "link": "https://www.sec.gov/Archives/edgar/data/1065696/000106569615000044/0001065696-15-000044-index.htm",
    "finalLink": "https://www.sec.gov/Archives/edgar/data/1065696/000106569615000044/lkq-2015063010xq.htm"
  },
  {
    "date": "2015-03-31",
    "symbol": "LKQ",
    "reportedCurrency": "USD",
    "cik": "0001065696",
    "fillingDate": "2015-05-01",
    "acceptedDate": "2015-05-01 17:07:43",
    "calendarYear": "2015",
    "period": "Q1",
    "revenue": 1773912000,
    "costOfRevenue": 1074433000,
    "grossProfit": 699479000,
    "grossProfitRatio": 0.3943143741,
    "researchAndDevelopmentExpenses": 0,
    "generalAndAdministrativeExpenses": 203241000,
    "sellingAndMarketingExpenses": 141714000,
    "sellingGeneralAndAdministrativeExpenses": 344955000,
    "otherExpenses": -1919000,
    "operatingExpenses": 507065000,
    "costAndExpenses": 1581498000,
    "interestIncome": 0,
    "interestExpense": 14906000,
    "depreciationAndAmortization": 30669000,
    "ebitda": 223083000,
    "ebitdaratio": 0.1257576475,
    "operatingIncome": 185926000,
    "operatingIncomeRatio": 0.1048112871,
    "totalOtherIncomeExpensesNet": -16825000,
    "incomeBeforeTax": 169101000,
    "incomeBeforeTaxRatio": 0.0953266002,
    "incomeTaxExpense": 60098000,
    "netIncome": 107095000,
    "netIncomeRatio": 0.0603722169,
    "eps": 0.35,
    "epsdiluted": 0.35,
    "weightedAverageShsOut": 304003000,
    "weightedAverageShsOutDil": 306961000,
    "link": "https://www.sec.gov/Archives/edgar/data/1065696/000106569615000026/0001065696-15-000026-index.htm",
    "finalLink": "https://www.sec.gov/Archives/edgar/data/1065696/000106569615000026/lkq-2015033110xq.htm"
  },
  {
    "date": "2014-12-31",
    "symbol": "LKQ",
    "reportedCurrency": "USD",
    "cik": "0001065696",
    "fillingDate": "2015-03-02",
    "acceptedDate": "2015-03-02 14:57:07",
    "calendarYear": "2014",
    "period": "Q4",
    "revenue": 1684131000,
    "costOfRevenue": 1019572000,
    "grossProfit": 664559000,
    "grossProfitRatio": 0.3946005388,
    "researchAndDevelopmentExpenses": 0,
    "generalAndAdministrativeExpenses": 199544000,
    "sellingAndMarketingExpenses": 144896000,
    "sellingGeneralAndAdministrativeExpenses": 344440000,
    "otherExpenses": -572000,
    "operatingExpenses": 516319000,
    "costAndExpenses": 1535891000,
    "interestIncome": 598000,
    "interestExpense": 15965000,
    "depreciationAndAmortization": 34790000,
    "ebitda": 183030000,
    "ebitdaratio": 0.1086791942,
    "operatingIncome": 146250000,
    "operatingIncomeRatio": 0.086840038,
    "totalOtherIncomeExpensesNet": -16537000,
    "incomeBeforeTax": 129713000,
    "incomeBeforeTaxRatio": 0.0770207306,
    "incomeTaxExpense": 48338000,
    "netIncome": 80469000,
    "netIncomeRatio": 0.0477807249,
    "eps": 0.27,
    "epsdiluted": 0.26,
    "weightedAverageShsOut": 303191000,
    "weightedAverageShsOutDil": 306601000,
    "link": "https://www.sec.gov/Archives/edgar/data/1065696/000106569615000007/0001065696-15-000007-index.htm",
    "finalLink": "https://www.sec.gov/Archives/edgar/data/1065696/000106569615000007/lkq-20141231_10k.htm"
  },
  {
    "date": "2014-09-30",
    "symbol": "LKQ",
    "reportedCurrency": "USD",
    "cik": "0001065696",
    "fillingDate": "2014-10-31",
    "acceptedDate": "2014-10-31 15:57:16",
    "calendarYear": "2014",
    "period": "Q3",
    "revenue": 1721024000,
    "costOfRevenue": 1056613000,
    "grossProfit": 664411000,
    "grossProfitRatio": 0.3860556273,
    "researchAndDevelopmentExpenses": 0,
    "generalAndAdministrativeExpenses": 192229000,
    "sellingAndMarketingExpenses": 148572000,
    "sellingGeneralAndAdministrativeExpenses": 340801000,
    "otherExpenses": 6000,
    "operatingExpenses": 504629000,
    "costAndExpenses": 1561242000,
    "interestIncome": 0,
    "interestExpense": 16394000,
    "depreciationAndAmortization": 31754000,
    "ebitda": 191536000,
    "ebitdaratio": 0.111291882,
    "operatingIncome": 156188000,
    "operatingIncomeRatio": 0.0907529471,
    "totalOtherIncomeExpensesNet": -16388000,
    "incomeBeforeTax": 139800000,
    "incomeBeforeTaxRatio": 0.0812307092,
    "incomeTaxExpense": 47564000,
    "netIncome": 91515000,
    "netIncomeRatio": 0.0531747378,
    "eps": 0.3,
    "epsdiluted": 0.3,
    "weightedAverageShsOut": 302724000,
    "weightedAverageShsOutDil": 306206000,
    "link": "https://www.sec.gov/Archives/edgar/data/1065696/000106569614000069/0001065696-14-000069-index.htm",
    "finalLink": "https://www.sec.gov/Archives/edgar/data/1065696/000106569614000069/lkq-20140930x10q.htm"
  },
  {
    "date": "2014-06-30",
    "symbol": "LKQ",
    "reportedCurrency": "USD",
    "cik": "0001065696",
    "fillingDate": "2014-08-01",
    "acceptedDate": "2014-08-01 16:05:31",
    "calendarYear": "2014",
    "period": "Q2",
    "revenue": 1709132000,
    "costOfRevenue": 1038073000,
    "grossProfit": 671059000,
    "grossProfitRatio": 0.3926314644,
    "researchAndDevelopmentExpenses": 0,
    "generalAndAdministrativeExpenses": 186585000,
    "sellingAndMarketingExpenses": 146544000,
    "sellingGeneralAndAdministrativeExpenses": 333129000,
    "otherExpenses": 1697000,
    "operatingExpenses": 491562000,
    "costAndExpenses": 1529635000,
    "interestIncome": 0,
    "interestExpense": 15628000,
    "depreciationAndAmortization": 31047000,
    "ebitda": 210544000,
    "ebitdaratio": 0.1231876766,
    "operatingIncome": 173596000,
    "operatingIncomeRatio": 0.1015696857,
    "totalOtherIncomeExpensesNet": -13931000,
    "incomeBeforeTax": 159665000,
    "incomeBeforeTaxRatio": 0.0934187646,
    "incomeTaxExpense": 54341000,
    "netIncome": 104882000,
    "netIncomeRatio": 0.0613656523,
    "eps": 0.35,
    "epsdiluted": 0.34,
    "weightedAverageShsOut": 302030000,
    "weightedAverageShsOutDil": 305837000,
    "link": "https://www.sec.gov/Archives/edgar/data/1065696/000106569614000057/0001065696-14-000057-index.htm",
    "finalLink": "https://www.sec.gov/Archives/edgar/data/1065696/000106569614000057/lkq-20140630x10q.htm"
  },
  {
    "date": "2014-03-31",
    "symbol": "LKQ",
    "reportedCurrency": "USD",
    "cik": "0001065696",
    "fillingDate": "2014-05-01",
    "acceptedDate": "2014-05-01 16:23:49",
    "calendarYear": "2014",
    "period": "Q1",
    "revenue": 1625777000,
    "costOfRevenue": 973893000,
    "grossProfit": 651884000,
    "grossProfitRatio": 0.4009676604,
    "researchAndDevelopmentExpenses": 0,
    "generalAndAdministrativeExpenses": 184530000,
    "sellingAndMarketingExpenses": 137329000,
    "sellingGeneralAndAdministrativeExpenses": 321859000,
    "otherExpenses": 1318000,
    "operatingExpenses": 474729000,
    "costAndExpenses": 1448622000,
    "interestIncome": 0,
    "interestExpense": 16118000,
    "depreciationAndAmortization": 27846000,
    "ebitda": 205001000,
    "ebitdaratio": 0.1260941691,
    "operatingIncome": 173834000,
    "operatingIncomeRatio": 0.1069236433,
    "totalOtherIncomeExpensesNet": -15124000,
    "incomeBeforeTax": 158710000,
    "incomeBeforeTaxRatio": 0.0976210144,
    "incomeTaxExpense": 54021000,
    "netIncome": 104653000,
    "netIncomeRatio": 0.0643710669,
    "eps": 0.35,
    "epsdiluted": 0.34,
    "weightedAverageShsOut": 301406000,
    "weightedAverageShsOutDil": 305514000,
    "link": "https://www.sec.gov/Archives/edgar/data/1065696/000106569614000034/0001065696-14-000034-index.htm",
    "finalLink": "https://www.sec.gov/Archives/edgar/data/1065696/000106569614000034/lkq-20140331x10q.htm"
  },
  {
    "date": "2013-12-31",
    "symbol": "LKQ",
    "reportedCurrency": "USD",
    "cik": "0001065696",
    "fillingDate": "2014-03-03",
    "acceptedDate": "2014-03-03 16:40:29",
    "calendarYear": "2013",
    "period": "Q4",
    "revenue": 1316689000,
    "costOfRevenue": 771016000,
    "grossProfit": 545673000,
    "grossProfitRatio": 0.4144281603,
    "researchAndDevelopmentExpenses": 0,
    "generalAndAdministrativeExpenses": 160438000,
    "sellingAndMarketingExpenses": 111914000,
    "sellingGeneralAndAdministrativeExpenses": 272352000,
    "otherExpenses": -739000,
    "operatingExpenses": 409072000,
    "costAndExpenses": 1180088000,
    "interestIncome": 140000,
    "interestExpense": 14644000,
    "depreciationAndAmortization": 24595000,
    "ebitda": 152574000,
    "ebitdaratio": 0.1158770218,
    "operatingIncome": 133819000,
    "operatingIncomeRatio": 0.1016329596,
    "totalOtherIncomeExpensesNet": -15243000,
    "incomeBeforeTax": 118576000,
    "incomeBeforeTaxRatio": 0.090056194,
    "incomeTaxExpense": 40712000,
    "netIncome": 77864000,
    "netIncomeRatio": 0.0591362121,
    "eps": 0.26,
    "epsdiluted": 0.26,
    "weightedAverageShsOut": 300644000,
    "weightedAverageShsOutDil": 305199000,
    "link": "https://www.sec.gov/Archives/edgar/data/1065696/000106569614000017/0001065696-14-000017-index.htm",
    "finalLink": "https://www.sec.gov/Archives/edgar/data/1065696/000106569614000017/lkq-20131231_10k.htm"
  },
  {
    "date": "2013-09-30",
    "symbol": "LKQ",
    "reportedCurrency": "USD",
    "cik": "0001065696",
    "fillingDate": "2013-11-01",
    "acceptedDate": "2013-11-01 16:33:18",
    "calendarYear": "2013",
    "period": "Q3",
    "revenue": 1298094000,
    "costOfRevenue": 780187000,
    "grossProfit": 517907000,
    "grossProfitRatio": 0.3989749587,
    "researchAndDevelopmentExpenses": 0,
    "generalAndAdministrativeExpenses": 153546000,
    "sellingAndMarketingExpenses": 109593000,
    "sellingGeneralAndAdministrativeExpenses": 263139000,
    "otherExpenses": 850000,
    "operatingExpenses": 392306000,
    "costAndExpenses": 1172493000,
    "interestIncome": 0,
    "interestExpense": 15200000,
    "depreciationAndAmortization": 22157000,
    "ebitda": 147758000,
    "ebitdaratio": 0.1138268877,
    "operatingIncome": 123395000,
    "operatingIncomeRatio": 0.0950586013,
    "totalOtherIncomeExpensesNet": -14350000,
    "incomeBeforeTax": 109045000,
    "incomeBeforeTaxRatio": 0.0840039319,
    "incomeTaxExpense": 35600000,
    "netIncome": 73445000,
    "netIncomeRatio": 0.0565791075,
    "eps": 0.24,
    "epsdiluted": 0.24,
    "weightedAverageShsOut": 300223000,
    "weightedAverageShsOutDil": 304685000,
    "link": "https://www.sec.gov/Archives/edgar/data/1065696/000106569613000065/0001065696-13-000065-index.htm",
    "finalLink": "https://www.sec.gov/Archives/edgar/data/1065696/000106569613000065/lkq-2013930x10q.htm"
  },
  {
    "date": "2013-06-30",
    "symbol": "LKQ",
    "reportedCurrency": "USD",
    "cik": "0001065696",
    "fillingDate": "2013-08-02",
    "acceptedDate": "2013-08-02 17:11:55",
    "calendarYear": "2013",
    "period": "Q2",
    "revenue": 1251748000,
    "costOfRevenue": 741875000,
    "grossProfit": 509873000,
    "grossProfitRatio": 0.4073287914,
    "researchAndDevelopmentExpenses": 0,
    "generalAndAdministrativeExpenses": 146012000,
    "sellingAndMarketingExpenses": 106583000,
    "sellingGeneralAndAdministrativeExpenses": 252595000,
    "otherExpenses": 347000,
    "operatingExpenses": 374815000,
    "costAndExpenses": 1116690000,
    "interestIncome": 0,
    "interestExpense": 12492000,
    "depreciationAndAmortization": 20671000,
    "ebitda": 156076000,
    "ebitdaratio": 0.1246864385,
    "operatingIncome": 131378000,
    "operatingIncomeRatio": 0.10495563,
    "totalOtherIncomeExpensesNet": -14940000,
    "incomeBeforeTax": 116438000,
    "incomeBeforeTaxRatio": 0.0930203204,
    "incomeTaxExpense": 40716000,
    "netIncome": 75722000,
    "netIncomeRatio": 0.0604930066,
    "eps": 0.25,
    "epsdiluted": 0.25,
    "weightedAverageShsOut": 299159000,
    "weightedAverageShsOutDil": 303657000,
    "link": "https://www.sec.gov/Archives/edgar/data/1065696/000106569613000056/0001065696-13-000056-index.htm",
    "finalLink": "https://www.sec.gov/Archives/edgar/data/1065696/000106569613000056/lkq-201363010q.htm"
  },
  {
    "date": "2013-03-31",
    "symbol": "LKQ",
    "reportedCurrency": "USD",
    "cik": "0001065696",
    "fillingDate": "2013-04-26",
    "acceptedDate": "2013-04-26 15:22:09",
    "calendarYear": "2013",
    "period": "Q1",
    "revenue": 1195997000,
    "costOfRevenue": 694048000,
    "grossProfit": 501949000,
    "grossProfitRatio": 0.4196908521,
    "researchAndDevelopmentExpenses": 0,
    "generalAndAdministrativeExpenses": 137056000,
    "sellingAndMarketingExpenses": 103857000,
    "sellingGeneralAndAdministrativeExpenses": 240913000,
    "otherExpenses": -1225000,
    "operatingExpenses": 358856000,
    "costAndExpenses": 1052904000,
    "interestIncome": 0,
    "interestExpense": 8595000,
    "depreciationAndAmortization": 19040000,
    "ebitda": 160908000,
    "ebitdaratio": 0.134538799,
    "operatingIncome": 141588000,
    "operatingIncomeRatio": 0.1183849123,
    "totalOtherIncomeExpensesNet": -9820000,
    "incomeBeforeTax": 131768000,
    "incomeBeforeTaxRatio": 0.1101741894,
    "incomeTaxExpense": 47176000,
    "netIncome": 84592000,
    "netIncomeRatio": 0.0707292744,
    "eps": 0.28,
    "epsdiluted": 0.28,
    "weightedAverageShsOut": 298226000,
    "weightedAverageShsOutDil": 302937000,
    "link": "https://www.sec.gov/Archives/edgar/data/1065696/000106569613000032/0001065696-13-000032-index.htm",
    "finalLink": "https://www.sec.gov/Archives/edgar/data/1065696/000106569613000032/lkq-2013331x10q.htm"
  },
  {
    "date": "2012-12-31",
    "symbol": "LKQ",
    "reportedCurrency": "USD",
    "cik": "0001065696",
    "fillingDate": "2013-03-01",
    "acceptedDate": "2013-03-01 15:52:13",
    "calendarYear": "2012",
    "period": "Q4",
    "revenue": 1067915000,
    "costOfRevenue": 622794000,
    "grossProfit": 445121000,
    "grossProfitRatio": 0.4168131359,
    "researchAndDevelopmentExpenses": 0,
    "generalAndAdministrativeExpenses": 131130000,
    "sellingAndMarketingExpenses": 98444000,
    "sellingGeneralAndAdministrativeExpenses": 229574000,
    "otherExpenses": 144000,
    "operatingExpenses": 340584000,
    "costAndExpenses": 963378000,
    "interestIncome": 742000,
    "interestExpense": 8611000,
    "depreciationAndAmortization": 18591000,
    "ebitda": 123952000,
    "ebitdaratio": 0.1160691628,
    "operatingIncome": 104344000,
    "operatingIncomeRatio": 0.0977081509,
    "totalOtherIncomeExpensesNet": -7725000,
    "incomeBeforeTax": 96619000,
    "incomeBeforeTaxRatio": 0.0904744291,
    "incomeTaxExpense": 34431000,
    "netIncome": 62188000,
    "netIncomeRatio": 0.0582330991,
    "eps": 0.21,
    "epsdiluted": 0.21,
    "weightedAverageShsOut": 297213000,
    "weightedAverageShsOutDil": 302075000,
    "link": "https://www.sec.gov/Archives/edgar/data/1065696/000106569613000014/0001065696-13-000014-index.htm",
    "finalLink": "https://www.sec.gov/Archives/edgar/data/1065696/000106569613000014/lkq-20121231_10k.htm"
  },
  {
    "date": "2012-09-30",
    "symbol": "LKQ",
    "reportedCurrency": "USD",
    "cik": "0001065696",
    "fillingDate": "2012-10-26",
    "acceptedDate": "2012-10-26 17:22:02",
    "calendarYear": "2012",
    "period": "Q3",
    "revenue": 1016707000,
    "costOfRevenue": 607002000,
    "grossProfit": 409705000,
    "grossProfitRatio": 0.4029725378,
    "researchAndDevelopmentExpenses": 0,
    "generalAndAdministrativeExpenses": 207788000,
    "sellingAndMarketingExpenses": 93652000,
    "sellingGeneralAndAdministrativeExpenses": 301440000,
    "otherExpenses": 16715000,
    "operatingExpenses": 318155000,
    "costAndExpenses": 925157000,
    "interestIncome": 0,
    "interestExpense": 7964000,
    "depreciationAndAmortization": 18128000,
    "ebitda": 107931000,
    "ebitdaratio": 0.1061574279,
    "operatingIncome": 91434000,
    "operatingIncomeRatio": 0.0899315142,
    "totalOtherIncomeExpensesNet": -8182000,
    "incomeBeforeTax": 83252000,
    "incomeBeforeTaxRatio": 0.0818839646,
    "incomeTaxExpense": 29204000,
    "netIncome": 54048000,
    "netIncomeRatio": 0.0531598582,
    "eps": 0.18,
    "epsdiluted": 0.18,
    "weightedAverageShsOut": 296437000,
    "weightedAverageShsOutDil": 301172000,
    "link": "https://www.sec.gov/Archives/edgar/data/1065696/000106569612000008/0001065696-12-000008-index.htm",
    "finalLink": "https://www.sec.gov/Archives/edgar/data/1065696/000106569612000008/lkq-2012930x10q.htm"
  },
  {
    "date": "2012-06-30",
    "symbol": "LKQ",
    "reportedCurrency": "USD",
    "cik": "0001065696",
    "fillingDate": "2012-07-27",
    "acceptedDate": "2012-07-27 14:53:48",
    "calendarYear": "2012",
    "period": "Q2",
    "revenue": 1006531000,
    "costOfRevenue": 584600000,
    "grossProfit": 421931000,
    "grossProfitRatio": 0.4191932489,
    "researchAndDevelopmentExpenses": 0,
    "generalAndAdministrativeExpenses": 203890000,
    "sellingAndMarketingExpenses": 91926000,
    "sellingGeneralAndAdministrativeExpenses": 295816000,
    "otherExpenses": 15353000,
    "operatingExpenses": 311169000,
    "costAndExpenses": 895769000,
    "interestIncome": 0,
    "interestExpense": 7356000,
    "depreciationAndAmortization": 17189000,
    "ebitda": 123908000,
    "ebitdaratio": 0.1231040077,
    "operatingIncome": 108567000,
    "operatingIncomeRatio": 0.1078625497,
    "totalOtherIncomeExpensesNet": -7368000,
    "incomeBeforeTax": 101199000,
    "incomeBeforeTaxRatio": 0.1005423579,
    "incomeTaxExpense": 37201000,
    "netIncome": 63998000,
    "netIncomeRatio": 0.0635827411,
    "eps": 0.22,
    "epsdiluted": 0.22,
    "weightedAverageShsOut": 295290000,
    "weightedAverageShsOutDil": 300152000,
    "link": "https://www.sec.gov/Archives/edgar/data/1065696/000119312512319255/0001193125-12-319255-index.htm",
    "finalLink": "https://www.sec.gov/Archives/edgar/data/1065696/000119312512319255/d358613d10q.htm"
  },
  {
    "date": "2012-03-31",
    "symbol": "LKQ",
    "reportedCurrency": "USD",
    "cik": "0001065696",
    "fillingDate": "2012-04-27",
    "acceptedDate": "2012-04-27 17:07:07",
    "calendarYear": "2012",
    "period": "Q1",
    "revenue": 1031777000,
    "costOfRevenue": 584394000,
    "grossProfit": 447383000,
    "grossProfitRatio": 0.4336043544,
    "researchAndDevelopmentExpenses": 0,
    "generalAndAdministrativeExpenses": 206822000,
    "sellingAndMarketingExpenses": 91813000,
    "sellingGeneralAndAdministrativeExpenses": 298635000,
    "otherExpenses": 14893000,
    "operatingExpenses": 313528000,
    "costAndExpenses": 897922000,
    "interestIncome": 0,
    "interestExpense": 7367000,
    "depreciationAndAmortization": 16257000,
    "ebitda": 150357000,
    "ebitdaratio": 0.1457262567,
    "operatingIncome": 133608000,
    "operatingIncomeRatio": 0.1294930978,
    "totalOtherIncomeExpensesNet": -5511000,
    "incomeBeforeTax": 128097000,
    "incomeBeforeTaxRatio": 0.1241518274,
    "incomeTaxExpense": 47106000,
    "netIncome": 80991000,
    "netIncomeRatio": 0.0784966131,
    "eps": 0.28,
    "epsdiluted": 0.27,
    "weightedAverageShsOut": 294278000,
    "weightedAverageShsOutDil": 299342000,
    "link": "https://www.sec.gov/Archives/edgar/data/1065696/000119312512191566/0001193125-12-191566-index.htm",
    "finalLink": "https://www.sec.gov/Archives/edgar/data/1065696/000119312512191566/d323358d10q.htm"
  },
  {
    "date": "2011-12-31",
    "symbol": "LKQ",
    "reportedCurrency": "USD",
    "cik": "0001065696",
    "fillingDate": "2012-02-27",
    "acceptedDate": "2012-02-27 17:15:56",
    "calendarYear": "2011",
    "period": "Q4",
    "revenue": 939632000,
    "costOfRevenue": 547843000,
    "grossProfit": 391789000,
    "grossProfitRatio": 0.4169600439,
    "researchAndDevelopmentExpenses": 0,
    "generalAndAdministrativeExpenses": 200039000,
    "sellingAndMarketingExpenses": 84326000,
    "sellingGeneralAndAdministrativeExpenses": 284365000,
    "otherExpenses": 15029000,
    "operatingExpenses": 299394000,
    "costAndExpenses": 847237000,
    "interestIncome": 1860000,
    "interestExpense": 8380000,
    "depreciationAndAmortization": 16197000,
    "ebitda": 104219000,
    "ebitdaratio": 0.1109146985,
    "operatingIncome": 90138000,
    "operatingIncomeRatio": 0.0959290446,
    "totalOtherIncomeExpensesNet": -5920000,
    "incomeBeforeTax": 84218000,
    "incomeBeforeTaxRatio": 0.0896287057,
    "incomeTaxExpense": 28073000,
    "netIncome": 56145000,
    "netIncomeRatio": 0.0597521157,
    "eps": 0.19,
    "epsdiluted": 0.19,
    "weightedAverageShsOut": 293284000,
    "weightedAverageShsOutDil": 294278000,
    "link": "https://www.sec.gov/Archives/edgar/data/1065696/000119312512081978/0001193125-12-081978-index.htm",
    "finalLink": "https://www.sec.gov/Archives/edgar/data/1065696/000119312512081978/d260148d10k.htm"
  },
  {
    "date": "2011-09-30",
    "symbol": "LKQ",
    "reportedCurrency": "USD",
    "cik": "0001065696",
    "fillingDate": "2011-10-28",
    "acceptedDate": "2011-10-28 16:22:47",
    "calendarYear": "2011",
    "period": "Q3",
    "revenue": 783898000,
    "costOfRevenue": 449576000,
    "grossProfit": 334322000,
    "grossProfitRatio": 0.4264866092,
    "researchAndDevelopmentExpenses": 0,
    "generalAndAdministrativeExpenses": 165169000,
    "sellingAndMarketingExpenses": 68441000,
    "sellingGeneralAndAdministrativeExpenses": 233610000,
    "otherExpenses": 12314000,
    "operatingExpenses": 245924000,
    "costAndExpenses": 695500000,
    "interestIncome": 0,
    "interestExpense": 4847000,
    "depreciationAndAmortization": 13511000,
    "ebitda": 97179000,
    "ebitdaratio": 0.1239689347,
    "operatingIncome": 85488000,
    "operatingIncomeRatio": 0.1090550046,
    "totalOtherIncomeExpensesNet": -5470000,
    "incomeBeforeTax": 80018000,
    "incomeBeforeTaxRatio": 0.1020770559,
    "incomeTaxExpense": 30787000,
    "netIncome": 49231000,
    "netIncomeRatio": 0.0628028136,
    "eps": 0.17,
    "epsdiluted": 0.17,
    "weightedAverageShsOut": 292650000,
    "weightedAverageShsOutDil": 296804000,
    "link": "https://www.sec.gov/Archives/edgar/data/1065696/000119312511286260/0001193125-11-286260-index.htm",
    "finalLink": "https://www.sec.gov/Archives/edgar/data/1065696/000119312511286260/d235560d10q.htm"
  },
  {
    "date": "2011-06-30",
    "symbol": "LKQ",
    "reportedCurrency": "USD",
    "cik": "0001065696",
    "fillingDate": "2011-07-29",
    "acceptedDate": "2011-07-29 16:44:57",
    "calendarYear": "2011",
    "period": "Q2",
    "revenue": 759684000,
    "costOfRevenue": 437448000,
    "grossProfit": 322236000,
    "grossProfitRatio": 0.4241711027,
    "researchAndDevelopmentExpenses": 0,
    "generalAndAdministrativeExpenses": 160578000,
    "sellingAndMarketingExpenses": 69048000,
    "sellingGeneralAndAdministrativeExpenses": 229626000,
    "otherExpenses": 11747000,
    "operatingExpenses": 241373000,
    "costAndExpenses": 678821000,
    "interestIncome": 0,
    "interestExpense": 4671000,
    "depreciationAndAmortization": 12871000,
    "ebitda": 92230000,
    "ebitdaratio": 0.1214057424,
    "operatingIncome": 78486000,
    "operatingIncomeRatio": 0.1033140095,
    "totalOtherIncomeExpensesNet": -2674000,
    "incomeBeforeTax": 75812000,
    "incomeBeforeTaxRatio": 0.0997941249,
    "incomeTaxExpense": 29106000,
    "netIncome": 46706000,
    "netIncomeRatio": 0.0614808262,
    "eps": 0.16,
    "epsdiluted": 0.16,
    "weightedAverageShsOut": 291834000,
    "weightedAverageShsOutDil": 296262000,
    "link": "https://www.sec.gov/Archives/edgar/data/1065696/000119312511202933/0001193125-11-202933-index.htm",
    "finalLink": "https://www.sec.gov/Archives/edgar/data/1065696/000119312511202933/d10q.htm"
  },
  {
    "date": "2011-03-31",
    "symbol": "LKQ",
    "reportedCurrency": "USD",
    "cik": "0001065696",
    "fillingDate": "2011-04-29",
    "acceptedDate": "2011-04-29 14:01:03",
    "calendarYear": "2011",
    "period": "Q1",
    "revenue": 786648000,
    "costOfRevenue": 443002000,
    "grossProfit": 343646000,
    "grossProfitRatio": 0.4368485015,
    "researchAndDevelopmentExpenses": 0,
    "generalAndAdministrativeExpenses": 159579000,
    "sellingAndMarketingExpenses": 65811000,
    "sellingGeneralAndAdministrativeExpenses": 225390000,
    "otherExpenses": 10839000,
    "operatingExpenses": 236229000,
    "costAndExpenses": 679231000,
    "interestIncome": 0,
    "interestExpense": 6409000,
    "depreciationAndAmortization": 11926000,
    "ebitda": 119343000,
    "ebitdaratio": 0.1517108033,
    "operatingIncome": 107371000,
    "operatingIncomeRatio": 0.1364917981,
    "totalOtherIncomeExpensesNet": -11648000,
    "incomeBeforeTax": 95723000,
    "incomeBeforeTaxRatio": 0.1216846671,
    "incomeTaxExpense": 37541000,
    "netIncome": 58182000,
    "netIncomeRatio": 0.0739619245,
    "eps": 0.2,
    "epsdiluted": 0.2,
    "weightedAverageShsOut": 291222000,
    "weightedAverageShsOutDil": 295840000,
    "link": "https://www.sec.gov/Archives/edgar/data/1065696/000119312511118050/0001193125-11-118050-index.htm",
    "finalLink": "https://www.sec.gov/Archives/edgar/data/1065696/000119312511118050/d10q.htm"
  },
  {
    "date": "2010-12-31",
    "symbol": "LKQ",
    "reportedCurrency": "USD",
    "cik": "0001065696",
    "fillingDate": "2011-02-25",
    "acceptedDate": "2011-02-25 17:19:04",
    "calendarYear": "2010",
    "period": "Q4",
    "revenue": 674063000,
    "costOfRevenue": 386563000,
    "grossProfit": 287500000,
    "grossProfitRatio": 0.4265179961,
    "researchAndDevelopmentExpenses": 0,
    "generalAndAdministrativeExpenses": 145659000,
    "sellingAndMarketingExpenses": 58578000,
    "sellingGeneralAndAdministrativeExpenses": 204237000,
    "otherExpenses": 10056000,
    "operatingExpenses": 214293000,
    "costAndExpenses": 600856000,
    "interestIncome": 1449000,
    "interestExpense": 8148000,
    "depreciationAndAmortization": 11039000,
    "ebitda": 82179000,
    "ebitdaratio": 0.121915904,
    "operatingIncome": 73132000,
    "operatingIncomeRatio": 0.1084943099,
    "totalOtherIncomeExpensesNet": -6708000,
    "incomeBeforeTax": 66424000,
    "incomeBeforeTaxRatio": 0.0985427178,
    "incomeTaxExpense": 25096000,
    "netIncome": 41328000,
    "netIncomeRatio": 0.0613117765,
    "eps": 0.14,
    "epsdiluted": 0.14,
    "weightedAverageShsOut": 289554000,
    "weightedAverageShsOutDil": 291222000,
    "link": "https://www.sec.gov/Archives/edgar/data/1065696/000119312511047657/0001193125-11-047657-index.htm",
    "finalLink": "https://www.sec.gov/Archives/edgar/data/1065696/000119312511047657/d10k.htm"
  },
  {
    "date": "2010-09-30",
    "symbol": "LKQ",
    "reportedCurrency": "USD",
    "cik": "0001065696",
    "fillingDate": "2010-10-29",
    "acceptedDate": "2010-10-29 14:56:56",
    "calendarYear": "2010",
    "period": "Q3",
    "revenue": 607621000,
    "costOfRevenue": 346197000,
    "grossProfit": 261424000,
    "grossProfitRatio": 0.4302418777,
    "researchAndDevelopmentExpenses": 0,
    "generalAndAdministrativeExpenses": 134662000,
    "sellingAndMarketingExpenses": 51783000,
    "sellingGeneralAndAdministrativeExpenses": 186445000,
    "otherExpenses": 9549000,
    "operatingExpenses": 195994000,
    "costAndExpenses": 542191000,
    "interestIncome": 0,
    "interestExpense": 7186000,
    "depreciationAndAmortization": 10378000,
    "ebitda": 75030000,
    "ebitdaratio": 0.1234815782,
    "operatingIncome": 65207000,
    "operatingIncomeRatio": 0.1073152508,
    "totalOtherIncomeExpensesNet": -6912000,
    "incomeBeforeTax": 58295000,
    "incomeBeforeTaxRatio": 0.0959397388,
    "incomeTaxExpense": 22394000,
    "netIncome": 35901000,
    "netIncomeRatio": 0.059084528,
    "eps": 0.13,
    "epsdiluted": 0.13,
    "weightedAverageShsOut": 286516000,
    "weightedAverageShsOutDil": 291596000,
    "link": "https://www.sec.gov/Archives/edgar/data/1065696/000119312510241107/0001193125-10-241107-index.htm",
    "finalLink": "https://www.sec.gov/Archives/edgar/data/1065696/000119312510241107/d10q.htm"
  },
  {
    "date": "2010-06-30",
    "symbol": "LKQ",
    "reportedCurrency": "USD",
    "cik": "0001065696",
    "fillingDate": "2010-07-30",
    "acceptedDate": "2010-07-30 15:54:52",
    "calendarYear": "2010",
    "period": "Q2",
    "revenue": 584681000,
    "costOfRevenue": 323415000,
    "grossProfit": 261266000,
    "grossProfitRatio": 0.4468522151,
    "researchAndDevelopmentExpenses": 0,
    "generalAndAdministrativeExpenses": 131037000,
    "sellingAndMarketingExpenses": 51168000,
    "sellingGeneralAndAdministrativeExpenses": 182205000,
    "otherExpenses": 9162000,
    "operatingExpenses": 191367000,
    "costAndExpenses": 514782000,
    "interestIncome": 0,
    "interestExpense": 7155000,
    "depreciationAndAmortization": 10031000,
    "ebitda": 78909000,
    "ebitdaratio": 0.1349607735,
    "operatingIncome": 69609000,
    "operatingIncomeRatio": 0.119054664,
    "totalOtherIncomeExpensesNet": -7017000,
    "incomeBeforeTax": 62592000,
    "incomeBeforeTaxRatio": 0.1070532478,
    "incomeTaxExpense": 24686000,
    "netIncome": 37906000,
    "netIncomeRatio": 0.064831934,
    "eps": 0.14,
    "epsdiluted": 0.13,
    "weightedAverageShsOut": 285684000,
    "weightedAverageShsOutDil": 290992000,
    "link": "https://www.sec.gov/Archives/edgar/data/1065696/000119312510172195/0001193125-10-172195-index.htm",
    "finalLink": "https://www.sec.gov/Archives/edgar/data/1065696/000119312510172195/d10q.htm"
  },
  {
    "date": "2010-03-31",
    "symbol": "LKQ",
    "reportedCurrency": "USD",
    "cik": "0001065696",
    "fillingDate": "2010-04-30",
    "acceptedDate": "2010-04-30 13:13:37",
    "calendarYear": "2010",
    "period": "Q1",
    "revenue": 603516000,
    "costOfRevenue": 320226000,
    "grossProfit": 283290000,
    "grossProfitRatio": 0.46939932,
    "researchAndDevelopmentExpenses": 0,
    "generalAndAdministrativeExpenses": 132863000,
    "sellingAndMarketingExpenses": 51189000,
    "sellingGeneralAndAdministrativeExpenses": 184052000,
    "otherExpenses": 9229000,
    "operatingExpenses": 193281000,
    "costAndExpenses": 513507000,
    "interestIncome": 0,
    "interestExpense": 7276000,
    "depreciationAndAmortization": 9980000,
    "ebitda": 100070000,
    "ebitdaratio": 0.1658116769,
    "operatingIncome": 89929000,
    "operatingIncomeRatio": 0.149008477,
    "totalOtherIncomeExpensesNet": -7115000,
    "incomeBeforeTax": 82814000,
    "incomeBeforeTaxRatio": 0.1372192287,
    "incomeTaxExpense": 30831000,
    "netIncome": 53936000,
    "netIncomeRatio": 0.0893696273,
    "eps": 0.19,
    "epsdiluted": 0.19,
    "weightedAverageShsOut": 284388000,
    "weightedAverageShsOutDil": 290248000,
    "link": "https://www.sec.gov/Archives/edgar/data/1065696/000119312510101278/0001193125-10-101278-index.htm",
    "finalLink": "https://www.sec.gov/Archives/edgar/data/1065696/000119312510101278/d10q.htm"
  },
  {
    "date": "2009-12-31",
    "symbol": "LKQ",
    "reportedCurrency": "USD",
    "cik": "0001065696",
    "fillingDate": "2010-02-26",
    "acceptedDate": "2010-02-26 16:17:39",
    "calendarYear": "2009",
    "period": "Q4",
    "revenue": 555905000,
    "costOfRevenue": 303015000,
    "grossProfit": 252890000,
    "grossProfitRatio": 0.4549158579,
    "researchAndDevelopmentExpenses": 0,
    "generalAndAdministrativeExpenses": 133990000,
    "sellingAndMarketingExpenses": 49311000,
    "sellingGeneralAndAdministrativeExpenses": 183301000,
    "otherExpenses": 9220000,
    "operatingExpenses": 192521000,
    "costAndExpenses": 495536000,
    "interestIncome": 1350000,
    "interestExpense": 9170000,
    "depreciationAndAmortization": 10131000,
    "ebitda": 75807000,
    "ebitdaratio": 0.1363668253,
    "operatingIncome": 59725000,
    "operatingIncomeRatio": 0.1074374219,
    "totalOtherIncomeExpensesNet": -3219000,
    "incomeBeforeTax": 56506000,
    "incomeBeforeTaxRatio": 0.1016468641,
    "incomeTaxExpense": 19983000,
    "netIncome": 37205000,
    "netIncomeRatio": 0.066926903,
    "eps": 0.13,
    "epsdiluted": 0.13,
    "weightedAverageShsOut": 282786000,
    "weightedAverageShsOutDil": 284388000,
    "link": "https://www.sec.gov/Archives/edgar/data/1065696/000119312510042934/0001193125-10-042934-index.htm",
    "finalLink": "https://www.sec.gov/Archives/edgar/data/1065696/000119312510042934/d10k.htm"
  },
  {
    "date": "2009-09-30",
    "symbol": "LKQ",
    "reportedCurrency": "USD",
    "cik": "0001065696",
    "fillingDate": "2009-11-02",
    "acceptedDate": "2009-11-02 17:23:24",
    "calendarYear": "2009",
    "period": "Q3",
    "revenue": 494812000,
    "costOfRevenue": 269708000,
    "grossProfit": 225104000,
    "grossProfitRatio": 0.4549283364,
    "researchAndDevelopmentExpenses": 0,
    "generalAndAdministrativeExpenses": 114230000,
    "sellingAndMarketingExpenses": 45604000,
    "sellingGeneralAndAdministrativeExpenses": 159834000,
    "otherExpenses": 8373000,
    "operatingExpenses": 168207000,
    "costAndExpenses": 437915000,
    "interestIncome": 0,
    "interestExpense": 7780000,
    "depreciationAndAmortization": 9342000,
    "ebitda": 65410000,
    "ebitdaratio": 0.1321916203,
    "operatingIncome": 56045000,
    "operatingIncomeRatio": 0.1132652401,
    "totalOtherIncomeExpensesNet": -7757000,
    "incomeBeforeTax": 48288000,
    "incomeBeforeTaxRatio": 0.0975885791,
    "incomeTaxExpense": 18147000,
    "netIncome": 29155000,
    "netIncomeRatio": 0.0589213681,
    "eps": 0.11,
    "epsdiluted": 0.1,
    "weightedAverageShsOut": 281492000,
    "weightedAverageShsOutDil": 288094000,
    "link": "https://www.sec.gov/Archives/edgar/data/1065696/000119312509220613/0001193125-09-220613-index.htm",
    "finalLink": "https://www.sec.gov/Archives/edgar/data/1065696/000119312509220613/d10q.htm"
  },
  {
    "date": "2009-06-30",
    "symbol": "LKQ",
    "reportedCurrency": "USD",
    "cik": "0001065696",
    "fillingDate": "2009-08-04",
    "acceptedDate": "2009-08-04 06:03:36",
    "calendarYear": "2009",
    "period": "Q2",
    "revenue": 492754000,
    "costOfRevenue": 269272000,
    "grossProfit": 223482000,
    "grossProfitRatio": 0.4535366532,
    "researchAndDevelopmentExpenses": 0,
    "generalAndAdministrativeExpenses": 116485000,
    "sellingAndMarketingExpenses": 42917000,
    "sellingGeneralAndAdministrativeExpenses": 159402000,
    "otherExpenses": 8429000,
    "operatingExpenses": 167831000,
    "costAndExpenses": 437103000,
    "interestIncome": 0,
    "interestExpense": 7725000,
    "depreciationAndAmortization": 8429000,
    "ebitda": 64161000,
    "ebitdaratio": 0.1302089887,
    "operatingIncome": 55396000,
    "operatingIncomeRatio": 0.1124212081,
    "totalOtherIncomeExpensesNet": -7618000,
    "incomeBeforeTax": 47777000,
    "incomeBeforeTaxRatio": 0.0969591317,
    "incomeTaxExpense": 18920000,
    "netIncome": 28857000,
    "netIncomeRatio": 0.0585626905,
    "eps": 0.11,
    "epsdiluted": 0.1,
    "weightedAverageShsOut": 280446000,
    "weightedAverageShsOutDil": 287000000,
    "link": "https://www.sec.gov/Archives/edgar/data/1065696/000119312509162696/0001193125-09-162696-index.htm",
    "finalLink": "https://www.sec.gov/Archives/edgar/data/1065696/000119312509162696/d10q.htm"
  },
  {
    "date": "2009-03-31",
    "symbol": "LKQ",
    "reportedCurrency": "USD",
    "cik": "0001065696",
    "fillingDate": "2009-05-01",
    "acceptedDate": "2009-05-01 12:58:26",
    "calendarYear": "2009",
    "period": "Q1",
    "revenue": 517989000,
    "costOfRevenue": 285039000,
    "grossProfit": 232950000,
    "grossProfitRatio": 0.4497199747,
    "researchAndDevelopmentExpenses": 0,
    "generalAndAdministrativeExpenses": 117774000,
    "sellingAndMarketingExpenses": 44542000,
    "sellingGeneralAndAdministrativeExpenses": 162316000,
    "otherExpenses": 8453000,
    "operatingExpenses": 170769000,
    "costAndExpenses": 455808000,
    "interestIncome": 0,
    "interestExpense": 7580000,
    "depreciationAndAmortization": 9291000,
    "ebitda": 70253000,
    "ebitdaratio": 0.1356264322,
    "operatingIncome": 61378000,
    "operatingIncomeRatio": 0.1184928637,
    "totalOtherIncomeExpensesNet": -7537000,
    "incomeBeforeTax": 53838000,
    "incomeBeforeTaxRatio": 0.1039365701,
    "incomeTaxExpense": 21534000,
    "netIncome": 32304000,
    "netIncomeRatio": 0.0623642587,
    "eps": 0.12,
    "epsdiluted": 0.12,
    "weightedAverageShsOut": 279586000,
    "weightedAverageShsOutDil": 285578000,
    "link": "https://www.sec.gov/Archives/edgar/data/1065696/000119312509095837/0001193125-09-095837-index.htm",
    "finalLink": "https://www.sec.gov/Archives/edgar/data/1065696/000119312509095837/d10q.htm"
  },
  {
    "date": "2008-12-31",
    "symbol": "LKQ",
    "reportedCurrency": "USD",
    "cik": "0001065696",
    "fillingDate": "2009-02-27",
    "acceptedDate": "2009-02-27 17:12:02",
    "calendarYear": "2008",
    "period": "Q4",
    "revenue": 470300000,
    "costOfRevenue": 272568000,
    "grossProfit": 197732000,
    "grossProfitRatio": 0.4204380183,
    "researchAndDevelopmentExpenses": 0,
    "generalAndAdministrativeExpenses": -20678000,
    "sellingAndMarketingExpenses": 180063000,
    "sellingGeneralAndAdministrativeExpenses": 159385000,
    "otherExpenses": 8665000,
    "operatingExpenses": 168050000,
    "costAndExpenses": 440618000,
    "interestIncome": 0,
    "interestExpense": 37846000,
    "depreciationAndAmortization": 9423000,
    "ebitda": 39105000,
    "ebitdaratio": 0.0831490538,
    "operatingIncome": 27816000,
    "operatingIncomeRatio": 0.0591452265,
    "totalOtherIncomeExpensesNet": -7923000,
    "incomeBeforeTax": 19893000,
    "incomeBeforeTaxRatio": 0.0422985329,
    "incomeTaxExpense": 6929000,
    "netIncome": 12964000,
    "netIncomeRatio": 0.0275653838,
    "eps": 0.0464,
    "epsdiluted": 0.0464,
    "weightedAverageShsOut": 279018000,
    "weightedAverageShsOutDil": 279586000,
    "link": "https://www.sec.gov/Archives/edgar/data/1065696/000119312509041181/0001193125-09-041181-index.htm",
    "finalLink": "https://www.sec.gov/Archives/edgar/data/1065696/000119312509041181/d10k.htm"
  },
  {
    "date": "2008-09-30",
    "symbol": "LKQ",
    "reportedCurrency": "USD",
    "cik": "0001065696",
    "fillingDate": "2008-11-07",
    "acceptedDate": "2008-11-07 06:01:45",
    "calendarYear": "2008",
    "period": "Q3",
    "revenue": 490701000,
    "costOfRevenue": 274786000,
    "grossProfit": 215915000,
    "grossProfitRatio": 0.4400133686,
    "researchAndDevelopmentExpenses": 0,
    "generalAndAdministrativeExpenses": 109408000,
    "sellingAndMarketingExpenses": 46636000,
    "sellingGeneralAndAdministrativeExpenses": 156044000,
    "otherExpenses": 7513000,
    "operatingExpenses": 163557000,
    "costAndExpenses": 438343000,
    "interestIncome": 0,
    "interestExpense": 8192000,
    "depreciationAndAmortization": 8196000,
    "ebitda": 56341000,
    "ebitdaratio": 0.1148173735,
    "operatingIncome": 49958000,
    "operatingIncomeRatio": 0.1018094522,
    "totalOtherIncomeExpensesNet": -6402000,
    "incomeBeforeTax": 41765000,
    "incomeBeforeTaxRatio": 0.0851129303,
    "incomeTaxExpense": 16697000,
    "netIncome": 25068000,
    "netIncomeRatio": 0.0510860993,
    "eps": 0.09,
    "epsdiluted": 0.09,
    "weightedAverageShsOut": 273170000,
    "weightedAverageShsOutDil": 282380000,
    "link": "https://www.sec.gov/Archives/edgar/data/1065696/000110465908068810/0001104659-08-068810-index.htm",
    "finalLink": "https://www.sec.gov/Archives/edgar/data/1065696/000110465908068810/a08-25284_110q.htm"
  },
  {
    "date": "2008-06-30",
    "symbol": "LKQ",
    "reportedCurrency": "USD",
    "cik": "0001065696",
    "fillingDate": "2008-08-07",
    "acceptedDate": "2008-08-07 17:22:49",
    "calendarYear": "2008",
    "period": "Q2",
    "revenue": 484392000,
    "costOfRevenue": 264684000,
    "grossProfit": 219708000,
    "grossProfitRatio": 0.4535747907,
    "researchAndDevelopmentExpenses": 0,
    "generalAndAdministrativeExpenses": 105561000,
    "sellingAndMarketingExpenses": 45326000,
    "sellingGeneralAndAdministrativeExpenses": 150887000,
    "otherExpenses": 7258000,
    "operatingExpenses": 158145000,
    "costAndExpenses": 422829000,
    "interestIncome": 0,
    "interestExpense": 8411000,
    "depreciationAndAmortization": 7927000,
    "ebitda": 66123000,
    "ebitdaratio": 0.136507209,
    "operatingIncome": 58414000,
    "operatingIncomeRatio": 0.1205924128,
    "totalOtherIncomeExpensesNet": -7960000,
    "incomeBeforeTax": 50454000,
    "incomeBeforeTaxRatio": 0.1041594411,
    "incomeTaxExpense": 19465000,
    "netIncome": 30989000,
    "netIncomeRatio": 0.063975045,
    "eps": 0.12,
    "epsdiluted": 0.11,
    "weightedAverageShsOut": 270574000,
    "weightedAverageShsOutDil": 280602000,
    "link": "https://www.sec.gov/Archives/edgar/data/1065696/000110465908050943/0001104659-08-050943-index.htm",
    "finalLink": "https://www.sec.gov/Archives/edgar/data/1065696/000110465908050943/a08-18573_110q.htm"
  },
  {
    "date": "2008-03-31",
    "symbol": "LKQ",
    "reportedCurrency": "USD",
    "cik": "0001065696",
    "fillingDate": "2008-05-09",
    "acceptedDate": "2008-05-09 10:45:01",
    "calendarYear": "2008",
    "period": "Q1",
    "revenue": 491908000,
    "costOfRevenue": 268594000,
    "grossProfit": 223314000,
    "grossProfitRatio": 0.4539751336,
    "researchAndDevelopmentExpenses": 0,
    "generalAndAdministrativeExpenses": 108605000,
    "sellingAndMarketingExpenses": 44769000,
    "sellingGeneralAndAdministrativeExpenses": 153374000,
    "otherExpenses": 7258000,
    "operatingExpenses": 160632000,
    "costAndExpenses": 429226000,
    "interestIncome": 0,
    "interestExpense": 10301000,
    "depreciationAndAmortization": 7875000,
    "ebitda": 69035000,
    "ebitdaratio": 0.1403412833,
    "operatingIncome": 61508000,
    "operatingIncomeRatio": 0.1250396416,
    "totalOtherIncomeExpensesNet": -10032000,
    "incomeBeforeTax": 51476000,
    "incomeBeforeTaxRatio": 0.1046455841,
    "incomeTaxExpense": 20598000,
    "netIncome": 30878000,
    "netIncomeRatio": 0.0627719004,
    "eps": 0.12,
    "epsdiluted": 0.11,
    "weightedAverageShsOut": 269116000,
    "weightedAverageShsOutDil": 279364000,
    "link": "https://www.sec.gov/Archives/edgar/data/1065696/000110465908031617/0001104659-08-031617-index.htm",
    "finalLink": "https://www.sec.gov/Archives/edgar/data/1065696/000110465908031617/a08-9148_110q.htm"
  },
  {
    "date": "2007-12-31",
    "symbol": "LKQ",
    "reportedCurrency": "USD",
    "cik": "0001065696",
    "fillingDate": "2008-02-29",
    "acceptedDate": "2008-02-29 15:42:40",
    "calendarYear": "2007",
    "period": "Q4",
    "revenue": 414734000,
    "costOfRevenue": 229621000,
    "grossProfit": 185113000,
    "grossProfitRatio": 0.4463415105,
    "researchAndDevelopmentExpenses": 0,
    "generalAndAdministrativeExpenses": 26828000,
    "sellingAndMarketingExpenses": 108185000,
    "sellingGeneralAndAdministrativeExpenses": 135013000,
    "otherExpenses": 6550000,
    "operatingExpenses": 141563000,
    "costAndExpenses": 371184000,
    "interestIncome": 0,
    "interestExpense": 0,
    "depreciationAndAmortization": 7085000,
    "ebitda": 50635000,
    "ebitdaratio": 0.1220903037,
    "operatingIncome": 43162000,
    "operatingIncomeRatio": 0.1040715254,
    "totalOtherIncomeExpensesNet": -9462000,
    "incomeBeforeTax": 33700000,
    "incomeBeforeTaxRatio": 0.081256902,
    "incomeTaxExpense": 12168000,
    "netIncome": 21532000,
    "netIncomeRatio": 0.0519176147,
    "eps": 0.08,
    "epsdiluted": 0.08,
    "weightedAverageShsOut": 262911310,
    "weightedAverageShsOutDil": 269116000,
    "link": "https://www.sec.gov/Archives/edgar/data/1065696/000104746908002057/0001047469-08-002057-index.htm",
    "finalLink": "https://www.sec.gov/Archives/edgar/data/1065696/000104746908002057/a2182929z10-k.htm"
  },
  {
    "date": "2007-09-30",
    "symbol": "LKQ",
    "reportedCurrency": "USD",
    "cik": "0001065696",
    "fillingDate": "2007-11-09",
    "acceptedDate": "2007-11-09 16:24:47",
    "calendarYear": "2007",
    "period": "Q3",
    "revenue": 243495000,
    "costOfRevenue": 135038000,
    "grossProfit": 108457000,
    "grossProfitRatio": 0.4454177704,
    "researchAndDevelopmentExpenses": 0,
    "generalAndAdministrativeExpenses": 55295000,
    "sellingAndMarketingExpenses": 23803000,
    "sellingGeneralAndAdministrativeExpenses": 79098000,
    "otherExpenses": 3768000,
    "operatingExpenses": 82866000,
    "costAndExpenses": 217904000,
    "interestIncome": 0,
    "interestExpense": 2241000,
    "depreciationAndAmortization": 3877000,
    "ebitda": 29468000,
    "ebitdaratio": 0.1210209655,
    "operatingIncome": 25591000,
    "operatingIncomeRatio": 0.1050986673,
    "totalOtherIncomeExpensesNet": -1773000,
    "incomeBeforeTax": 23818000,
    "incomeBeforeTaxRatio": 0.0978172036,
    "incomeTaxExpense": 9259000,
    "netIncome": 14559000,
    "netIncomeRatio": 0.0597917822,
    "eps": 0.0675,
    "epsdiluted": 0.0625,
    "weightedAverageShsOut": 218652000,
    "weightedAverageShsOutDil": 230224000,
    "link": "https://www.sec.gov/Archives/edgar/data/1065696/000110465907081799/0001104659-07-081799-index.htm",
    "finalLink": "https://www.sec.gov/Archives/edgar/data/1065696/000110465907081799/a07-25555_110q.htm"
  },
  {
    "date": "2007-06-30",
    "symbol": "LKQ",
    "reportedCurrency": "USD",
    "cik": "0001065696",
    "fillingDate": "2007-08-06",
    "acceptedDate": "2007-08-06 15:46:46",
    "calendarYear": "2007",
    "period": "Q2",
    "revenue": 233278000,
    "costOfRevenue": 128195000,
    "grossProfit": 105083000,
    "grossProfitRatio": 0.4504625383,
    "researchAndDevelopmentExpenses": 0,
    "generalAndAdministrativeExpenses": 52764000,
    "sellingAndMarketingExpenses": 22213000,
    "sellingGeneralAndAdministrativeExpenses": 74977000,
    "otherExpenses": 3464000,
    "operatingExpenses": 78441000,
    "costAndExpenses": 206636000,
    "interestIncome": 0,
    "interestExpense": 2093000,
    "depreciationAndAmortization": 3603000,
    "ebitda": 30245000,
    "ebitdaratio": 0.1296521747,
    "operatingIncome": 26642000,
    "operatingIncomeRatio": 0.1142070834,
    "totalOtherIncomeExpensesNet": -2066000,
    "incomeBeforeTax": 24576000,
    "incomeBeforeTaxRatio": 0.1053506975,
    "incomeTaxExpense": 10560000,
    "netIncome": 14016000,
    "netIncomeRatio": 0.0600828196,
    "eps": 0.065,
    "epsdiluted": 0.0625,
    "weightedAverageShsOut": 214092000,
    "weightedAverageShsOutDil": 224988000,
    "link": "https://www.sec.gov/Archives/edgar/data/1065696/000110465907059150/0001104659-07-059150-index.htm",
    "finalLink": "https://www.sec.gov/Archives/edgar/data/1065696/000110465907059150/a07-18861_110q.htm"
  },
  {
    "date": "2007-03-31",
    "symbol": "LKQ",
    "reportedCurrency": "USD",
    "cik": "0001065696",
    "fillingDate": "2007-05-09",
    "acceptedDate": "2007-05-09 14:46:56",
    "calendarYear": "2007",
    "period": "Q1",
    "revenue": 235318000,
    "costOfRevenue": 128222000,
    "grossProfit": 107096000,
    "grossProfitRatio": 0.4551118062,
    "researchAndDevelopmentExpenses": 0,
    "generalAndAdministrativeExpenses": 54342000,
    "sellingAndMarketingExpenses": 22175000,
    "sellingGeneralAndAdministrativeExpenses": 76517000,
    "otherExpenses": 3317000,
    "operatingExpenses": 79834000,
    "costAndExpenses": 208056000,
    "interestIncome": 0,
    "interestExpense": 1733000,
    "depreciationAndAmortization": 3453000,
    "ebitda": 30715000,
    "ebitdaratio": 0.1305255017,
    "operatingIncome": 27262000,
    "operatingIncomeRatio": 0.115851741,
    "totalOtherIncomeExpensesNet": -1085000,
    "incomeBeforeTax": 26177000,
    "incomeBeforeTaxRatio": 0.111240959,
    "incomeTaxExpense": 10383000,
    "netIncome": 15794000,
    "netIncomeRatio": 0.0671176876,
    "eps": 0.075,
    "epsdiluted": 0.07,
    "weightedAverageShsOut": 213264000,
    "weightedAverageShsOutDil": 224008000,
    "link": "https://www.sec.gov/Archives/edgar/data/1065696/000110465907037480/0001104659-07-037480-index.htm",
    "finalLink": "https://www.sec.gov/Archives/edgar/data/1065696/000110465907037480/a07-10820_110q.htm"
  },
  {
    "date": "2006-12-31",
    "symbol": "LKQ",
    "reportedCurrency": "USD",
    "cik": "0001065696",
    "fillingDate": "2007-02-28",
    "acceptedDate": "2007-02-28 16:13:30",
    "calendarYear": "2006",
    "period": "Q4",
    "revenue": 204546000,
    "costOfRevenue": 112960000,
    "grossProfit": 91586000,
    "grossProfitRatio": 0.4477525838,
    "researchAndDevelopmentExpenses": 0,
    "generalAndAdministrativeExpenses": -9919000,
    "sellingAndMarketingExpenses": 80088000,
    "sellingGeneralAndAdministrativeExpenses": 70169000,
    "otherExpenses": 3059000,
    "operatingExpenses": 73228000,
    "costAndExpenses": 186188000,
    "interestIncome": 0,
    "interestExpense": 5955000,
    "depreciationAndAmortization": 3171000,
    "ebitda": 21529000,
    "ebitdaratio": 0.1052526082,
    "operatingIncome": 18358000,
    "operatingIncomeRatio": 0.0897499829,
    "totalOtherIncomeExpensesNet": -1398000,
    "incomeBeforeTax": 16960000,
    "incomeBeforeTaxRatio": 0.0829153344,
    "incomeTaxExpense": 6770000,
    "netIncome": 10190000,
    "netIncomeRatio": 0.0498176449,
    "eps": 0.0478,
    "epsdiluted": 0.0478,
    "weightedAverageShsOut": 213264000,
    "weightedAverageShsOutDil": 213264000,
    "link": "https://www.sec.gov/Archives/edgar/data/1065696/000110465907014912/0001104659-07-014912-index.htm",
    "finalLink": "https://www.sec.gov/Archives/edgar/data/1065696/000110465907014912/a07-5314_110k.htm"
  },
  {
    "date": "2006-09-30",
    "symbol": "LKQ",
    "reportedCurrency": "USD",
    "cik": "0001065696",
    "fillingDate": "2006-11-03",
    "acceptedDate": "2006-11-03 15:12:54",
    "calendarYear": "2006",
    "period": "Q3",
    "revenue": 197659000,
    "costOfRevenue": 108222000,
    "grossProfit": 89437000,
    "grossProfitRatio": 0.4524812935,
    "researchAndDevelopmentExpenses": 0,
    "generalAndAdministrativeExpenses": 48049000,
    "sellingAndMarketingExpenses": 20387000,
    "sellingGeneralAndAdministrativeExpenses": 68436000,
    "otherExpenses": 3136000,
    "operatingExpenses": 71572000,
    "costAndExpenses": 179794000,
    "interestIncome": 0,
    "interestExpense": 0,
    "depreciationAndAmortization": 3286000,
    "ebitda": 21151000,
    "ebitdaratio": 0.1070075231,
    "operatingIncome": 17865000,
    "operatingIncomeRatio": 0.0903829322,
    "totalOtherIncomeExpensesNet": -1591000,
    "incomeBeforeTax": 16274000,
    "incomeBeforeTaxRatio": 0.0823337161,
    "incomeTaxExpense": 5816000,
    "netIncome": 10458000,
    "netIncomeRatio": 0.0529093034,
    "eps": 0.05,
    "epsdiluted": 0.0475,
    "weightedAverageShsOut": 212392000,
    "weightedAverageShsOutDil": 223640000,
    "link": "https://www.sec.gov/Archives/edgar/data/1065696/000110465906071155/0001104659-06-071155-index.htm",
    "finalLink": "https://www.sec.gov/Archives/edgar/data/1065696/000110465906071155/a06-21677_110q.htm"
  },
  {
    "date": "2006-06-30",
    "symbol": "LKQ",
    "reportedCurrency": "USD",
    "cik": "0001065696",
    "fillingDate": "2006-08-04",
    "acceptedDate": "2006-08-04 15:05:43",
    "calendarYear": "2006",
    "period": "Q2",
    "revenue": 195037000,
    "costOfRevenue": 106921000,
    "grossProfit": 88116000,
    "grossProfitRatio": 0.4517911986,
    "researchAndDevelopmentExpenses": 0,
    "generalAndAdministrativeExpenses": 44817000,
    "sellingAndMarketingExpenses": 19808000,
    "sellingGeneralAndAdministrativeExpenses": 64625000,
    "otherExpenses": 2893000,
    "operatingExpenses": 67518000,
    "costAndExpenses": 174439000,
    "interestIncome": 0,
    "interestExpense": 0,
    "depreciationAndAmortization": 2893000,
    "ebitda": 23491000,
    "ebitdaratio": 0.1204438132,
    "operatingIncome": 20598000,
    "operatingIncomeRatio": 0.1056107303,
    "totalOtherIncomeExpensesNet": -1220000,
    "incomeBeforeTax": 19378000,
    "incomeBeforeTaxRatio": 0.0993555069,
    "incomeTaxExpense": 7716000,
    "netIncome": 11662000,
    "netIncomeRatio": 0.0597937827,
    "eps": 0.055,
    "epsdiluted": 0.0525,
    "weightedAverageShsOut": 211208000,
    "weightedAverageShsOutDil": 222824000,
    "link": "https://www.sec.gov/Archives/edgar/data/1065696/000110465906051542/0001104659-06-051542-index.htm",
    "finalLink": "https://www.sec.gov/Archives/edgar/data/1065696/000110465906051542/a06-15337_110q.htm"
  },
  {
    "date": "2006-03-31",
    "symbol": "LKQ",
    "reportedCurrency": "USD",
    "cik": "0001065696",
    "fillingDate": "2006-05-09",
    "acceptedDate": "2006-05-09 16:04:54",
    "calendarYear": "2006",
    "period": "Q1",
    "revenue": 192139000,
    "costOfRevenue": 103728000,
    "grossProfit": 88411000,
    "grossProfitRatio": 0.4601408355,
    "researchAndDevelopmentExpenses": 0,
    "generalAndAdministrativeExpenses": 45404000,
    "sellingAndMarketingExpenses": 19926000,
    "sellingGeneralAndAdministrativeExpenses": 65330000,
    "otherExpenses": 2736000,
    "operatingExpenses": 68066000,
    "costAndExpenses": 171794000,
    "interestIncome": 0,
    "interestExpense": 0,
    "depreciationAndAmortization": 2736000,
    "ebitda": 23081000,
    "ebitdaratio": 0.120126575,
    "operatingIncome": 20345000,
    "operatingIncomeRatio": 0.105886884,
    "totalOtherIncomeExpensesNet": -137000,
    "incomeBeforeTax": 20208000,
    "incomeBeforeTaxRatio": 0.1051738585,
    "incomeTaxExpense": 8124000,
    "netIncome": 12084000,
    "netIncomeRatio": 0.0628919688,
    "eps": 0.0575,
    "epsdiluted": 0.055,
    "weightedAverageShsOut": 208248000,
    "weightedAverageShsOutDil": 221868000,
    "link": "https://www.sec.gov/Archives/edgar/data/1065696/000110465906032637/0001104659-06-032637-index.htm",
    "finalLink": "https://www.sec.gov/Archives/edgar/data/1065696/000110465906032637/a06-9426_110q.htm"
  },
  {
    "date": "2005-12-31",
    "symbol": "LKQ",
    "reportedCurrency": "USD",
    "cik": "0001065696",
    "fillingDate": "2006-03-08",
    "acceptedDate": "2006-03-08 14:32:56",
    "calendarYear": "2005",
    "period": "Q4",
    "revenue": 143922000,
    "costOfRevenue": 76390000,
    "grossProfit": 67532000,
    "grossProfitRatio": 0.4692263865,
    "researchAndDevelopmentExpenses": 0,
    "generalAndAdministrativeExpenses": -9704000,
    "sellingAndMarketingExpenses": 61480000,
    "sellingGeneralAndAdministrativeExpenses": 51776000,
    "otherExpenses": 2485000,
    "operatingExpenses": 54261000,
    "costAndExpenses": 130651000,
    "interestIncome": 0,
    "interestExpense": 2228000,
    "depreciationAndAmortization": 2485000,
    "ebitda": 15756000,
    "ebitdaratio": 0.1094759661,
    "operatingIncome": 13271000,
    "operatingIncomeRatio": 0.0922096691,
    "totalOtherIncomeExpensesNet": 93000,
    "incomeBeforeTax": 13364000,
    "incomeBeforeTaxRatio": 0.0928558525,
    "incomeTaxExpense": 5108000,
    "netIncome": 8256000,
    "netIncomeRatio": 0.0573644057,
    "eps": 0.0396,
    "epsdiluted": 0.0396,
    "weightedAverageShsOut": 204076571,
    "weightedAverageShsOutDil": 208248000,
    "link": "https://www.sec.gov/Archives/edgar/data/1065696/000110465906014974/0001104659-06-014974-index.htm",
    "finalLink": "https://www.sec.gov/Archives/edgar/data/1065696/000110465906014974/a06-2507_110k.htm"
  },
  {
    "date": "2005-09-30",
    "symbol": "LKQ",
    "reportedCurrency": "USD",
    "cik": "0001065696",
    "fillingDate": "2005-11-09",
    "acceptedDate": "2005-11-09 15:43:46",
    "calendarYear": "2005",
    "period": "Q3",
    "revenue": 133640000,
    "costOfRevenue": 70696000,
    "grossProfit": 62944000,
    "grossProfitRatio": 0.4709967076,
    "researchAndDevelopmentExpenses": 0,
    "generalAndAdministrativeExpenses": 33695000,
    "sellingAndMarketingExpenses": 15724000,
    "sellingGeneralAndAdministrativeExpenses": 49419000,
    "otherExpenses": 2060000,
    "operatingExpenses": 51479000,
    "costAndExpenses": 122175000,
    "interestIncome": 0,
    "interestExpense": 0,
    "depreciationAndAmortization": 2060000,
    "ebitda": 13525000,
    "ebitdaratio": 0.1012047291,
    "operatingIncome": 11465000,
    "operatingIncomeRatio": 0.0857901826,
    "totalOtherIncomeExpensesNet": -343000,
    "incomeBeforeTax": 11122000,
    "incomeBeforeTaxRatio": 0.0832235858,
    "incomeTaxExpense": 4519000,
    "netIncome": 6603000,
    "netIncomeRatio": 0.0494088596,
    "eps": 0.0388,
    "epsdiluted": 0.035,
    "weightedAverageShsOut": 169960000,
    "weightedAverageShsOutDil": 190712000,
    "link": "https://www.sec.gov/Archives/edgar/data/1065696/000110465905054046/0001104659-05-054046-index.htm",
    "finalLink": "https://www.sec.gov/Archives/edgar/data/1065696/000110465905054046/a05-18133_110q.htm"
  },
  {
    "date": "2005-06-30",
    "symbol": "LKQ",
    "reportedCurrency": "USD",
    "cik": "0001065696",
    "fillingDate": "2005-08-05",
    "acceptedDate": "2005-08-05 11:11:03",
    "calendarYear": "2005",
    "period": "Q2",
    "revenue": 136023000,
    "costOfRevenue": 71531000,
    "grossProfit": 64492000,
    "grossProfitRatio": 0.4741256993,
    "researchAndDevelopmentExpenses": 0,
    "generalAndAdministrativeExpenses": 33221000,
    "sellingAndMarketingExpenses": 15398000,
    "sellingGeneralAndAdministrativeExpenses": 48619000,
    "otherExpenses": 2063000,
    "operatingExpenses": 50682000,
    "costAndExpenses": 122213000,
    "interestIncome": 0,
    "interestExpense": 0,
    "depreciationAndAmortization": 2063000,
    "ebitda": 15873000,
    "ebitdaratio": 0.1166935004,
    "operatingIncome": 13810000,
    "operatingIncomeRatio": 0.1015269476,
    "totalOtherIncomeExpensesNet": -617000,
    "incomeBeforeTax": 13193000,
    "incomeBeforeTaxRatio": 0.0969909501,
    "incomeTaxExpense": 5566000,
    "netIncome": 7627000,
    "netIncomeRatio": 0.0560713997,
    "eps": 0.045,
    "epsdiluted": 0.04,
    "weightedAverageShsOut": 166840000,
    "weightedAverageShsOutDil": 187088000,
    "link": "https://www.sec.gov/Archives/edgar/data/1065696/000110465905036701/0001104659-05-036701-index.htm",
    "finalLink": "https://www.sec.gov/Archives/edgar/data/1065696/000110465905036701/a05-12780_110q.htm"
  },
  {
    "date": "2005-03-31",
    "symbol": "LKQ",
    "reportedCurrency": "USD",
    "cik": "0001065696",
    "fillingDate": "2005-05-06",
    "acceptedDate": "2005-05-06 17:27:16",
    "calendarYear": "2005",
    "period": "Q1",
    "revenue": 133807000,
    "costOfRevenue": 71171000,
    "grossProfit": 62636000,
    "grossProfitRatio": 0.4681070497,
    "researchAndDevelopmentExpenses": 0,
    "generalAndAdministrativeExpenses": 32179000,
    "sellingAndMarketingExpenses": 14095000,
    "sellingGeneralAndAdministrativeExpenses": 46274000,
    "otherExpenses": 1966000,
    "operatingExpenses": 48240000,
    "costAndExpenses": 119411000,
    "interestIncome": 0,
    "interestExpense": 0,
    "depreciationAndAmortization": 1966000,
    "ebitda": 16362000,
    "ebitdaratio": 0.1222805982,
    "operatingIncome": 14396000,
    "operatingIncomeRatio": 0.1075877944,
    "totalOtherIncomeExpensesNet": -392000,
    "incomeBeforeTax": 14004000,
    "incomeBeforeTaxRatio": 0.1046582017,
    "incomeTaxExpense": 5603000,
    "netIncome": 8401000,
    "netIncomeRatio": 0.0627844582,
    "eps": 0.0513,
    "epsdiluted": 0.0463,
    "weightedAverageShsOut": 165048000,
    "weightedAverageShsOutDil": 181536000,
    "link": "https://www.sec.gov/Archives/edgar/data/1065696/000110465905021274/0001104659-05-021274-index.htm",
    "finalLink": "https://www.sec.gov/Archives/edgar/data/1065696/000110465905021274/a05-8152_110q.htm"
  },
  {
    "date": "2004-12-31",
    "symbol": "LKQ",
    "reportedCurrency": "USD",
    "cik": "0001065696",
    "fillingDate": "2005-06-28",
    "acceptedDate": "2005-06-28 15:46:10",
    "calendarYear": "2004",
    "period": "Q4",
    "revenue": 113759673,
    "costOfRevenue": 61264254,
    "grossProfit": 52495419,
    "grossProfitRatio": 0.4614589478,
    "researchAndDevelopmentExpenses": 0,
    "generalAndAdministrativeExpenses": 0,
    "sellingAndMarketingExpenses": 0,
    "sellingGeneralAndAdministrativeExpenses": 42721112,
    "otherExpenses": 1854552,
    "operatingExpenses": 44575664,
    "costAndExpenses": 105839918,
    "interestIncome": 0,
    "interestExpense": 0,
    "depreciationAndAmortization": 1854552,
    "ebitda": 9774307,
    "ebitdaratio": 0.0859206672,
    "operatingIncome": 7919728,
    "operatingIncomeRatio": 0.0696180623,
    "totalOtherIncomeExpensesNet": 21986,
    "incomeBeforeTax": 7941714,
    "incomeBeforeTaxRatio": 0.0698113294,
    "incomeTaxExpense": 2909000,
    "netIncome": 5032714,
    "netIncomeRatio": 0.0442398775,
    "eps": 0.0305,
    "epsdiluted": 0.0305,
    "weightedAverageShsOut": 165048000,
    "weightedAverageShsOutDil": 165048000,
    "link": "https://www.sec.gov/Archives/edgar/data/1065696/000114420405020106/0001144204-05-020106-index.htm",
    "finalLink": "https://www.sec.gov/Archives/edgar/data/1065696/000114420405020106/v019558_10ka.htm"
  },
  {
    "date": "2004-09-30",
    "symbol": "LKQ",
    "reportedCurrency": "USD",
    "cik": "0001065696",
    "fillingDate": "2004-11-12",
    "acceptedDate": "2004-11-12 09:30:10",
    "calendarYear": "2004",
    "period": "Q3",
    "revenue": 106045357,
    "costOfRevenue": 57361745,
    "grossProfit": 48683612,
    "grossProfitRatio": 0.4590829186,
    "researchAndDevelopmentExpenses": 0,
    "generalAndAdministrativeExpenses": 26388348,
    "sellingAndMarketingExpenses": 12524453,
    "sellingGeneralAndAdministrativeExpenses": 38912801,
    "otherExpenses": 1795464,
    "operatingExpenses": 40708265,
    "costAndExpenses": 98070010,
    "interestIncome": 0,
    "interestExpense": 0,
    "depreciationAndAmortization": 1795464,
    "ebitda": 9769158,
    "ebitdaratio": 0.0921224491,
    "operatingIncome": 7975347,
    "operatingIncomeRatio": 0.0752069419,
    "totalOtherIncomeExpensesNet": -427483,
    "incomeBeforeTax": 7547517,
    "incomeBeforeTaxRatio": 0.0711725361,
    "incomeTaxExpense": 2985000,
    "netIncome": 4562517,
    "netIncomeRatio": 0.0430242033,
    "eps": 0.0288,
    "epsdiluted": 0.025,
    "weightedAverageShsOut": 161624000,
    "weightedAverageShsOutDil": 179936000,
    "link": "https://www.sec.gov/Archives/edgar/data/1065696/000110465904035291/0001104659-04-035291-index.htm",
    "finalLink": "https://www.sec.gov/Archives/edgar/data/1065696/000110465904035291/a04-13009_110q.htm"
  },
  {
    "date": "2004-06-30",
    "symbol": "LKQ",
    "reportedCurrency": "USD",
    "cik": "0001065696",
    "fillingDate": "2004-08-11",
    "acceptedDate": "2004-08-11 16:40:00",
    "calendarYear": "2004",
    "period": "Q2",
    "revenue": 104878203,
    "costOfRevenue": 55437060,
    "grossProfit": 49441143,
    "grossProfitRatio": 0.4714148563,
    "researchAndDevelopmentExpenses": 0,
    "generalAndAdministrativeExpenses": 29930160,
    "sellingAndMarketingExpenses": 8644141,
    "sellingGeneralAndAdministrativeExpenses": 38574301,
    "otherExpenses": 1716612,
    "operatingExpenses": 40290913,
    "costAndExpenses": 95727973,
    "interestIncome": 0,
    "interestExpense": 0,
    "depreciationAndAmortization": 1716612,
    "ebitda": 10866842,
    "ebitdaratio": 0.1036139225,
    "operatingIncome": 9150230,
    "operatingIncomeRatio": 0.0872462508,
    "totalOtherIncomeExpensesNet": -212488,
    "incomeBeforeTax": 8937742,
    "incomeBeforeTaxRatio": 0.0852202054,
    "incomeTaxExpense": 3595000,
    "netIncome": 5342742,
    "netIncomeRatio": 0.0509423488,
    "eps": 0.0338,
    "epsdiluted": 0.03,
    "weightedAverageShsOut": 158303467,
    "weightedAverageShsOutDil": 178091400,
    "link": "https://www.sec.gov/Archives/edgar/data/1065696/000110465904023859/0001104659-04-023859-index.htm",
    "finalLink": "https://www.sec.gov/Archives/edgar/data/1065696/000110465904023859/a04-9173_110q.htm"
  },
  {
    "date": "2004-03-31",
    "symbol": "LKQ",
    "reportedCurrency": "USD",
    "cik": "0001065696",
    "fillingDate": "2004-05-12",
    "acceptedDate": "2004-05-12 17:13:35",
    "calendarYear": "2004",
    "period": "Q1",
    "revenue": 100072767,
    "costOfRevenue": 53077136,
    "grossProfit": 46995631,
    "grossProfitRatio": 0.4696145856,
    "researchAndDevelopmentExpenses": 0,
    "generalAndAdministrativeExpenses": 24934974,
    "sellingAndMarketingExpenses": 10693727,
    "sellingGeneralAndAdministrativeExpenses": 35628701,
    "otherExpenses": 1505230,
    "operatingExpenses": 37133931,
    "costAndExpenses": 90211067,
    "interestIncome": 0,
    "interestExpense": 0,
    "depreciationAndAmortization": 1505230,
    "ebitda": 11366930,
    "ebitdaratio": 0.1135866464,
    "operatingIncome": 9861700,
    "operatingIncomeRatio": 0.0985452915,
    "totalOtherIncomeExpensesNet": -431786,
    "incomeBeforeTax": 9429914,
    "incomeBeforeTaxRatio": 0.0942305712,
    "incomeTaxExpense": 3795000,
    "netIncome": 5634914,
    "netIncomeRatio": 0.0563081662,
    "eps": 0.0363,
    "epsdiluted": 0.0313,
    "weightedAverageShsOut": 155445903,
    "weightedAverageShsOutDil": 180317248,
    "link": "https://www.sec.gov/Archives/edgar/data/1065696/000110465904014062/0001104659-04-014062-index.htm",
    "finalLink": "https://www.sec.gov/Archives/edgar/data/1065696/000110465904014062/a04-5606_110q.htm"
  },
  {
    "date": "2003-12-31",
    "symbol": "LKQ",
    "reportedCurrency": "USD",
    "cik": "0001065696",
    "fillingDate": "2004-03-24",
    "acceptedDate": "2004-03-24 15:38:47",
    "calendarYear": "2003",
    "period": "Q4",
    "revenue": 84228460,
    "costOfRevenue": 45330854,
    "grossProfit": 38897606,
    "grossProfitRatio": 0.4618107229,
    "researchAndDevelopmentExpenses": 0,
    "generalAndAdministrativeExpenses": -35230309313,
    "sellingAndMarketingExpenses": 35262697000,
    "sellingGeneralAndAdministrativeExpenses": 32387687,
    "otherExpenses": 1375593,
    "operatingExpenses": 33763280,
    "costAndExpenses": 79094134,
    "interestIncome": 0,
    "interestExpense": 0,
    "depreciationAndAmortization": 1375593,
    "ebitda": 6509919,
    "ebitdaratio": 0.0772888285,
    "operatingIncome": 5134326,
    "operatingIncomeRatio": 0.0609571397,
    "totalOtherIncomeExpensesNet": -185497,
    "incomeBeforeTax": 4948829,
    "incomeBeforeTaxRatio": 0.0587548318,
    "incomeTaxExpense": 1951000,
    "netIncome": 2997829,
    "netIncomeRatio": 0.0355916397,
    "eps": 0.0193,
    "epsdiluted": 0.0193,
    "weightedAverageShsOut": 152630379,
    "weightedAverageShsOutDil": 155445903,
    "link": "https://www.sec.gov/Archives/edgar/data/1065696/000104746904009177/0001047469-04-009177-index.htm",
    "finalLink": "https://www.sec.gov/Archives/edgar/data/1065696/000104746904009177/a2131677z10-k.htm"
  },
  {
    "date": "2003-09-30",
    "symbol": "LKQ",
    "reportedCurrency": "USD",
    "cik": "0001065696",
    "fillingDate": "2003-11-12",
    "acceptedDate": "2003-11-12 16:53:01",
    "calendarYear": "2003",
    "period": "Q3",
    "revenue": 83472462,
    "costOfRevenue": 44431543,
    "grossProfit": 39040919,
    "grossProfitRatio": 0.4677101653,
    "researchAndDevelopmentExpenses": 0,
    "generalAndAdministrativeExpenses": 22261026,
    "sellingAndMarketingExpenses": 8893084,
    "sellingGeneralAndAdministrativeExpenses": 31154110,
    "otherExpenses": 1325306,
    "operatingExpenses": 32479416,
    "costAndExpenses": 76910959,
    "interestIncome": 0,
    "interestExpense": 0,
    "depreciationAndAmortization": 1325306,
    "ebitda": 7886809,
    "ebitdaratio": 0.0944839629,
    "operatingIncome": 6561503,
    "operatingIncomeRatio": 0.0786067985,
    "totalOtherIncomeExpensesNet": -690730,
    "incomeBeforeTax": 5870773,
    "incomeBeforeTaxRatio": 0.0703318539,
    "incomeTaxExpense": 2352000,
    "netIncome": 3518773,
    "netIncomeRatio": 0.0421548965,
    "eps": 0.0313,
    "epsdiluted": 0.0275,
    "weightedAverageShsOut": 112600736,
    "weightedAverageShsOutDil": 127955382,
    "link": "https://www.sec.gov/Archives/edgar/data/1065696/000110465903025845/0001104659-03-025845-index.htm",
    "finalLink": "https://www.sec.gov/Archives/edgar/data/1065696/000110465903025845/a03-4840_110q.htm"
  },
  {
    "date": "2003-06-30",
    "symbol": "LKQ",
    "reportedCurrency": "USD",
    "cik": "0001065696",
    "fillingDate": "2003-06-30",
    "acceptedDate": "2003-06-29 20:00:00",
    "calendarYear": "2003",
    "period": "Q2",
    "revenue": 80136537,
    "costOfRevenue": 0,
    "grossProfit": 80136537,
    "grossProfitRatio": 1,
    "researchAndDevelopmentExpenses": 0,
    "generalAndAdministrativeExpenses": 0,
    "sellingAndMarketingExpenses": 0,
    "sellingGeneralAndAdministrativeExpenses": 0,
    "otherExpenses": 0,
    "operatingExpenses": 0,
    "costAndExpenses": 0,
    "interestIncome": 0,
    "interestExpense": 0,
    "depreciationAndAmortization": 1400000,
    "ebitda": 80136537,
    "ebitdaratio": 1,
    "operatingIncome": 80136537,
    "operatingIncomeRatio": 1,
    "totalOtherIncomeExpensesNet": -80136537,
    "incomeBeforeTax": 0,
    "incomeBeforeTaxRatio": 0,
    "incomeTaxExpense": 74706957,
    "netIncome": 4029580,
    "netIncomeRatio": 0.0502839298,
    "eps": 0.0319,
    "epsdiluted": 0.0288,
    "weightedAverageShsOut": 127169584,
    "weightedAverageShsOutDil": 140980808,
    "link": "",
    "finalLink": ""
  },
  {
    "date": "2003-03-31",
    "symbol": "LKQ",
    "reportedCurrency": "USD",
    "cik": "0001065696",
    "fillingDate": "2003-03-31",
    "acceptedDate": "2003-03-30 19:00:00",
    "calendarYear": "2003",
    "period": "Q1",
    "revenue": 80136537,
    "costOfRevenue": 0,
    "grossProfit": 80136537,
    "grossProfitRatio": 1,
    "researchAndDevelopmentExpenses": 0,
    "generalAndAdministrativeExpenses": 0,
    "sellingAndMarketingExpenses": 0,
    "sellingGeneralAndAdministrativeExpenses": 0,
    "otherExpenses": 0,
    "operatingExpenses": 0,
    "costAndExpenses": 0,
    "interestIncome": 0,
    "interestExpense": 0,
    "depreciationAndAmortization": 1300000,
    "ebitda": 80136537,
    "ebitdaratio": 1,
    "operatingIncome": 80136537,
    "operatingIncomeRatio": 1,
    "totalOtherIncomeExpensesNet": -80136537,
    "incomeBeforeTax": 0,
    "incomeBeforeTaxRatio": 0,
    "incomeTaxExpense": 74806957,
    "netIncome": 4029580,
    "netIncomeRatio": 0.0502839298,
    "eps": 0.0319,
    "epsdiluted": 0.0288,
    "weightedAverageShsOut": 127169584,
    "weightedAverageShsOutDil": 140980808,
    "link": "",
    "finalLink": ""
  },
  {
    "date": "2002-12-31",
    "symbol": "LKQ",
    "reportedCurrency": "USD",
    "cik": "0001065696",
    "fillingDate": "2002-12-31",
    "acceptedDate": "2002-12-30 19:00:00",
    "calendarYear": "2002",
    "period": "Q4",
    "revenue": 71200000,
    "costOfRevenue": 38400000,
    "grossProfit": 32800000,
    "grossProfitRatio": 0.4606741573,
    "researchAndDevelopmentExpenses": 0,
    "generalAndAdministrativeExpenses": 27400000,
    "sellingAndMarketingExpenses": 1400000,
    "sellingGeneralAndAdministrativeExpenses": 28800000,
    "otherExpenses": 0,
    "operatingExpenses": 28800000,
    "costAndExpenses": 67200000,
    "interestIncome": 0,
    "interestExpense": -600000,
    "depreciationAndAmortization": 1400000,
    "ebitda": 4400000,
    "ebitdaratio": 0.0617977528,
    "operatingIncome": 4000000,
    "operatingIncomeRatio": 0.0561797753,
    "totalOtherIncomeExpensesNet": -400000,
    "incomeBeforeTax": 3600000,
    "incomeBeforeTaxRatio": 0.0505617978,
    "incomeTaxExpense": 1300000,
    "netIncome": 2300000,
    "netIncomeRatio": 0.0323033708,
    "eps": 0.0148,
    "epsdiluted": 0.0148,
    "weightedAverageShsOut": 155200000,
    "weightedAverageShsOutDil": 155200000,
    "link": "",
    "finalLink": ""
  },
  {
    "date": "2002-09-30",
    "symbol": "LKQ",
    "reportedCurrency": "USD",
    "cik": "0001065696",
    "fillingDate": "2002-09-30",
    "acceptedDate": "2002-09-29 20:00:00",
    "calendarYear": "2002",
    "period": "Q3",
    "revenue": 71900000,
    "costOfRevenue": 38700000,
    "grossProfit": 33200000,
    "grossProfitRatio": 0.4617524339,
    "researchAndDevelopmentExpenses": 0,
    "generalAndAdministrativeExpenses": 27200000,
    "sellingAndMarketingExpenses": 1300000,
    "sellingGeneralAndAdministrativeExpenses": 28500000,
    "otherExpenses": 0,
    "operatingExpenses": 28500000,
    "costAndExpenses": 67200000,
    "interestIncome": 0,
    "interestExpense": -600000,
    "depreciationAndAmortization": 1200000,
    "ebitda": 4700000,
    "ebitdaratio": 0.0653685675,
    "operatingIncome": 4700000,
    "operatingIncomeRatio": 0.0653685675,
    "totalOtherIncomeExpensesNet": -600000,
    "incomeBeforeTax": 4100000,
    "incomeBeforeTaxRatio": 0.0570236439,
    "incomeTaxExpense": 1700000,
    "netIncome": 2400000,
    "netIncomeRatio": 0.033379694,
    "eps": 0.0155,
    "epsdiluted": 0.0155,
    "weightedAverageShsOut": 155200000,
    "weightedAverageShsOutDil": 155200000,
    "link": "",
    "finalLink": ""
  }
]