[
  {
    "date": "2025-06-29",
    "symbol": "LMT",
    "reportedCurrency": "USD",
    "cik": "0000936468",
    "fillingDate": "2025-07-22",
    "acceptedDate": "2025-07-22 07:32:49",
    "calendarYear": "2025",
    "period": "Q2",
    "revenue": 18155000000,
    "costOfRevenue": 17421000000,
    "grossProfit": 734000000,
    "grossProfitRatio": 0.0404296337,
    "researchAndDevelopmentExpenses": 0,
    "generalAndAdministrativeExpenses": 0,
    "sellingAndMarketingExpenses": 0,
    "sellingGeneralAndAdministrativeExpenses": 0,
    "otherExpenses": -14000000,
    "operatingExpenses": -14000000,
    "costAndExpenses": 17407000000,
    "interestIncome": 0,
    "interestExpense": 274000000,
    "depreciationAndAmortization": 399000000,
    "ebitda": 1090000000,
    "ebitdaratio": 0.0600385569,
    "operatingIncome": 748000000,
    "operatingIncomeRatio": 0.0412007711,
    "totalOtherIncomeExpensesNet": -331000000,
    "incomeBeforeTax": 417000000,
    "incomeBeforeTaxRatio": 0.0229688791,
    "incomeTaxExpense": 75000000,
    "netIncome": 342000000,
    "netIncomeRatio": 0.0188377857,
    "eps": 1.46,
    "epsdiluted": 1.46,
    "weightedAverageShsOut": 233500000,
    "weightedAverageShsOutDil": 234300000,
    "link": "https://www.sec.gov/Archives/edgar/data/936468/000162828025035502/0001628280-25-035502-index.htm",
    "finalLink": "https://www.sec.gov/Archives/edgar/data/936468/000162828025035565/lmt-20250629.htm#i2425e8a44baf4ebe8ac7f9e64004387f_16"
  },
  {
    "date": "2025-03-30",
    "symbol": "LMT",
    "reportedCurrency": "USD",
    "cik": "0000936468",
    "fillingDate": "2025-04-22",
    "acceptedDate": "2025-04-22 17:03:01",
    "calendarYear": "2025",
    "period": "Q1",
    "revenue": 17963000000,
    "costOfRevenue": 15640000000,
    "grossProfit": 2323000000,
    "grossProfitRatio": 0.1293213828,
    "researchAndDevelopmentExpenses": 0,
    "generalAndAdministrativeExpenses": 0,
    "sellingAndMarketingExpenses": 0,
    "sellingGeneralAndAdministrativeExpenses": -49000000,
    "otherExpenses": 0,
    "operatingExpenses": -49000000,
    "costAndExpenses": 15591000000,
    "interestIncome": 0,
    "interestExpense": 268000000,
    "depreciationAndAmortization": 397000000,
    "ebitda": 2701000000,
    "ebitdaratio": 0.1503646384,
    "operatingIncome": 2372000000,
    "operatingIncomeRatio": 0.1320492123,
    "totalOtherIncomeExpensesNet": -336000000,
    "incomeBeforeTax": 2036000000,
    "incomeBeforeTaxRatio": 0.1133440962,
    "incomeTaxExpense": 324000000,
    "netIncome": 1712000000,
    "netIncomeRatio": 0.09530702,
    "eps": 7.3,
    "epsdiluted": 7.28,
    "weightedAverageShsOut": 234400000,
    "weightedAverageShsOutDil": 235300000,
    "link": "https://www.sec.gov/Archives/edgar/data/936468/000093646825000035/0000936468-25-000035-index.htm",
    "finalLink": "https://www.sec.gov/Archives/edgar/data/936468/000093646825000035/lmt-20250330.htm"
  },
  {
    "date": "2024-12-31",
    "symbol": "LMT",
    "reportedCurrency": "USD",
    "cik": "0000936468",
    "fillingDate": "2025-01-28",
    "acceptedDate": "2025-01-28 16:12:50",
    "calendarYear": "2024",
    "period": "Q4",
    "revenue": 18622000000,
    "costOfRevenue": 17932000000,
    "grossProfit": 690000000,
    "grossProfitRatio": 0.0370529481,
    "researchAndDevelopmentExpenses": 0,
    "generalAndAdministrativeExpenses": 0,
    "sellingAndMarketingExpenses": 0,
    "sellingGeneralAndAdministrativeExpenses": 0,
    "otherExpenses": -6000000,
    "operatingExpenses": -6000000,
    "costAndExpenses": 17926000000,
    "interestIncome": 0,
    "interestExpense": 264000000,
    "depreciationAndAmortization": 459000000,
    "ebitda": 1242000000,
    "ebitdaratio": 0.0666953066,
    "operatingIncome": 696000000,
    "operatingIncomeRatio": 0.0373751477,
    "totalOtherIncomeExpensesNet": -177000000,
    "incomeBeforeTax": 519000000,
    "incomeBeforeTaxRatio": 0.027870261,
    "incomeTaxExpense": -8000000,
    "netIncome": 527000000,
    "netIncomeRatio": 0.0282998604,
    "eps": 2.23,
    "epsdiluted": 2.22,
    "weightedAverageShsOut": 236000000,
    "weightedAverageShsOutDil": 237000000,
    "link": "https://www.sec.gov/Archives/edgar/data/936468/000093646825000009/0000936468-25-000009-index.htm",
    "finalLink": "https://www.sec.gov/Archives/edgar/data/936468/000093646825000009/lmt-20241231.htm"
  },
  {
    "date": "2024-09-29",
    "symbol": "LMT",
    "reportedCurrency": "USD",
    "cik": "0000936468",
    "fillingDate": "2024-10-22",
    "acceptedDate": "2024-10-22 16:28:35",
    "calendarYear": "2024",
    "period": "Q3",
    "revenue": 17104000000,
    "costOfRevenue": 14987000000,
    "grossProfit": 2117000000,
    "grossProfitRatio": 0.123772217,
    "researchAndDevelopmentExpenses": 0,
    "generalAndAdministrativeExpenses": 0,
    "sellingAndMarketingExpenses": 0,
    "sellingGeneralAndAdministrativeExpenses": 0,
    "otherExpenses": -23000000,
    "operatingExpenses": -23000000,
    "costAndExpenses": 14964000000,
    "interestIncome": 0,
    "interestExpense": 256000000,
    "depreciationAndAmortization": 390000000,
    "ebitda": 2564000000,
    "ebitdaratio": 0.1499064546,
    "operatingIncome": 2140000000,
    "operatingIncomeRatio": 0.1251169317,
    "totalOtherIncomeExpensesNet": -222000000,
    "incomeBeforeTax": 1918000000,
    "incomeBeforeTaxRatio": 0.1121375117,
    "incomeTaxExpense": 295000000,
    "netIncome": 1623000000,
    "netIncomeRatio": 0.0948900842,
    "eps": 6.83,
    "epsdiluted": 6.8,
    "weightedAverageShsOut": 237500000,
    "weightedAverageShsOutDil": 238600000,
    "link": "https://www.sec.gov/Archives/edgar/data/936468/000093646824000110/0000936468-24-000110-index.htm",
    "finalLink": "https://www.sec.gov/Archives/edgar/data/936468/000093646824000110/lmt-20240929.htm"
  },
  {
    "date": "2024-06-30",
    "symbol": "LMT",
    "reportedCurrency": "USD",
    "cik": "0000936468",
    "fillingDate": "2024-07-23",
    "acceptedDate": "2024-07-23 16:14:20",
    "calendarYear": "2024",
    "period": "Q2",
    "revenue": 18122000000,
    "costOfRevenue": 15905000000,
    "grossProfit": 2217000000,
    "grossProfitRatio": 0.1223374903,
    "researchAndDevelopmentExpenses": 0,
    "generalAndAdministrativeExpenses": -15000000,
    "sellingAndMarketingExpenses": 0,
    "sellingGeneralAndAdministrativeExpenses": -15000000,
    "otherExpenses": 84000000,
    "operatingExpenses": 69000000,
    "costAndExpenses": 15974000000,
    "interestIncome": 0,
    "interestExpense": 261000000,
    "depreciationAndAmortization": 359000000,
    "ebitda": 2568000000,
    "ebitdaratio": 0.1417062134,
    "operatingIncome": 2148000000,
    "operatingIncomeRatio": 0.1185299636,
    "totalOtherIncomeExpensesNet": -200000000,
    "incomeBeforeTax": 1948000000,
    "incomeBeforeTaxRatio": 0.1074936541,
    "incomeTaxExpense": 307000000,
    "netIncome": 1641000000,
    "netIncomeRatio": 0.0905529191,
    "eps": 6.87,
    "epsdiluted": 6.85,
    "weightedAverageShsOut": 238900000,
    "weightedAverageShsOutDil": 239600000,
    "link": "https://www.sec.gov/Archives/edgar/data/936468/000093646824000095/0000936468-24-000095-index.htm",
    "finalLink": "https://www.sec.gov/Archives/edgar/data/936468/000093646824000095/lmt-20240630.htm"
  },
  {
    "date": "2024-03-31",
    "symbol": "LMT",
    "reportedCurrency": "USD",
    "cik": "0000936468",
    "fillingDate": "2024-04-23",
    "acceptedDate": "2024-04-23 16:15:51",
    "calendarYear": "2024",
    "period": "Q1",
    "revenue": 17195000000,
    "costOfRevenue": 15202000000,
    "grossProfit": 1993000000,
    "grossProfitRatio": 0.1159057866,
    "researchAndDevelopmentExpenses": 0,
    "generalAndAdministrativeExpenses": -16000000,
    "sellingAndMarketingExpenses": 0,
    "sellingGeneralAndAdministrativeExpenses": -16000000,
    "otherExpenses": -20000000,
    "operatingExpenses": -36000000,
    "costAndExpenses": 15166000000,
    "interestIncome": 0,
    "interestExpense": 255000000,
    "depreciationAndAmortization": 351000000,
    "ebitda": 2441000000,
    "ebitdaratio": 0.1419598721,
    "operatingIncome": 2029000000,
    "operatingIncomeRatio": 0.1179994184,
    "totalOtherIncomeExpensesNet": -194000000,
    "incomeBeforeTax": 1835000000,
    "incomeBeforeTaxRatio": 0.1067170689,
    "incomeTaxExpense": 290000000,
    "netIncome": 1545000000,
    "netIncomeRatio": 0.0898517011,
    "eps": 6.42,
    "epsdiluted": 6.39,
    "weightedAverageShsOut": 240700000,
    "weightedAverageShsOutDil": 241600000,
    "link": "https://www.sec.gov/Archives/edgar/data/936468/000093646824000052/0000936468-24-000052-index.htm",
    "finalLink": "https://www.sec.gov/Archives/edgar/data/936468/000093646824000052/lmt-20240331.htm"
  },
  {
    "date": "2023-12-31",
    "symbol": "LMT",
    "reportedCurrency": "USD",
    "cik": "0000936468",
    "fillingDate": "2024-01-23",
    "acceptedDate": "2024-01-23 16:17:08",
    "calendarYear": "2023",
    "period": "Q4",
    "revenue": 18874000000,
    "costOfRevenue": 16521000000,
    "grossProfit": 2295000000,
    "grossProfitRatio": 0.1215958461,
    "researchAndDevelopmentExpenses": 0,
    "generalAndAdministrativeExpenses": 0,
    "sellingAndMarketingExpenses": 0,
    "sellingGeneralAndAdministrativeExpenses": 0,
    "otherExpenses": 2000000,
    "operatingExpenses": 2000000,
    "costAndExpenses": 16581000000,
    "interestIncome": 0,
    "interestExpense": 254000000,
    "depreciationAndAmortization": 421000000,
    "ebitda": 2820000000,
    "ebitdaratio": 0.1494118894,
    "operatingIncome": 2293000000,
    "operatingIncomeRatio": 0.1214898803,
    "totalOtherIncomeExpensesNet": -148000000,
    "incomeBeforeTax": 2145000000,
    "incomeBeforeTaxRatio": 0.1136484052,
    "incomeTaxExpense": 279000000,
    "netIncome": 1866000000,
    "netIncomeRatio": 0.0988661651,
    "eps": 7.61,
    "epsdiluted": 7.58,
    "weightedAverageShsOut": 245200000,
    "weightedAverageShsOutDil": 246100000,
    "link": "https://www.sec.gov/Archives/edgar/data/936468/000093646824000010/0000936468-24-000010-index.htm",
    "finalLink": "https://www.sec.gov/Archives/edgar/data/936468/000093646824000010/lmt-20231231.htm"
  },
  {
    "date": "2023-09-24",
    "symbol": "LMT",
    "reportedCurrency": "USD",
    "cik": "0000936468",
    "fillingDate": "2023-10-17",
    "acceptedDate": "2023-10-17 16:11:06",
    "calendarYear": "2023",
    "period": "Q3",
    "revenue": 16878000000,
    "costOfRevenue": 14830000000,
    "grossProfit": 2048000000,
    "grossProfitRatio": 0.1213413912,
    "researchAndDevelopmentExpenses": 0,
    "generalAndAdministrativeExpenses": 0,
    "sellingAndMarketingExpenses": 0,
    "sellingGeneralAndAdministrativeExpenses": 0,
    "otherExpenses": 6000000,
    "operatingExpenses": 6000000,
    "costAndExpenses": 14836000000,
    "interestIncome": 0,
    "interestExpense": 237000000,
    "depreciationAndAmortization": 350000000,
    "ebitda": 2540000000,
    "ebitdaratio": 0.1504917644,
    "operatingIncome": 2042000000,
    "operatingIncomeRatio": 0.1209858988,
    "totalOtherIncomeExpensesNet": -89000000,
    "incomeBeforeTax": 1953000000,
    "incomeBeforeTaxRatio": 0.1157127622,
    "incomeTaxExpense": 269000000,
    "netIncome": 1684000000,
    "netIncomeRatio": 0.0997748548,
    "eps": 6.75,
    "epsdiluted": 6.73,
    "weightedAverageShsOut": 249300000,
    "weightedAverageShsOutDil": 250200000,
    "link": "https://www.sec.gov/Archives/edgar/data/936468/000093646823000123/0000936468-23-000123-index.htm",
    "finalLink": "https://www.sec.gov/Archives/edgar/data/936468/000093646823000123/lmt-20230924.htm"
  },
  {
    "date": "2023-06-25",
    "symbol": "LMT",
    "reportedCurrency": "USD",
    "cik": "0000936468",
    "fillingDate": "2023-07-19",
    "acceptedDate": "2023-07-18 18:43:40",
    "calendarYear": "2023",
    "period": "Q2",
    "revenue": 16693000000,
    "costOfRevenue": 14603000000,
    "grossProfit": 2090000000,
    "grossProfitRatio": 0.1252021806,
    "researchAndDevelopmentExpenses": 0,
    "generalAndAdministrativeExpenses": -111000000,
    "sellingAndMarketingExpenses": 0,
    "sellingGeneralAndAdministrativeExpenses": -111000000,
    "otherExpenses": 66000000,
    "operatingExpenses": -45000000,
    "costAndExpenses": 14558000000,
    "interestIncome": 0,
    "interestExpense": 223000000,
    "depreciationAndAmortization": 334000000,
    "ebitda": 2563000000,
    "ebitdaratio": 0.1535374109,
    "operatingIncome": 2135000000,
    "operatingIncomeRatio": 0.1278979213,
    "totalOtherIncomeExpensesNet": -129000000,
    "incomeBeforeTax": 2006000000,
    "incomeBeforeTaxRatio": 0.1201701312,
    "incomeTaxExpense": 325000000,
    "netIncome": 1681000000,
    "netIncomeRatio": 0.1007008926,
    "eps": 6.65,
    "epsdiluted": 6.63,
    "weightedAverageShsOut": 252800000,
    "weightedAverageShsOutDil": 253600000,
    "link": "https://www.sec.gov/Archives/edgar/data/936468/000093646823000099/0000936468-23-000099-index.htm",
    "finalLink": "https://www.sec.gov/Archives/edgar/data/936468/000093646823000099/lmt-20230625.htm"
  },
  {
    "date": "2023-03-26",
    "symbol": "LMT",
    "reportedCurrency": "USD",
    "cik": "0000936468",
    "fillingDate": "2023-04-18",
    "acceptedDate": "2023-04-18 16:19:29",
    "calendarYear": "2023",
    "period": "Q1",
    "revenue": 15126000000,
    "costOfRevenue": 13080000000,
    "grossProfit": 2046000000,
    "grossProfitRatio": 0.1352637842,
    "researchAndDevelopmentExpenses": 0,
    "generalAndAdministrativeExpenses": -110000000,
    "sellingAndMarketingExpenses": 0,
    "sellingGeneralAndAdministrativeExpenses": -110000000,
    "otherExpenses": 119000000,
    "operatingExpenses": 9000000,
    "costAndExpenses": 13089000000,
    "interestIncome": 0,
    "interestExpense": 202000000,
    "depreciationAndAmortization": 325000000,
    "ebitda": 2521000000,
    "ebitdaratio": 0.1666666667,
    "operatingIncome": 2037000000,
    "operatingIncomeRatio": 0.1346687822,
    "totalOtherIncomeExpensesNet": -43000000,
    "incomeBeforeTax": 1994000000,
    "incomeBeforeTaxRatio": 0.131825995,
    "incomeTaxExpense": 305000000,
    "netIncome": 1689000000,
    "netIncomeRatio": 0.1116620389,
    "eps": 6.63,
    "epsdiluted": 6.61,
    "weightedAverageShsOut": 254700000,
    "weightedAverageShsOutDil": 255700000,
    "link": "https://www.sec.gov/Archives/edgar/data/936468/000093646823000051/0000936468-23-000051-index.htm",
    "finalLink": "https://www.sec.gov/Archives/edgar/data/936468/000093646823000051/lmt-20230326.htm"
  },
  {
    "date": "2022-12-31",
    "symbol": "LMT",
    "reportedCurrency": "USD",
    "cik": "0000936468",
    "fillingDate": "2023-01-26",
    "acceptedDate": "2023-01-26 16:29:45",
    "calendarYear": "2022",
    "period": "Q4",
    "revenue": 18991000000,
    "costOfRevenue": 16689000000,
    "grossProfit": 2302000000,
    "grossProfitRatio": 0.1212153125,
    "researchAndDevelopmentExpenses": 0,
    "generalAndAdministrativeExpenses": 0,
    "sellingAndMarketingExpenses": 0,
    "sellingGeneralAndAdministrativeExpenses": 0,
    "otherExpenses": 9000000,
    "operatingExpenses": 9000000,
    "costAndExpenses": 16698000000,
    "interestIncome": 0,
    "interestExpense": 202000000,
    "depreciationAndAmortization": 439000000,
    "ebitda": 2831000000,
    "ebitdaratio": 0.1490706124,
    "operatingIncome": 2293000000,
    "operatingIncomeRatio": 0.1207414038,
    "totalOtherIncomeExpensesNet": -103000000,
    "incomeBeforeTax": 2190000000,
    "incomeBeforeTaxRatio": 0.1153177821,
    "incomeTaxExpense": 278000000,
    "netIncome": 1912000000,
    "netIncomeRatio": 0.1006792691,
    "eps": 7.44,
    "epsdiluted": 7.4,
    "weightedAverageShsOut": 257100000,
    "weightedAverageShsOutDil": 258300000,
    "link": "https://www.sec.gov/Archives/edgar/data/936468/000093646823000009/0000936468-23-000009-index.htm",
    "finalLink": "https://www.sec.gov/Archives/edgar/data/936468/000093646823000009/lmt-20221231.htm"
  },
  {
    "date": "2022-09-25",
    "symbol": "LMT",
    "reportedCurrency": "USD",
    "cik": "0000936468",
    "fillingDate": "2022-10-18",
    "acceptedDate": "2022-10-18 16:19:45",
    "calendarYear": "2022",
    "period": "Q3",
    "revenue": 16583000000,
    "costOfRevenue": 14463000000,
    "grossProfit": 2120000000,
    "grossProfitRatio": 0.1278417657,
    "researchAndDevelopmentExpenses": 0,
    "generalAndAdministrativeExpenses": 0,
    "sellingAndMarketingExpenses": 0,
    "sellingGeneralAndAdministrativeExpenses": 0,
    "otherExpenses": -39000000,
    "operatingExpenses": -39000000,
    "costAndExpenses": 14424000000,
    "interestIncome": 0,
    "interestExpense": 145000000,
    "depreciationAndAmortization": 293000000,
    "ebitda": 2537000000,
    "ebitdaratio": 0.1529879998,
    "operatingIncome": 2159000000,
    "operatingIncomeRatio": 0.1301935717,
    "totalOtherIncomeExpensesNet": -60000000,
    "incomeBeforeTax": 2099000000,
    "incomeBeforeTaxRatio": 0.1265754086,
    "incomeTaxExpense": 321000000,
    "netIncome": 1778000000,
    "netIncomeRatio": 0.1072182355,
    "eps": 6.73,
    "epsdiluted": 6.71,
    "weightedAverageShsOut": 264100000,
    "weightedAverageShsOutDil": 265100000,
    "link": "https://www.sec.gov/Archives/edgar/data/936468/000093646822000120/0000936468-22-000120-index.htm",
    "finalLink": "https://www.sec.gov/Archives/edgar/data/936468/000093646822000120/lmt-20220925.htm"
  },
  {
    "date": "2022-06-26",
    "symbol": "LMT",
    "reportedCurrency": "USD",
    "cik": "0000936468",
    "fillingDate": "2022-07-19",
    "acceptedDate": "2022-07-19 16:25:15",
    "calendarYear": "2022",
    "period": "Q2",
    "revenue": 15446000000,
    "costOfRevenue": 13490000000,
    "grossProfit": 1956000000,
    "grossProfitRatio": 0.1266347274,
    "researchAndDevelopmentExpenses": 0,
    "generalAndAdministrativeExpenses": 0,
    "sellingAndMarketingExpenses": 0,
    "sellingGeneralAndAdministrativeExpenses": 0,
    "otherExpenses": -7000000,
    "operatingExpenses": -7000000,
    "costAndExpenses": 13490000000,
    "interestIncome": 0,
    "interestExpense": 141000000,
    "depreciationAndAmortization": 343000000,
    "ebitda": 814000000,
    "ebitdaratio": 0.0526997281,
    "operatingIncome": 1956000000,
    "operatingIncomeRatio": 0.1266347274,
    "totalOtherIncomeExpensesNet": -1626000000,
    "incomeBeforeTax": 330000000,
    "incomeBeforeTaxRatio": 0.0213647546,
    "incomeTaxExpense": 21000000,
    "netIncome": 309000000,
    "netIncomeRatio": 0.0200051793,
    "eps": 1.16,
    "epsdiluted": 1.16,
    "weightedAverageShsOut": 265800000,
    "weightedAverageShsOutDil": 266700000,
    "link": "https://www.sec.gov/Archives/edgar/data/936468/000093646822000096/0000936468-22-000096-index.htm",
    "finalLink": "https://www.sec.gov/Archives/edgar/data/936468/000093646822000096/lmt-20220626.htm"
  },
  {
    "date": "2022-03-27",
    "symbol": "LMT",
    "reportedCurrency": "USD",
    "cik": "0000936468",
    "fillingDate": "2022-04-20",
    "acceptedDate": "2022-04-20 16:31:57",
    "calendarYear": "2022",
    "period": "Q1",
    "revenue": 14964000000,
    "costOfRevenue": 13055000000,
    "grossProfit": 1909000000,
    "grossProfitRatio": 0.1275728415,
    "researchAndDevelopmentExpenses": 0,
    "generalAndAdministrativeExpenses": 0,
    "sellingAndMarketingExpenses": 0,
    "sellingGeneralAndAdministrativeExpenses": 0,
    "otherExpenses": -24000000,
    "operatingExpenses": -24000000,
    "costAndExpenses": 13031000000,
    "interestIncome": 0,
    "interestExpense": 135000000,
    "depreciationAndAmortization": 329000000,
    "ebitda": 2525000000,
    "ebitdaratio": 0.1687383053,
    "operatingIncome": 1933000000,
    "operatingIncomeRatio": 0.1291766907,
    "totalOtherIncomeExpensesNet": 128000000,
    "incomeBeforeTax": 2061000000,
    "incomeBeforeTaxRatio": 0.1377305533,
    "incomeTaxExpense": 328000000,
    "netIncome": 1733000000,
    "netIncomeRatio": 0.1158112804,
    "eps": 6.46,
    "epsdiluted": 6.44,
    "weightedAverageShsOut": 268300000,
    "weightedAverageShsOutDil": 269200000,
    "link": "https://www.sec.gov/Archives/edgar/data/936468/000093646822000048/0000936468-22-000048-index.htm",
    "finalLink": "https://www.sec.gov/Archives/edgar/data/936468/000093646822000048/lmt-20220327.htm"
  },
  {
    "date": "2021-12-31",
    "symbol": "LMT",
    "reportedCurrency": "USD",
    "cik": "0000936468",
    "fillingDate": "2022-01-25",
    "acceptedDate": "2022-01-25 07:58:39",
    "calendarYear": "2021",
    "period": "Q4",
    "revenue": 17729000000,
    "costOfRevenue": 15307000000,
    "grossProfit": 2422000000,
    "grossProfitRatio": 0.1366123301,
    "researchAndDevelopmentExpenses": 0,
    "generalAndAdministrativeExpenses": 0,
    "sellingAndMarketingExpenses": 0,
    "sellingGeneralAndAdministrativeExpenses": 0,
    "otherExpenses": -33000000,
    "operatingExpenses": -33000000,
    "costAndExpenses": 15274000000,
    "interestIncome": 0,
    "interestExpense": 146000000,
    "depreciationAndAmortization": 365000000,
    "ebitda": 3001000000,
    "ebitdaratio": 0.1692706864,
    "operatingIncome": 2455000000,
    "operatingIncomeRatio": 0.1384736872,
    "totalOtherIncomeExpensesNet": 35000000,
    "incomeBeforeTax": 2490000000,
    "incomeBeforeTaxRatio": 0.1404478538,
    "incomeTaxExpense": 441000000,
    "netIncome": 2049000000,
    "netIncomeRatio": 0.1155733544,
    "eps": 7.5,
    "epsdiluted": 7.47,
    "weightedAverageShsOut": 273300000,
    "weightedAverageShsOutDil": 274300000,
    "link": "https://www.sec.gov/Archives/edgar/data/936468/000093646822000008/0000936468-22-000008-index.htm",
    "finalLink": "https://www.sec.gov/Archives/edgar/data/936468/000093646822000008/lmt-20211231.htm"
  },
  {
    "date": "2021-09-26",
    "symbol": "LMT",
    "reportedCurrency": "USD",
    "cik": "0000936468",
    "fillingDate": "2021-10-26",
    "acceptedDate": "2021-10-26 16:33:36",
    "calendarYear": "2021",
    "period": "Q3",
    "revenue": 16028000000,
    "costOfRevenue": 13726000000,
    "grossProfit": 2302000000,
    "grossProfitRatio": 0.1436236586,
    "researchAndDevelopmentExpenses": 0,
    "generalAndAdministrativeExpenses": 0,
    "sellingAndMarketingExpenses": 0,
    "sellingGeneralAndAdministrativeExpenses": 0,
    "otherExpenses": 8000000,
    "operatingExpenses": 8000000,
    "costAndExpenses": 13734000000,
    "interestIncome": 0,
    "interestExpense": 141000000,
    "depreciationAndAmortization": 329000000,
    "ebitda": 1149000000,
    "ebitdaratio": 0.0716870477,
    "operatingIncome": 2294000000,
    "operatingIncomeRatio": 0.1431245321,
    "totalOtherIncomeExpensesNet": -1615000000,
    "incomeBeforeTax": 679000000,
    "incomeBeforeTaxRatio": 0.0423633641,
    "incomeTaxExpense": 65000000,
    "netIncome": 614000000,
    "netIncomeRatio": 0.0383079611,
    "eps": 2.22,
    "epsdiluted": 2.21,
    "weightedAverageShsOut": 276200000,
    "weightedAverageShsOutDil": 277300000,
    "link": "https://www.sec.gov/Archives/edgar/data/936468/000093646821000101/0000936468-21-000101-index.htm",
    "finalLink": "https://www.sec.gov/Archives/edgar/data/936468/000093646821000101/lmt-20210926.htm"
  },
  {
    "date": "2021-06-27",
    "symbol": "LMT",
    "reportedCurrency": "USD",
    "cik": "0000936468",
    "fillingDate": "2021-07-26",
    "acceptedDate": "2021-07-26 16:15:03",
    "calendarYear": "2021",
    "period": "Q2",
    "revenue": 17029000000,
    "costOfRevenue": 14878000000,
    "grossProfit": 2151000000,
    "grossProfitRatio": 0.1263139351,
    "researchAndDevelopmentExpenses": 0,
    "generalAndAdministrativeExpenses": 0,
    "sellingAndMarketingExpenses": 0,
    "sellingGeneralAndAdministrativeExpenses": 0,
    "otherExpenses": -41000000,
    "operatingExpenses": -41000000,
    "costAndExpenses": 14837000000,
    "interestIncome": 0,
    "interestExpense": 142000000,
    "depreciationAndAmortization": 334000000,
    "ebitda": 2646000000,
    "ebitdaratio": 0.1553819954,
    "operatingIncome": 2192000000,
    "operatingIncomeRatio": 0.1287215926,
    "totalOtherIncomeExpensesNet": -22000000,
    "incomeBeforeTax": 2170000000,
    "incomeBeforeTaxRatio": 0.1274296788,
    "incomeTaxExpense": 355000000,
    "netIncome": 1815000000,
    "netIncomeRatio": 0.106582888,
    "eps": 6.54,
    "epsdiluted": 6.52,
    "weightedAverageShsOut": 277400000,
    "weightedAverageShsOutDil": 278400000,
    "link": "https://www.sec.gov/Archives/edgar/data/936468/000093646821000072/0000936468-21-000072-index.htm",
    "finalLink": "https://www.sec.gov/Archives/edgar/data/936468/000093646821000072/lmt-20210627.htm"
  },
  {
    "date": "2021-03-28",
    "symbol": "LMT",
    "reportedCurrency": "USD",
    "cik": "0000936468",
    "fillingDate": "2021-04-21",
    "acceptedDate": "2021-04-21 16:38:21",
    "calendarYear": "2021",
    "period": "Q1",
    "revenue": 16258000000,
    "costOfRevenue": 14072000000,
    "grossProfit": 2186000000,
    "grossProfitRatio": 0.1344568828,
    "researchAndDevelopmentExpenses": 0,
    "generalAndAdministrativeExpenses": 0,
    "sellingAndMarketingExpenses": 0,
    "sellingGeneralAndAdministrativeExpenses": 0,
    "otherExpenses": 4000000,
    "operatingExpenses": 4000000,
    "costAndExpenses": 14076000000,
    "interestIncome": 0,
    "interestExpense": 140000000,
    "depreciationAndAmortization": 336000000,
    "ebitda": 2687000000,
    "ebitdaratio": 0.1652724812,
    "operatingIncome": 2182000000,
    "operatingIncomeRatio": 0.13421085,
    "totalOtherIncomeExpensesNet": 29000000,
    "incomeBeforeTax": 2211000000,
    "incomeBeforeTaxRatio": 0.1359945873,
    "incomeTaxExpense": 374000000,
    "netIncome": 1837000000,
    "netIncomeRatio": 0.1129905277,
    "eps": 6.58,
    "epsdiluted": 6.56,
    "weightedAverageShsOut": 279000000,
    "weightedAverageShsOutDil": 280000000,
    "link": "https://www.sec.gov/Archives/edgar/data/936468/000093646821000044/0000936468-21-000044-index.htm",
    "finalLink": "https://www.sec.gov/Archives/edgar/data/936468/000093646821000044/lmt-20210328.htm"
  },
  {
    "date": "2020-12-31",
    "symbol": "LMT",
    "reportedCurrency": "USD",
    "cik": "0000936468",
    "fillingDate": "2021-01-28",
    "acceptedDate": "2021-01-28 17:08:55",
    "calendarYear": "2020",
    "period": "Q4",
    "revenue": 17032000000,
    "costOfRevenue": 14818000000,
    "grossProfit": 2214000000,
    "grossProfitRatio": 0.1299906059,
    "researchAndDevelopmentExpenses": 0,
    "generalAndAdministrativeExpenses": 0,
    "sellingAndMarketingExpenses": 0,
    "sellingGeneralAndAdministrativeExpenses": 0,
    "otherExpenses": -75000000,
    "operatingExpenses": -75000000,
    "costAndExpenses": 14743000000,
    "interestIncome": 0,
    "interestExpense": 149000000,
    "depreciationAndAmortization": 363000000,
    "ebitda": 2699000000,
    "ebitdaratio": 0.1584664162,
    "operatingIncome": 2289000000,
    "operatingIncomeRatio": 0.1343940817,
    "totalOtherIncomeExpensesNet": -102000000,
    "incomeBeforeTax": 2187000000,
    "incomeBeforeTaxRatio": 0.1284053546,
    "incomeTaxExpense": 395000000,
    "netIncome": 1792000000,
    "netIncomeRatio": 0.1052137154,
    "eps": 6.41,
    "epsdiluted": 6.38,
    "weightedAverageShsOut": 279700000,
    "weightedAverageShsOutDil": 281000000,
    "link": "https://www.sec.gov/Archives/edgar/data/936468/000093646821000013/0000936468-21-000013-index.htm",
    "finalLink": "https://www.sec.gov/Archives/edgar/data/936468/000093646821000013/lmt-20201231.htm"
  },
  {
    "date": "2020-09-27",
    "symbol": "LMT",
    "reportedCurrency": "USD",
    "cik": "0000936468",
    "fillingDate": "2020-10-22",
    "acceptedDate": "2020-10-22 16:31:44",
    "calendarYear": "2020",
    "period": "Q3",
    "revenue": 16495000000,
    "costOfRevenue": 14359000000,
    "grossProfit": 2136000000,
    "grossProfitRatio": 0.129493786,
    "researchAndDevelopmentExpenses": 0,
    "generalAndAdministrativeExpenses": 0,
    "sellingAndMarketingExpenses": 0,
    "sellingGeneralAndAdministrativeExpenses": 0,
    "otherExpenses": -11000000,
    "operatingExpenses": -11000000,
    "costAndExpenses": 14348000000,
    "interestIncome": 0,
    "interestExpense": 145000000,
    "depreciationAndAmortization": 319000000,
    "ebitda": 2520000000,
    "ebitdaratio": 0.1527735677,
    "operatingIncome": 2147000000,
    "operatingIncomeRatio": 0.1301606547,
    "totalOtherIncomeExpensesNet": -91000000,
    "incomeBeforeTax": 2056000000,
    "incomeBeforeTaxRatio": 0.1246438315,
    "incomeTaxExpense": 303000000,
    "netIncome": 1698000000,
    "netIncomeRatio": 0.1029402849,
    "eps": 6.08,
    "epsdiluted": 6.05,
    "weightedAverageShsOut": 279300000,
    "weightedAverageShsOutDil": 280600000,
    "link": "https://www.sec.gov/Archives/edgar/data/936468/000093646820000125/0000936468-20-000125-index.htm",
    "finalLink": "https://www.sec.gov/Archives/edgar/data/936468/000093646820000125/lmt-20200927.htm"
  },
  {
    "date": "2020-06-28",
    "symbol": "LMT",
    "reportedCurrency": "USD",
    "cik": "0000936468",
    "fillingDate": "2020-07-21",
    "acceptedDate": "2020-07-21 12:10:18",
    "calendarYear": "2020",
    "period": "Q2",
    "revenue": 16220000000,
    "costOfRevenue": 14007000000,
    "grossProfit": 2213000000,
    "grossProfitRatio": 0.1364364982,
    "researchAndDevelopmentExpenses": 0,
    "generalAndAdministrativeExpenses": 0,
    "sellingAndMarketingExpenses": 0,
    "sellingGeneralAndAdministrativeExpenses": 0,
    "otherExpenses": 127000000,
    "operatingExpenses": 127000000,
    "costAndExpenses": 14134000000,
    "interestIncome": 0,
    "interestExpense": 149000000,
    "depreciationAndAmortization": 307000000,
    "ebitda": 2418000000,
    "ebitdaratio": 0.1490752158,
    "operatingIncome": 2086000000,
    "operatingIncomeRatio": 0.1286066584,
    "totalOtherIncomeExpensesNet": -124000000,
    "incomeBeforeTax": 1962000000,
    "incomeBeforeTaxRatio": 0.1209617756,
    "incomeTaxExpense": 336000000,
    "netIncome": 1626000000,
    "netIncomeRatio": 0.1002466091,
    "eps": 5.81,
    "epsdiluted": 5.79,
    "weightedAverageShsOut": 279800000,
    "weightedAverageShsOutDil": 280800000,
    "link": "https://www.sec.gov/Archives/edgar/data/936468/000093646820000115/0000936468-20-000115-index.htm",
    "finalLink": "https://www.sec.gov/Archives/edgar/data/936468/000093646820000115/lmt-20200628.htm"
  },
  {
    "date": "2020-03-29",
    "symbol": "LMT",
    "reportedCurrency": "USD",
    "cik": "0000936468",
    "fillingDate": "2020-04-22",
    "acceptedDate": "2020-04-22 16:09:41",
    "calendarYear": "2020",
    "period": "Q1",
    "revenue": 15651000000,
    "costOfRevenue": 13560000000,
    "grossProfit": 2091000000,
    "grossProfitRatio": 0.1336016868,
    "researchAndDevelopmentExpenses": 0,
    "generalAndAdministrativeExpenses": 0,
    "sellingAndMarketingExpenses": 0,
    "sellingGeneralAndAdministrativeExpenses": 0,
    "otherExpenses": -31000000,
    "operatingExpenses": -31000000,
    "costAndExpenses": 13529000000,
    "interestIncome": 0,
    "interestExpense": 148000000,
    "depreciationAndAmortization": 301000000,
    "ebitda": 2479000000,
    "ebitdaratio": 0.158392435,
    "operatingIncome": 2122000000,
    "operatingIncomeRatio": 0.1355823909,
    "totalOtherIncomeExpensesNet": -92000000,
    "incomeBeforeTax": 2030000000,
    "incomeBeforeTaxRatio": 0.1297041723,
    "incomeTaxExpense": 313000000,
    "netIncome": 1717000000,
    "netIncomeRatio": 0.1097054501,
    "eps": 6.1,
    "epsdiluted": 6.08,
    "weightedAverageShsOut": 281300000,
    "weightedAverageShsOutDil": 282600000,
    "link": "https://www.sec.gov/Archives/edgar/data/936468/000093646820000056/0000936468-20-000056-index.htm",
    "finalLink": "https://www.sec.gov/Archives/edgar/data/936468/000093646820000056/lmtq1202010q.htm"
  },
  {
    "date": "2019-12-31",
    "symbol": "LMT",
    "reportedCurrency": "USD",
    "cik": "0000936468",
    "fillingDate": "2020-02-07",
    "acceptedDate": "2020-02-07 11:44:16",
    "calendarYear": "2019",
    "period": "Q4",
    "revenue": 15878000000,
    "costOfRevenue": 13755000000,
    "grossProfit": 2123000000,
    "grossProfitRatio": 0.133707016,
    "researchAndDevelopmentExpenses": 0,
    "generalAndAdministrativeExpenses": 0,
    "sellingAndMarketingExpenses": 0,
    "sellingGeneralAndAdministrativeExpenses": 0,
    "otherExpenses": -26000000,
    "operatingExpenses": -26000000,
    "costAndExpenses": 13755000000,
    "interestIncome": 0,
    "interestExpense": 157000000,
    "depreciationAndAmortization": 322000000,
    "ebitda": 2311000000,
    "ebitdaratio": 0.1455472981,
    "operatingIncome": 2149000000,
    "operatingIncomeRatio": 0.1353445018,
    "totalOtherIncomeExpensesNet": -317000000,
    "incomeBeforeTax": 1832000000,
    "incomeBeforeTaxRatio": 0.1153797708,
    "incomeTaxExpense": 334000000,
    "netIncome": 1498000000,
    "netIncomeRatio": 0.0943443759,
    "eps": 5.32,
    "epsdiluted": 5.29,
    "weightedAverageShsOut": 281400000,
    "weightedAverageShsOutDil": 283300000,
    "link": "https://www.sec.gov/Archives/edgar/data/936468/000093646820000016/0000936468-20-000016-index.htm",
    "finalLink": "https://www.sec.gov/Archives/edgar/data/936468/000093646820000016/lmtq4201910k.htm"
  },
  {
    "date": "2019-09-29",
    "symbol": "LMT",
    "reportedCurrency": "USD",
    "cik": "0000936468",
    "fillingDate": "2019-10-24",
    "acceptedDate": "2019-10-24 18:46:44",
    "calendarYear": "2019",
    "period": "Q3",
    "revenue": 15171000000,
    "costOfRevenue": 13108000000,
    "grossProfit": 2063000000,
    "grossProfitRatio": 0.1359831257,
    "researchAndDevelopmentExpenses": 0,
    "generalAndAdministrativeExpenses": 0,
    "sellingAndMarketingExpenses": 0,
    "sellingGeneralAndAdministrativeExpenses": 0,
    "otherExpenses": -42000000,
    "operatingExpenses": -42000000,
    "costAndExpenses": 13108000000,
    "interestIncome": 0,
    "interestExpense": 162000000,
    "depreciationAndAmortization": 302000000,
    "ebitda": 2245000000,
    "ebitdaratio": 0.1479796981,
    "operatingIncome": 2105000000,
    "operatingIncomeRatio": 0.1387515655,
    "totalOtherIncomeExpensesNet": -324000000,
    "incomeBeforeTax": 1781000000,
    "incomeBeforeTaxRatio": 0.11739503,
    "incomeTaxExpense": 173000000,
    "netIncome": 1608000000,
    "netIncomeRatio": 0.1059916947,
    "eps": 5.7,
    "epsdiluted": 5.66,
    "weightedAverageShsOut": 282000000,
    "weightedAverageShsOutDil": 283900000,
    "link": "https://www.sec.gov/Archives/edgar/data/936468/000093646819000069/0000936468-19-000069-index.htm",
    "finalLink": "https://www.sec.gov/Archives/edgar/data/936468/000093646819000069/lmtq3201910q.htm"
  },
  {
    "date": "2019-06-30",
    "symbol": "LMT",
    "reportedCurrency": "USD",
    "cik": "0000936468",
    "fillingDate": "2019-07-23",
    "acceptedDate": "2019-07-23 16:07:43",
    "calendarYear": "2019",
    "period": "Q2",
    "revenue": 14427000000,
    "costOfRevenue": 12434000000,
    "grossProfit": 1993000000,
    "grossProfitRatio": 0.1381437582,
    "researchAndDevelopmentExpenses": 0,
    "generalAndAdministrativeExpenses": 0,
    "sellingAndMarketingExpenses": 0,
    "sellingGeneralAndAdministrativeExpenses": 0,
    "otherExpenses": -15000000,
    "operatingExpenses": -15000000,
    "costAndExpenses": 12434000000,
    "interestIncome": 0,
    "interestExpense": 163000000,
    "depreciationAndAmortization": 288000000,
    "ebitda": 2134000000,
    "ebitdaratio": 0.1479170999,
    "operatingIncome": 2008000000,
    "operatingIncomeRatio": 0.1391834754,
    "totalOtherIncomeExpensesNet": -325000000,
    "incomeBeforeTax": 1683000000,
    "incomeBeforeTaxRatio": 0.1166562695,
    "incomeTaxExpense": 263000000,
    "netIncome": 1420000000,
    "netIncomeRatio": 0.0984265613,
    "eps": 5.03,
    "epsdiluted": 5,
    "weightedAverageShsOut": 282200000,
    "weightedAverageShsOutDil": 283900000,
    "link": "https://www.sec.gov/Archives/edgar/data/936468/000093646819000058/0000936468-19-000058-index.htm",
    "finalLink": "https://www.sec.gov/Archives/edgar/data/936468/000093646819000058/lmtq2201910q.htm"
  },
  {
    "date": "2019-03-31",
    "symbol": "LMT",
    "reportedCurrency": "USD",
    "cik": "0000936468",
    "fillingDate": "2019-04-24",
    "acceptedDate": "2019-04-24 16:05:32",
    "calendarYear": "2019",
    "period": "Q1",
    "revenue": 14336000000,
    "costOfRevenue": 12148000000,
    "grossProfit": 2188000000,
    "grossProfitRatio": 0.1526227679,
    "researchAndDevelopmentExpenses": 0,
    "generalAndAdministrativeExpenses": 0,
    "sellingAndMarketingExpenses": 0,
    "sellingGeneralAndAdministrativeExpenses": 0,
    "otherExpenses": -95000000,
    "operatingExpenses": -95000000,
    "costAndExpenses": 12053000000,
    "interestIncome": 0,
    "interestExpense": 171000000,
    "depreciationAndAmortization": 277000000,
    "ebitda": 2393000000,
    "ebitdaratio": 0.166922433,
    "operatingIncome": 2283000000,
    "operatingIncomeRatio": 0.159249442,
    "totalOtherIncomeExpensesNet": -338000000,
    "incomeBeforeTax": 1945000000,
    "incomeBeforeTaxRatio": 0.135672433,
    "incomeTaxExpense": 241000000,
    "netIncome": 1704000000,
    "netIncomeRatio": 0.1188616071,
    "eps": 6.03,
    "epsdiluted": 5.99,
    "weightedAverageShsOut": 282500000,
    "weightedAverageShsOutDil": 284300000,
    "link": "https://www.sec.gov/Archives/edgar/data/936468/000093646819000022/0000936468-19-000022-index.htm",
    "finalLink": "https://www.sec.gov/Archives/edgar/data/936468/000093646819000022/lmtq1201910q.htm"
  },
  {
    "date": "2018-12-31",
    "symbol": "LMT",
    "reportedCurrency": "USD",
    "cik": "0000936468",
    "fillingDate": "2019-02-08",
    "acceptedDate": "2019-02-08 11:38:57",
    "calendarYear": "2018",
    "period": "Q4",
    "revenue": 14411000000,
    "costOfRevenue": 12469000000,
    "grossProfit": 1942000000,
    "grossProfitRatio": 0.1347581708,
    "researchAndDevelopmentExpenses": 0,
    "generalAndAdministrativeExpenses": 0,
    "sellingAndMarketingExpenses": 0,
    "sellingGeneralAndAdministrativeExpenses": 0,
    "otherExpenses": 91000000,
    "operatingExpenses": 91000000,
    "costAndExpenses": 12560000000,
    "interestIncome": 0,
    "interestExpense": 171000000,
    "depreciationAndAmortization": 304000000,
    "ebitda": 1958000000,
    "ebitdaratio": 0.1358684338,
    "operatingIncome": 1851000000,
    "operatingIncomeRatio": 0.1284435501,
    "totalOtherIncomeExpensesNet": -368000000,
    "incomeBeforeTax": 1483000000,
    "incomeBeforeTaxRatio": 0.1029075012,
    "incomeTaxExpense": 230000000,
    "netIncome": 1253000000,
    "netIncomeRatio": 0.0869474707,
    "eps": 4.43,
    "epsdiluted": 4.39,
    "weightedAverageShsOut": 283100000,
    "weightedAverageShsOutDil": 285500000,
    "link": "https://www.sec.gov/Archives/edgar/data/936468/000093646819000009/0000936468-19-000009-index.htm",
    "finalLink": "https://www.sec.gov/Archives/edgar/data/936468/000093646819000009/lmtq4201810k.htm"
  },
  {
    "date": "2018-09-30",
    "symbol": "LMT",
    "reportedCurrency": "USD",
    "cik": "0000936468",
    "fillingDate": "2018-10-25",
    "acceptedDate": "2018-10-25 17:21:51",
    "calendarYear": "2018",
    "period": "Q3",
    "revenue": 14318000000,
    "costOfRevenue": 12397000000,
    "grossProfit": 1921000000,
    "grossProfitRatio": 0.1341667831,
    "researchAndDevelopmentExpenses": 0,
    "generalAndAdministrativeExpenses": 0,
    "sellingAndMarketingExpenses": 0,
    "sellingGeneralAndAdministrativeExpenses": 0,
    "otherExpenses": -42000000,
    "operatingExpenses": -42000000,
    "costAndExpenses": 12397000000,
    "interestIncome": 0,
    "interestExpense": 177000000,
    "depreciationAndAmortization": 291000000,
    "ebitda": 2043000000,
    "ebitdaratio": 0.1426875262,
    "operatingIncome": 1963000000,
    "operatingIncomeRatio": 0.1371001537,
    "totalOtherIncomeExpensesNet": -388000000,
    "incomeBeforeTax": 1575000000,
    "incomeBeforeTaxRatio": 0.1100013968,
    "incomeTaxExpense": 102000000,
    "netIncome": 1473000000,
    "netIncomeRatio": 0.1028774969,
    "eps": 5.18,
    "epsdiluted": 5.14,
    "weightedAverageShsOut": 284300000,
    "weightedAverageShsOutDil": 286700000,
    "link": "https://www.sec.gov/Archives/edgar/data/936468/000093646818000067/0000936468-18-000067-index.htm",
    "finalLink": "https://www.sec.gov/Archives/edgar/data/936468/000093646818000067/lmtq3201810q.htm"
  },
  {
    "date": "2018-06-24",
    "symbol": "LMT",
    "reportedCurrency": "USD",
    "cik": "0000936468",
    "fillingDate": "2018-07-24",
    "acceptedDate": "2018-07-24 16:19:20",
    "calendarYear": "2018",
    "period": "Q2",
    "revenue": 13398000000,
    "costOfRevenue": 11549000000,
    "grossProfit": 1849000000,
    "grossProfitRatio": 0.1380056725,
    "researchAndDevelopmentExpenses": 0,
    "generalAndAdministrativeExpenses": 0,
    "sellingAndMarketingExpenses": 0,
    "sellingGeneralAndAdministrativeExpenses": 0,
    "otherExpenses": -42000000,
    "operatingExpenses": -42000000,
    "costAndExpenses": 11549000000,
    "interestIncome": 0,
    "interestExpense": 165000000,
    "depreciationAndAmortization": 287000000,
    "ebitda": 1872000000,
    "ebitdaratio": 0.1397223466,
    "operatingIncome": 1795000000,
    "operatingIncomeRatio": 0.1339752202,
    "totalOtherIncomeExpensesNet": -375000000,
    "incomeBeforeTax": 1420000000,
    "incomeBeforeTaxRatio": 0.1059859681,
    "incomeTaxExpense": 257000000,
    "netIncome": 1163000000,
    "netIncomeRatio": 0.0868040006,
    "eps": 4.08,
    "epsdiluted": 4.05,
    "weightedAverageShsOut": 285000000,
    "weightedAverageShsOutDil": 287100000,
    "link": "https://www.sec.gov/Archives/edgar/data/936468/000093646818000053/0000936468-18-000053-index.htm",
    "finalLink": "https://www.sec.gov/Archives/edgar/data/936468/000093646818000053/lmtq2201810q.htm"
  },
  {
    "date": "2018-03-25",
    "symbol": "LMT",
    "reportedCurrency": "USD",
    "cik": "0000936468",
    "fillingDate": "2018-04-25",
    "acceptedDate": "2018-04-25 15:10:20",
    "calendarYear": "2018",
    "period": "Q1",
    "revenue": 11635000000,
    "costOfRevenue": 9977000000,
    "grossProfit": 1658000000,
    "grossProfitRatio": 0.1425010743,
    "researchAndDevelopmentExpenses": 0,
    "generalAndAdministrativeExpenses": 0,
    "sellingAndMarketingExpenses": 0,
    "sellingGeneralAndAdministrativeExpenses": 0,
    "otherExpenses": -67000000,
    "operatingExpenses": -67000000,
    "costAndExpenses": 9910000000,
    "interestIncome": 0,
    "interestExpense": 155000000,
    "depreciationAndAmortization": 279000000,
    "ebitda": 1794000000,
    "ebitdaratio": 0.1541899441,
    "operatingIncome": 1725000000,
    "operatingIncomeRatio": 0.1482595617,
    "totalOtherIncomeExpensesNet": -365000000,
    "incomeBeforeTax": 1360000000,
    "incomeBeforeTaxRatio": 0.1168886979,
    "incomeTaxExpense": 203000000,
    "netIncome": 1157000000,
    "netIncomeRatio": 0.0994413408,
    "eps": 4.05,
    "epsdiluted": 4.02,
    "weightedAverageShsOut": 285500000,
    "weightedAverageShsOutDil": 287900000,
    "link": "https://www.sec.gov/Archives/edgar/data/936468/000093646818000023/0000936468-18-000023-index.htm",
    "finalLink": "https://www.sec.gov/Archives/edgar/data/936468/000093646818000023/lmtq1201810q.htm"
  },
  {
    "date": "2017-12-31",
    "symbol": "LMT",
    "reportedCurrency": "USD",
    "cik": "0000936468",
    "fillingDate": "2018-02-16",
    "acceptedDate": "2018-02-16 16:37:09",
    "calendarYear": "2017",
    "period": "Q4",
    "revenue": 15137000000,
    "costOfRevenue": 13518000000,
    "grossProfit": 1619000000,
    "grossProfitRatio": 0.1069564643,
    "researchAndDevelopmentExpenses": 0,
    "generalAndAdministrativeExpenses": 0,
    "sellingAndMarketingExpenses": 0,
    "sellingGeneralAndAdministrativeExpenses": 0,
    "otherExpenses": -240000000,
    "operatingExpenses": -240000000,
    "costAndExpenses": 13278000000,
    "interestIncome": 0,
    "interestExpense": 174000000,
    "depreciationAndAmortization": 315000000,
    "ebitda": 2181000000,
    "ebitdaratio": 0.1440840325,
    "operatingIncome": 1859000000,
    "operatingIncomeRatio": 0.1228116536,
    "totalOtherIncomeExpensesNet": -167000000,
    "incomeBeforeTax": 1692000000,
    "incomeBeforeTaxRatio": 0.1117790844,
    "incomeTaxExpense": 2407000000,
    "netIncome": -642000000,
    "netIncomeRatio": -0.0424126313,
    "eps": -2.25,
    "epsdiluted": -2.25,
    "weightedAverageShsOut": 285900000,
    "weightedAverageShsOutDil": 285900000,
    "link": "https://www.sec.gov/Archives/edgar/data/936468/000093646818000013/0000936468-18-000013-index.htm",
    "finalLink": "https://www.sec.gov/Archives/edgar/data/936468/000093646818000013/lmtq4201710ka.htm"
  },
  {
    "date": "2017-09-24",
    "symbol": "LMT",
    "reportedCurrency": "USD",
    "cik": "0000936468",
    "fillingDate": "2017-10-26",
    "acceptedDate": "2017-10-26 16:21:39",
    "calendarYear": "2017",
    "period": "Q3",
    "revenue": 12341000000,
    "costOfRevenue": 10741000000,
    "grossProfit": 1600000000,
    "grossProfitRatio": 0.129649137,
    "researchAndDevelopmentExpenses": 0,
    "generalAndAdministrativeExpenses": 0,
    "sellingAndMarketingExpenses": 0,
    "sellingGeneralAndAdministrativeExpenses": 0,
    "otherExpenses": -77000000,
    "operatingExpenses": -77000000,
    "costAndExpenses": 10664000000,
    "interestIncome": 0,
    "interestExpense": 162000000,
    "depreciationAndAmortization": 299000000,
    "ebitda": 1758000000,
    "ebitdaratio": 0.1424519893,
    "operatingIncome": 1428000000,
    "operatingIncomeRatio": 0.1157118548,
    "totalOtherIncomeExpensesNet": -169000000,
    "incomeBeforeTax": 1259000000,
    "incomeBeforeTaxRatio": 0.1020176647,
    "incomeTaxExpense": 320000000,
    "netIncome": 939000000,
    "netIncomeRatio": 0.0760878373,
    "eps": 3.27,
    "epsdiluted": 3.24,
    "weightedAverageShsOut": 287100000,
    "weightedAverageShsOutDil": 290000000,
    "link": "https://www.sec.gov/Archives/edgar/data/936468/000093646817000014/0000936468-17-000014-index.htm",
    "finalLink": "https://www.sec.gov/Archives/edgar/data/936468/000093646817000014/lmtq3201710q.htm"
  },
  {
    "date": "2017-06-25",
    "symbol": "LMT",
    "reportedCurrency": "USD",
    "cik": "0000936468",
    "fillingDate": "2017-07-20",
    "acceptedDate": "2017-07-20 16:33:01",
    "calendarYear": "2017",
    "period": "Q2",
    "revenue": 12563000000,
    "costOfRevenue": 10907000000,
    "grossProfit": 1656000000,
    "grossProfitRatio": 0.1318156491,
    "researchAndDevelopmentExpenses": 0,
    "generalAndAdministrativeExpenses": 0,
    "sellingAndMarketingExpenses": 0,
    "sellingGeneralAndAdministrativeExpenses": 0,
    "otherExpenses": -60000000,
    "operatingExpenses": -60000000,
    "costAndExpenses": 10847000000,
    "interestIncome": 0,
    "interestExpense": 160000000,
    "depreciationAndAmortization": 296000000,
    "ebitda": 1798000000,
    "ebitdaratio": 0.1431186818,
    "operatingIncome": 1485000000,
    "operatingIncomeRatio": 0.1182042506,
    "totalOtherIncomeExpensesNet": -162000000,
    "incomeBeforeTax": 1323000000,
    "incomeBeforeTaxRatio": 0.1053092414,
    "incomeTaxExpense": 381000000,
    "netIncome": 942000000,
    "netIncomeRatio": 0.0749820903,
    "eps": 3.27,
    "epsdiluted": 3.23,
    "weightedAverageShsOut": 288500000,
    "weightedAverageShsOutDil": 291200000,
    "link": "https://www.sec.gov/Archives/edgar/data/936468/000119312517232077/0001193125-17-232077-index.htm",
    "finalLink": "https://www.sec.gov/Archives/edgar/data/936468/000119312517232077/d410439d10q.htm"
  },
  {
    "date": "2017-03-26",
    "symbol": "LMT",
    "reportedCurrency": "USD",
    "cik": "0000936468",
    "fillingDate": "2017-04-26",
    "acceptedDate": "2017-04-26 15:14:00",
    "calendarYear": "2017",
    "period": "Q1",
    "revenue": 11057000000,
    "costOfRevenue": 9904000000,
    "grossProfit": 1153000000,
    "grossProfitRatio": 0.104277833,
    "researchAndDevelopmentExpenses": 0,
    "generalAndAdministrativeExpenses": 0,
    "sellingAndMarketingExpenses": 0,
    "sellingGeneralAndAdministrativeExpenses": 0,
    "otherExpenses": 4000000,
    "operatingExpenses": 4000000,
    "costAndExpenses": 9904000000,
    "interestIncome": 0,
    "interestExpense": 155000000,
    "depreciationAndAmortization": 285000000,
    "ebitda": 1475000000,
    "ebitdaratio": 0.1333996563,
    "operatingIncome": 1149000000,
    "operatingIncomeRatio": 0.1039160713,
    "totalOtherIncomeExpensesNet": -154000000,
    "incomeBeforeTax": 995000000,
    "incomeBeforeTaxRatio": 0.0899882427,
    "incomeTaxExpense": 232000000,
    "netIncome": 763000000,
    "netIncomeRatio": 0.0690060595,
    "eps": 2.63,
    "epsdiluted": 2.61,
    "weightedAverageShsOut": 290000000,
    "weightedAverageShsOutDil": 292800000,
    "link": "https://www.sec.gov/Archives/edgar/data/936468/000119312517139189/0001193125-17-139189-index.htm",
    "finalLink": "https://www.sec.gov/Archives/edgar/data/936468/000119312517139189/d360426d10q.htm"
  },
  {
    "date": "2016-12-31",
    "symbol": "LMT",
    "reportedCurrency": "USD",
    "cik": "0000936468",
    "fillingDate": "2017-02-09",
    "acceptedDate": "2017-02-09 16:32:41",
    "calendarYear": "2016",
    "period": "Q4",
    "revenue": 13752000000,
    "costOfRevenue": 12399000000,
    "grossProfit": 1353000000,
    "grossProfitRatio": 0.0983856894,
    "researchAndDevelopmentExpenses": 0,
    "generalAndAdministrativeExpenses": 0,
    "sellingAndMarketingExpenses": 0,
    "sellingGeneralAndAdministrativeExpenses": 0,
    "otherExpenses": -75000000,
    "operatingExpenses": -75000000,
    "costAndExpenses": 12324000000,
    "interestIncome": 0,
    "interestExpense": 171000000,
    "depreciationAndAmortization": 327000000,
    "ebitda": 1753000000,
    "ebitdaratio": 0.1274723677,
    "operatingIncome": 1428000000,
    "operatingIncomeRatio": 0.1038394415,
    "totalOtherIncomeExpensesNet": -173000000,
    "incomeBeforeTax": 1255000000,
    "incomeBeforeTaxRatio": 0.0912594532,
    "incomeTaxExpense": 296000000,
    "netIncome": 988000000,
    "netIncomeRatio": 0.0718440954,
    "eps": 3.39,
    "epsdiluted": 3.35,
    "weightedAverageShsOut": 291800000,
    "weightedAverageShsOutDil": 295200000,
    "link": "https://www.sec.gov/Archives/edgar/data/936468/000119312517036192/0001193125-17-036192-index.htm",
    "finalLink": "https://www.sec.gov/Archives/edgar/data/936468/000119312517036192/d290249d10k.htm"
  },
  {
    "date": "2016-09-25",
    "symbol": "LMT",
    "reportedCurrency": "USD",
    "cik": "0000936468",
    "fillingDate": "2016-10-27",
    "acceptedDate": "2016-10-27 16:30:11",
    "calendarYear": "2016",
    "period": "Q3",
    "revenue": 11551000000,
    "costOfRevenue": 10167000000,
    "grossProfit": 1384000000,
    "grossProfitRatio": 0.1198164661,
    "researchAndDevelopmentExpenses": 0,
    "generalAndAdministrativeExpenses": 0,
    "sellingAndMarketingExpenses": 0,
    "sellingGeneralAndAdministrativeExpenses": 0,
    "otherExpenses": -204000000,
    "operatingExpenses": -204000000,
    "costAndExpenses": 9963000000,
    "interestIncome": 0,
    "interestExpense": 162000000,
    "depreciationAndAmortization": 295000000,
    "ebitda": 1884000000,
    "ebitdaratio": 0.1631027617,
    "operatingIncome": 1588000000,
    "operatingIncomeRatio": 0.1374772747,
    "totalOtherIncomeExpensesNet": -161000000,
    "incomeBeforeTax": 1427000000,
    "incomeBeforeTaxRatio": 0.1235390875,
    "incomeTaxExpense": 338000000,
    "netIncome": 2395000000,
    "netIncomeRatio": 0.2073413557,
    "eps": 8.02,
    "epsdiluted": 7.93,
    "weightedAverageShsOut": 298500000,
    "weightedAverageShsOutDil": 302100000,
    "link": "https://www.sec.gov/Archives/edgar/data/936468/000119312516749763/0001193125-16-749763-index.htm",
    "finalLink": "https://www.sec.gov/Archives/edgar/data/936468/000119312516749763/d259549d10q.htm"
  },
  {
    "date": "2016-06-26",
    "symbol": "LMT",
    "reportedCurrency": "USD",
    "cik": "0000936468",
    "fillingDate": "2016-07-20",
    "acceptedDate": "2016-07-20 17:01:59",
    "calendarYear": "2016",
    "period": "Q2",
    "revenue": 11577000000,
    "costOfRevenue": 10347000000,
    "grossProfit": 1230000000,
    "grossProfitRatio": 0.1062451412,
    "researchAndDevelopmentExpenses": 0,
    "generalAndAdministrativeExpenses": 0,
    "sellingAndMarketingExpenses": 0,
    "sellingGeneralAndAdministrativeExpenses": 0,
    "otherExpenses": -145000000,
    "operatingExpenses": -145000000,
    "costAndExpenses": 10202000000,
    "interestIncome": 0,
    "interestExpense": 165000000,
    "depreciationAndAmortization": 297000000,
    "ebitda": 1672000000,
    "ebitdaratio": 0.1444242895,
    "operatingIncome": 1375000000,
    "operatingIncomeRatio": 0.118769975,
    "totalOtherIncomeExpensesNet": -165000000,
    "incomeBeforeTax": 1400000000,
    "incomeBeforeTaxRatio": 0.120929429,
    "incomeTaxExpense": 379000000,
    "netIncome": 1021000000,
    "netIncomeRatio": 0.088192105,
    "eps": 3.37,
    "epsdiluted": 3.32,
    "weightedAverageShsOut": 303100000,
    "weightedAverageShsOutDil": 307100000,
    "link": "https://www.sec.gov/Archives/edgar/data/936468/000119312516652394/0001193125-16-652394-index.htm",
    "finalLink": "https://www.sec.gov/Archives/edgar/data/936468/000119312516652394/d189173d10q.htm"
  },
  {
    "date": "2016-03-27",
    "symbol": "LMT",
    "reportedCurrency": "USD",
    "cik": "0000936468",
    "fillingDate": "2016-04-27",
    "acceptedDate": "2016-04-27 15:24:10",
    "calendarYear": "2016",
    "period": "Q1",
    "revenue": 10368000000,
    "costOfRevenue": 9273000000,
    "grossProfit": 1095000000,
    "grossProfitRatio": 0.1056134259,
    "researchAndDevelopmentExpenses": 0,
    "generalAndAdministrativeExpenses": 0,
    "sellingAndMarketingExpenses": 0,
    "sellingGeneralAndAdministrativeExpenses": 0,
    "otherExpenses": -63000000,
    "operatingExpenses": -63000000,
    "costAndExpenses": 9210000000,
    "interestIncome": 0,
    "interestExpense": 165000000,
    "depreciationAndAmortization": 296000000,
    "ebitda": 1455000000,
    "ebitdaratio": 0.1403356481,
    "operatingIncome": 1158000000,
    "operatingIncomeRatio": 0.1116898148,
    "totalOtherIncomeExpensesNet": -164000000,
    "incomeBeforeTax": 1134000000,
    "incomeBeforeTaxRatio": 0.109375,
    "incomeTaxExpense": 340000000,
    "netIncome": 794000000,
    "netIncomeRatio": 0.0765817901,
    "eps": 2.61,
    "epsdiluted": 2.58,
    "weightedAverageShsOut": 304500000,
    "weightedAverageShsOutDil": 307800000,
    "link": "https://www.sec.gov/Archives/edgar/data/936468/000119312516559151/0001193125-16-559151-index.htm",
    "finalLink": "https://www.sec.gov/Archives/edgar/data/936468/000119312516559151/d135475d10q.htm"
  },
  {
    "date": "2015-12-31",
    "symbol": "LMT",
    "reportedCurrency": "USD",
    "cik": "0000936468",
    "fillingDate": "2016-02-24",
    "acceptedDate": "2016-02-24 17:21:12",
    "calendarYear": "2015",
    "period": "Q4",
    "revenue": 12917000000,
    "costOfRevenue": 11540000000,
    "grossProfit": 1377000000,
    "grossProfitRatio": 0.1066037005,
    "researchAndDevelopmentExpenses": 0,
    "generalAndAdministrativeExpenses": 0,
    "sellingAndMarketingExpenses": 0,
    "sellingGeneralAndAdministrativeExpenses": 0,
    "otherExpenses": 29000000,
    "operatingExpenses": 29000000,
    "costAndExpenses": 11607000000,
    "interestIncome": 0,
    "interestExpense": 142000000,
    "depreciationAndAmortization": 300000000,
    "ebitda": 1605000000,
    "ebitdaratio": 0.1242548579,
    "operatingIncome": 1281000000,
    "operatingIncomeRatio": 0.0991716343,
    "totalOtherIncomeExpensesNet": -118000000,
    "incomeBeforeTax": 1163000000,
    "incomeBeforeTaxRatio": 0.0900363862,
    "incomeTaxExpense": 230000000,
    "netIncome": 933000000,
    "netIncomeRatio": 0.0722303941,
    "eps": 3.05,
    "epsdiluted": 3.01,
    "weightedAverageShsOut": 305900000,
    "weightedAverageShsOutDil": 310200000,
    "link": "https://www.sec.gov/Archives/edgar/data/936468/000119312516476010/0001193125-16-476010-index.htm",
    "finalLink": "https://www.sec.gov/Archives/edgar/data/936468/000119312516476010/d62685d10k.htm"
  },
  {
    "date": "2015-09-27",
    "symbol": "LMT",
    "reportedCurrency": "USD",
    "cik": "0000936468",
    "fillingDate": "2015-10-22",
    "acceptedDate": "2015-10-22 16:12:10",
    "calendarYear": "2015",
    "period": "Q3",
    "revenue": 10060000000,
    "costOfRevenue": 8963000000,
    "grossProfit": 1097000000,
    "grossProfitRatio": 0.1090457256,
    "researchAndDevelopmentExpenses": 0,
    "generalAndAdministrativeExpenses": 0,
    "sellingAndMarketingExpenses": 0,
    "sellingGeneralAndAdministrativeExpenses": 0,
    "otherExpenses": -95000000,
    "operatingExpenses": -95000000,
    "costAndExpenses": 8868000000,
    "interestIncome": 0,
    "interestExpense": 104000000,
    "depreciationAndAmortization": 236000000,
    "ebitda": 1429000000,
    "ebitdaratio": 0.1420477137,
    "operatingIncome": 1192000000,
    "operatingIncomeRatio": 0.1184890656,
    "totalOtherIncomeExpensesNet": -103000000,
    "incomeBeforeTax": 1251000000,
    "incomeBeforeTaxRatio": 0.1243538767,
    "incomeTaxExpense": 386000000,
    "netIncome": 865000000,
    "netIncomeRatio": 0.0859840954,
    "eps": 2.8,
    "epsdiluted": 2.77,
    "weightedAverageShsOut": 308400000,
    "weightedAverageShsOutDil": 312700000,
    "link": "https://www.sec.gov/Archives/edgar/data/936468/000119312515350723/0001193125-15-350723-index.htm",
    "finalLink": "https://www.sec.gov/Archives/edgar/data/936468/000119312515350723/d84755d10q.htm"
  },
  {
    "date": "2015-06-28",
    "symbol": "LMT",
    "reportedCurrency": "USD",
    "cik": "0000936468",
    "fillingDate": "2015-07-22",
    "acceptedDate": "2015-07-22 17:04:59",
    "calendarYear": "2015",
    "period": "Q2",
    "revenue": 11643000000,
    "costOfRevenue": 10272000000,
    "grossProfit": 1371000000,
    "grossProfitRatio": 0.1177531564,
    "researchAndDevelopmentExpenses": 0,
    "generalAndAdministrativeExpenses": 0,
    "sellingAndMarketingExpenses": 0,
    "sellingGeneralAndAdministrativeExpenses": 0,
    "otherExpenses": -74000000,
    "operatingExpenses": -74000000,
    "costAndExpenses": 10198000000,
    "interestIncome": 0,
    "interestExpense": 104000000,
    "depreciationAndAmortization": 246000000,
    "ebitda": 1693000000,
    "ebitdaratio": 0.1454092588,
    "operatingIncome": 1445000000,
    "operatingIncomeRatio": 0.1241089066,
    "totalOtherIncomeExpensesNet": -102000000,
    "incomeBeforeTax": 1343000000,
    "incomeBeforeTaxRatio": 0.1153482779,
    "incomeTaxExpense": 414000000,
    "netIncome": 929000000,
    "netIncomeRatio": 0.079790432,
    "eps": 2.98,
    "epsdiluted": 2.94,
    "weightedAverageShsOut": 312000000,
    "weightedAverageShsOutDil": 316100000,
    "link": "https://www.sec.gov/Archives/edgar/data/936468/000119312515259947/0001193125-15-259947-index.htm",
    "finalLink": "https://www.sec.gov/Archives/edgar/data/936468/000119312515259947/d915865d10q.htm"
  },
  {
    "date": "2015-03-29",
    "symbol": "LMT",
    "reportedCurrency": "USD",
    "cik": "0000936468",
    "fillingDate": "2015-04-22",
    "acceptedDate": "2015-04-22 15:25:13",
    "calendarYear": "2015",
    "period": "Q1",
    "revenue": 10111000000,
    "costOfRevenue": 8848000000,
    "grossProfit": 1263000000,
    "grossProfitRatio": 0.1249134606,
    "researchAndDevelopmentExpenses": 0,
    "generalAndAdministrativeExpenses": 0,
    "sellingAndMarketingExpenses": 0,
    "sellingGeneralAndAdministrativeExpenses": 0,
    "otherExpenses": -93000000,
    "operatingExpenses": -93000000,
    "costAndExpenses": 8755000000,
    "interestIncome": 0,
    "interestExpense": 93000000,
    "depreciationAndAmortization": 244000000,
    "ebitda": 1603000000,
    "ebitdaratio": 0.1585402037,
    "operatingIncome": 1356000000,
    "operatingIncomeRatio": 0.1341113639,
    "totalOtherIncomeExpensesNet": -90000000,
    "incomeBeforeTax": 1266000000,
    "incomeBeforeTaxRatio": 0.1252101671,
    "incomeTaxExpense": 388000000,
    "netIncome": 878000000,
    "netIncomeRatio": 0.0868361191,
    "eps": 2.78,
    "epsdiluted": 2.74,
    "weightedAverageShsOut": 315400000,
    "weightedAverageShsOutDil": 320200000,
    "link": "https://www.sec.gov/Archives/edgar/data/936468/000119312515141818/0001193125-15-141818-index.htm",
    "finalLink": "https://www.sec.gov/Archives/edgar/data/936468/000119312515141818/d887742d10q.htm"
  },
  {
    "date": "2014-12-31",
    "symbol": "LMT",
    "reportedCurrency": "USD",
    "cik": "0000936468",
    "fillingDate": "2015-02-09",
    "acceptedDate": "2015-02-09 12:39:42",
    "calendarYear": "2014",
    "period": "Q4",
    "revenue": 12530000000,
    "costOfRevenue": 11262000000,
    "grossProfit": 1387000000,
    "grossProfitRatio": 0.1106943336,
    "researchAndDevelopmentExpenses": 0,
    "generalAndAdministrativeExpenses": 0,
    "sellingAndMarketingExpenses": 0,
    "sellingGeneralAndAdministrativeExpenses": 0,
    "otherExpenses": -74000000,
    "operatingExpenses": -74000000,
    "costAndExpenses": 11188000000,
    "interestIncome": 0,
    "interestExpense": 87000000,
    "depreciationAndAmortization": 268000000,
    "ebitda": 1613000000,
    "ebitdaratio": 0.1287310455,
    "operatingIncome": 1342000000,
    "operatingIncomeRatio": 0.1071029529,
    "totalOtherIncomeExpensesNet": -84000000,
    "incomeBeforeTax": 1258000000,
    "incomeBeforeTaxRatio": 0.1003990423,
    "incomeTaxExpense": 354000000,
    "netIncome": 904000000,
    "netIncomeRatio": 0.0721468476,
    "eps": 2.87,
    "epsdiluted": 2.82,
    "weightedAverageShsOut": 315100000,
    "weightedAverageShsOutDil": 320600000,
    "link": "https://www.sec.gov/Archives/edgar/data/936468/000119312515038681/0001193125-15-038681-index.htm",
    "finalLink": "https://www.sec.gov/Archives/edgar/data/936468/000119312515038681/d808572d10k.htm"
  },
  {
    "date": "2014-09-28",
    "symbol": "LMT",
    "reportedCurrency": "USD",
    "cik": "0000936468",
    "fillingDate": "2014-10-24",
    "acceptedDate": "2014-10-23 17:59:30",
    "calendarYear": "2014",
    "period": "Q3",
    "revenue": 11114000000,
    "costOfRevenue": 9839000000,
    "grossProfit": 1275000000,
    "grossProfitRatio": 0.1147201728,
    "researchAndDevelopmentExpenses": 0,
    "generalAndAdministrativeExpenses": 0,
    "sellingAndMarketingExpenses": 0,
    "sellingGeneralAndAdministrativeExpenses": 0,
    "otherExpenses": -117000000,
    "operatingExpenses": -117000000,
    "costAndExpenses": 9722000000,
    "interestIncome": 0,
    "interestExpense": 82000000,
    "depreciationAndAmortization": 247000000,
    "ebitda": 1640000000,
    "ebitdaratio": 0.147561634,
    "operatingIncome": 1392000000,
    "operatingIncomeRatio": 0.1252474357,
    "totalOtherIncomeExpensesNet": -81000000,
    "incomeBeforeTax": 1311000000,
    "incomeBeforeTaxRatio": 0.1179593306,
    "incomeTaxExpense": 423000000,
    "netIncome": 888000000,
    "netIncomeRatio": 0.0798992262,
    "eps": 2.81,
    "epsdiluted": 2.76,
    "weightedAverageShsOut": 316300000,
    "weightedAverageShsOutDil": 321800000,
    "link": "https://www.sec.gov/Archives/edgar/data/936468/000119312514380468/0001193125-14-380468-index.htm",
    "finalLink": "https://www.sec.gov/Archives/edgar/data/936468/000119312514380468/d787909d10q.htm"
  },
  {
    "date": "2014-06-29",
    "symbol": "LMT",
    "reportedCurrency": "USD",
    "cik": "0000936468",
    "fillingDate": "2014-07-23",
    "acceptedDate": "2014-07-23 12:42:09",
    "calendarYear": "2014",
    "period": "Q2",
    "revenue": 11306000000,
    "costOfRevenue": 9965000000,
    "grossProfit": 1341000000,
    "grossProfitRatio": 0.1186095878,
    "researchAndDevelopmentExpenses": 0,
    "generalAndAdministrativeExpenses": 0,
    "sellingAndMarketingExpenses": 0,
    "sellingGeneralAndAdministrativeExpenses": 0,
    "otherExpenses": -85000000,
    "operatingExpenses": -85000000,
    "costAndExpenses": 9880000000,
    "interestIncome": 0,
    "interestExpense": 85000000,
    "depreciationAndAmortization": 242000000,
    "ebitda": 1668000000,
    "ebitdaratio": 0.1475322837,
    "operatingIncome": 1426000000,
    "operatingIncomeRatio": 0.1261277198,
    "totalOtherIncomeExpensesNet": -85000000,
    "incomeBeforeTax": 1341000000,
    "incomeBeforeTaxRatio": 0.1186095878,
    "incomeTaxExpense": 452000000,
    "netIncome": 889000000,
    "netIncomeRatio": 0.0786308155,
    "eps": 2.81,
    "epsdiluted": 2.76,
    "weightedAverageShsOut": 316800000,
    "weightedAverageShsOutDil": 322100000,
    "link": "https://www.sec.gov/Archives/edgar/data/936468/000119312514276771/0001193125-14-276771-index.htm",
    "finalLink": "https://www.sec.gov/Archives/edgar/data/936468/000119312514276771/d738513d10q.htm"
  },
  {
    "date": "2014-03-30",
    "symbol": "LMT",
    "reportedCurrency": "USD",
    "cik": "0000936468",
    "fillingDate": "2014-04-24",
    "acceptedDate": "2014-04-23 19:21:57",
    "calendarYear": "2014",
    "period": "Q1",
    "revenue": 10650000000,
    "costOfRevenue": 9279000000,
    "grossProfit": 1371000000,
    "grossProfitRatio": 0.1287323944,
    "researchAndDevelopmentExpenses": 0,
    "generalAndAdministrativeExpenses": 0,
    "sellingAndMarketingExpenses": 0,
    "sellingGeneralAndAdministrativeExpenses": 0,
    "otherExpenses": -61000000,
    "operatingExpenses": -61000000,
    "costAndExpenses": 9218000000,
    "interestIncome": 0,
    "interestExpense": 86000000,
    "depreciationAndAmortization": 237000000,
    "ebitda": 1671000000,
    "ebitdaratio": 0.1569014085,
    "operatingIncome": 1432000000,
    "operatingIncomeRatio": 0.1344600939,
    "totalOtherIncomeExpensesNet": -84000000,
    "incomeBeforeTax": 1348000000,
    "incomeBeforeTaxRatio": 0.12657277,
    "incomeTaxExpense": 415000000,
    "netIncome": 933000000,
    "netIncomeRatio": 0.0876056338,
    "eps": 2.92,
    "epsdiluted": 2.87,
    "weightedAverageShsOut": 319100000,
    "weightedAverageShsOutDil": 325100000,
    "link": "https://www.sec.gov/Archives/edgar/data/936468/000119312514155226/0001193125-14-155226-index.htm",
    "finalLink": "https://www.sec.gov/Archives/edgar/data/936468/000119312514155226/d685273d10q.htm"
  },
  {
    "date": "2013-12-31",
    "symbol": "LMT",
    "reportedCurrency": "USD",
    "cik": "0000936468",
    "fillingDate": "2014-02-14",
    "acceptedDate": "2014-02-14 16:51:11",
    "calendarYear": "2013",
    "period": "Q4",
    "revenue": 11533000000,
    "costOfRevenue": 10429000000,
    "grossProfit": 1104000000,
    "grossProfitRatio": 0.09572531,
    "researchAndDevelopmentExpenses": 697000000,
    "generalAndAdministrativeExpenses": 0,
    "sellingAndMarketingExpenses": 0,
    "sellingGeneralAndAdministrativeExpenses": 0,
    "otherExpenses": -96000000,
    "operatingExpenses": -96000000,
    "costAndExpenses": 10699000000,
    "interestIncome": 0,
    "interestExpense": 86000000,
    "depreciationAndAmortization": 286000000,
    "ebitda": 1118000000,
    "ebitdaratio": 0.0969392179,
    "operatingIncome": 834000000,
    "operatingIncomeRatio": 0.0723142287,
    "totalOtherIncomeExpensesNet": -88000000,
    "incomeBeforeTax": 746000000,
    "incomeBeforeTaxRatio": 0.0646839504,
    "incomeTaxExpense": 258000000,
    "netIncome": 488000000,
    "netIncomeRatio": 0.0423133617,
    "eps": 1.53,
    "epsdiluted": 1.5,
    "weightedAverageShsOut": 319900000,
    "weightedAverageShsOutDil": 326300000,
    "link": "https://www.sec.gov/Archives/edgar/data/936468/000119312514055034/0001193125-14-055034-index.htm",
    "finalLink": "https://www.sec.gov/Archives/edgar/data/936468/000119312514055034/d621068d10k.htm"
  },
  {
    "date": "2013-09-29",
    "symbol": "LMT",
    "reportedCurrency": "USD",
    "cik": "0000936468",
    "fillingDate": "2013-10-25",
    "acceptedDate": "2013-10-24 17:48:57",
    "calendarYear": "2013",
    "period": "Q3",
    "revenue": 11347000000,
    "costOfRevenue": 10163000000,
    "grossProfit": 1184000000,
    "grossProfitRatio": 0.1043447607,
    "researchAndDevelopmentExpenses": 0,
    "generalAndAdministrativeExpenses": 0,
    "sellingAndMarketingExpenses": 0,
    "sellingGeneralAndAdministrativeExpenses": 0,
    "otherExpenses": -70000000,
    "operatingExpenses": -70000000,
    "costAndExpenses": 10093000000,
    "interestIncome": 0,
    "interestExpense": 84000000,
    "depreciationAndAmortization": 232000000,
    "ebitda": 1489000000,
    "ebitdaratio": 0.1312241121,
    "operatingIncome": 1254000000,
    "operatingIncomeRatio": 0.1105137922,
    "totalOtherIncomeExpensesNet": -81000000,
    "incomeBeforeTax": 1173000000,
    "incomeBeforeTaxRatio": 0.1033753415,
    "incomeTaxExpense": 331000000,
    "netIncome": 873000000,
    "netIncomeRatio": 0.0769366352,
    "eps": 2.72,
    "epsdiluted": 2.67,
    "weightedAverageShsOut": 321300000,
    "weightedAverageShsOutDil": 327500000,
    "link": "https://www.sec.gov/Archives/edgar/data/936468/000119312513410108/0001193125-13-410108-index.htm",
    "finalLink": "https://www.sec.gov/Archives/edgar/data/936468/000119312513410108/d590048d10q.htm"
  },
  {
    "date": "2013-06-30",
    "symbol": "LMT",
    "reportedCurrency": "USD",
    "cik": "0000936468",
    "fillingDate": "2013-07-24",
    "acceptedDate": "2013-07-24 16:57:01",
    "calendarYear": "2013",
    "period": "Q2",
    "revenue": 11408000000,
    "costOfRevenue": 10184000000,
    "grossProfit": 1224000000,
    "grossProfitRatio": 0.1072931276,
    "researchAndDevelopmentExpenses": 0,
    "generalAndAdministrativeExpenses": 0,
    "sellingAndMarketingExpenses": 0,
    "sellingGeneralAndAdministrativeExpenses": 0,
    "otherExpenses": -74000000,
    "operatingExpenses": -74000000,
    "costAndExpenses": 10110000000,
    "interestIncome": 0,
    "interestExpense": 88000000,
    "depreciationAndAmortization": 240000000,
    "ebitda": 1539000000,
    "ebitdaratio": 0.1349053296,
    "operatingIncome": 1298000000,
    "operatingIncomeRatio": 0.1137798036,
    "totalOtherIncomeExpensesNet": -87000000,
    "incomeBeforeTax": 1211000000,
    "incomeBeforeTaxRatio": 0.1061535764,
    "incomeTaxExpense": 352000000,
    "netIncome": 859000000,
    "netIncomeRatio": 0.0752980365,
    "eps": 2.68,
    "epsdiluted": 2.64,
    "weightedAverageShsOut": 320800000,
    "weightedAverageShsOutDil": 325900000,
    "link": "https://www.sec.gov/Archives/edgar/data/936468/000119312513300659/0001193125-13-300659-index.htm",
    "finalLink": "https://www.sec.gov/Archives/edgar/data/936468/000119312513300659/d542716d10q.htm"
  },
  {
    "date": "2013-03-31",
    "symbol": "LMT",
    "reportedCurrency": "USD",
    "cik": "0000936468",
    "fillingDate": "2013-04-25",
    "acceptedDate": "2013-04-24 18:27:54",
    "calendarYear": "2013",
    "period": "Q1",
    "revenue": 11070000000,
    "costOfRevenue": 9999000000,
    "grossProfit": 1071000000,
    "grossProfitRatio": 0.0967479675,
    "researchAndDevelopmentExpenses": 0,
    "generalAndAdministrativeExpenses": 0,
    "sellingAndMarketingExpenses": 0,
    "sellingGeneralAndAdministrativeExpenses": 0,
    "otherExpenses": -78000000,
    "operatingExpenses": -78000000,
    "costAndExpenses": 9951000000,
    "interestIncome": 0,
    "interestExpense": 92000000,
    "depreciationAndAmortization": 232000000,
    "ebitda": 1349000000,
    "ebitdaratio": 0.1218608853,
    "operatingIncome": 1119000000,
    "operatingIncomeRatio": 0.1010840108,
    "totalOtherIncomeExpensesNet": -94000000,
    "incomeBeforeTax": 1025000000,
    "incomeBeforeTaxRatio": 0.0925925926,
    "incomeTaxExpense": 264000000,
    "netIncome": 761000000,
    "netIncomeRatio": 0.0687443541,
    "eps": 2.37,
    "epsdiluted": 2.33,
    "weightedAverageShsOut": 321700000,
    "weightedAverageShsOutDil": 326300000,
    "link": "https://www.sec.gov/Archives/edgar/data/936468/000119312513170973/0001193125-13-170973-index.htm",
    "finalLink": "https://www.sec.gov/Archives/edgar/data/936468/000119312513170973/d500011d10q.htm"
  },
  {
    "date": "2012-12-31",
    "symbol": "LMT",
    "reportedCurrency": "USD",
    "cik": "0000936468",
    "fillingDate": "2013-02-28",
    "acceptedDate": "2013-02-28 11:47:11",
    "calendarYear": "2012",
    "period": "Q4",
    "revenue": 12099000000,
    "costOfRevenue": 10993000000,
    "grossProfit": 1106000000,
    "grossProfitRatio": 0.0914125134,
    "researchAndDevelopmentExpenses": 616000000,
    "generalAndAdministrativeExpenses": 0,
    "sellingAndMarketingExpenses": 0,
    "sellingGeneralAndAdministrativeExpenses": 0,
    "otherExpenses": 57000000,
    "operatingExpenses": -238000000,
    "costAndExpenses": 11104000000,
    "interestIncome": 0,
    "interestExpense": 94000000,
    "depreciationAndAmortization": 277000000,
    "ebitda": 1329000000,
    "ebitdaratio": 0.1098437887,
    "operatingIncome": 1124000000,
    "operatingIncomeRatio": 0.0929002397,
    "totalOtherIncomeExpensesNet": -169000000,
    "incomeBeforeTax": 958000000,
    "incomeBeforeTaxRatio": 0.0791800975,
    "incomeTaxExpense": 389000000,
    "netIncome": 569000000,
    "netIncomeRatio": 0.0470286801,
    "eps": 1.76,
    "epsdiluted": 1.73,
    "weightedAverageShsOut": 322700000,
    "weightedAverageShsOutDil": 328000000,
    "link": "https://www.sec.gov/Archives/edgar/data/936468/000119312513082873/0001193125-13-082873-index.htm",
    "finalLink": "https://www.sec.gov/Archives/edgar/data/936468/000119312513082873/d428940d10k.htm"
  },
  {
    "date": "2012-09-30",
    "symbol": "LMT",
    "reportedCurrency": "USD",
    "cik": "0000936468",
    "fillingDate": "2012-10-25",
    "acceptedDate": "2012-10-25 17:02:00",
    "calendarYear": "2012",
    "period": "Q3",
    "revenue": 11869000000,
    "costOfRevenue": 10888000000,
    "grossProfit": 981000000,
    "grossProfitRatio": 0.0826522875,
    "researchAndDevelopmentExpenses": 0,
    "generalAndAdministrativeExpenses": 0,
    "sellingAndMarketingExpenses": 0,
    "sellingGeneralAndAdministrativeExpenses": 0,
    "otherExpenses": 0,
    "operatingExpenses": -117000000,
    "costAndExpenses": 10888000000,
    "interestIncome": 0,
    "interestExpense": 97000000,
    "depreciationAndAmortization": 247000000,
    "ebitda": 1390000000,
    "ebitdaratio": 0.1171118039,
    "operatingIncome": 1137000000,
    "operatingIncomeRatio": 0.0957957705,
    "totalOtherIncomeExpensesNet": -91000000,
    "incomeBeforeTax": 1046000000,
    "incomeBeforeTaxRatio": 0.0881287387,
    "incomeTaxExpense": 319000000,
    "netIncome": 727000000,
    "netIncomeRatio": 0.061252001,
    "eps": 2.25,
    "epsdiluted": 2.21,
    "weightedAverageShsOut": 323500000,
    "weightedAverageShsOutDil": 328300000,
    "link": "https://www.sec.gov/Archives/edgar/data/936468/000119312512435648/0001193125-12-435648-index.htm",
    "finalLink": "https://www.sec.gov/Archives/edgar/data/936468/000119312512435648/d399430d10q.htm"
  },
  {
    "date": "2012-06-24",
    "symbol": "LMT",
    "reportedCurrency": "USD",
    "cik": "0000936468",
    "fillingDate": "2012-07-25",
    "acceptedDate": "2012-07-25 16:50:51",
    "calendarYear": "2012",
    "period": "Q2",
    "revenue": 11921000000,
    "costOfRevenue": 10741000000,
    "grossProfit": 1180000000,
    "grossProfitRatio": 0.0989849845,
    "researchAndDevelopmentExpenses": 0,
    "generalAndAdministrativeExpenses": 0,
    "sellingAndMarketingExpenses": 0,
    "sellingGeneralAndAdministrativeExpenses": 0,
    "otherExpenses": 0,
    "operatingExpenses": -20000000,
    "costAndExpenses": 10741000000,
    "interestIncome": 0,
    "interestExpense": 96000000,
    "depreciationAndAmortization": 233000000,
    "ebitda": 1446000000,
    "ebitdaratio": 0.1212985488,
    "operatingIncome": 1192000000,
    "operatingIncomeRatio": 0.0999916114,
    "totalOtherIncomeExpensesNet": -75000000,
    "incomeBeforeTax": 1117000000,
    "incomeBeforeTaxRatio": 0.0937001929,
    "incomeTaxExpense": 336000000,
    "netIncome": 781000000,
    "netIncomeRatio": 0.065514638,
    "eps": 2.41,
    "epsdiluted": 2.38,
    "weightedAverageShsOut": 324500000,
    "weightedAverageShsOutDil": 328800000,
    "link": "https://www.sec.gov/Archives/edgar/data/936468/000119312512314590/0001193125-12-314590-index.htm",
    "finalLink": "https://www.sec.gov/Archives/edgar/data/936468/000119312512314590/d348548d10q.htm"
  },
  {
    "date": "2012-03-25",
    "symbol": "LMT",
    "reportedCurrency": "USD",
    "cik": "0000936468",
    "fillingDate": "2012-04-26",
    "acceptedDate": "2012-04-26 16:44:07",
    "calendarYear": "2012",
    "period": "Q1",
    "revenue": 11293000000,
    "costOfRevenue": 10319000000,
    "grossProfit": 974000000,
    "grossProfitRatio": 0.0862481183,
    "researchAndDevelopmentExpenses": 0,
    "generalAndAdministrativeExpenses": 0,
    "sellingAndMarketingExpenses": 0,
    "sellingGeneralAndAdministrativeExpenses": 0,
    "otherExpenses": 0,
    "operatingExpenses": -35000000,
    "costAndExpenses": 10319000000,
    "interestIncome": 0,
    "interestExpense": 96000000,
    "depreciationAndAmortization": 231000000,
    "ebitda": 1278000000,
    "ebitdaratio": 0.1131674489,
    "operatingIncome": 1009000000,
    "operatingIncomeRatio": 0.0893473833,
    "totalOtherIncomeExpensesNet": -58000000,
    "incomeBeforeTax": 948000000,
    "incomeBeforeTaxRatio": 0.0839458071,
    "incomeTaxExpense": 283000000,
    "netIncome": 668000000,
    "netIncomeRatio": 0.0591516869,
    "eps": 2.06,
    "epsdiluted": 2.03,
    "weightedAverageShsOut": 324100000,
    "weightedAverageShsOutDil": 328600000,
    "link": "https://www.sec.gov/Archives/edgar/data/936468/000119312512186246/0001193125-12-186246-index.htm",
    "finalLink": "https://www.sec.gov/Archives/edgar/data/936468/000119312512186246/d310551d10q.htm"
  },
  {
    "date": "2011-12-31",
    "symbol": "LMT",
    "reportedCurrency": "USD",
    "cik": "0000936468",
    "fillingDate": "2012-02-23",
    "acceptedDate": "2012-02-23 14:21:16",
    "calendarYear": "2011",
    "period": "Q4",
    "revenue": 12211000000,
    "costOfRevenue": 11223000000,
    "grossProfit": 988000000,
    "grossProfitRatio": 0.0809106543,
    "researchAndDevelopmentExpenses": 0,
    "generalAndAdministrativeExpenses": 0,
    "sellingAndMarketingExpenses": 0,
    "sellingGeneralAndAdministrativeExpenses": 0,
    "otherExpenses": 0,
    "operatingExpenses": -276000000,
    "costAndExpenses": 11223000000,
    "interestIncome": 0,
    "interestExpense": 96000000,
    "depreciationAndAmortization": 424000000,
    "ebitda": 1486000000,
    "ebitdaratio": 0.121693555,
    "operatingIncome": 1082000000,
    "operatingIncomeRatio": 0.0886086316,
    "totalOtherIncomeExpensesNet": -116000000,
    "incomeBeforeTax": 966000000,
    "incomeBeforeTaxRatio": 0.0791090001,
    "incomeTaxExpense": 268000000,
    "netIncome": 683000000,
    "netIncomeRatio": 0.055933175,
    "eps": 2.08,
    "epsdiluted": 2.08,
    "weightedAverageShsOut": 322400000,
    "weightedAverageShsOutDil": 329000000,
    "link": "https://www.sec.gov/Archives/edgar/data/936468/000119312512074929/0001193125-12-074929-index.htm",
    "finalLink": "https://www.sec.gov/Archives/edgar/data/936468/000119312512074929/d221578d10k.htm"
  },
  {
    "date": "2011-09-25",
    "symbol": "LMT",
    "reportedCurrency": "USD",
    "cik": "0000936468",
    "fillingDate": "2011-10-27",
    "acceptedDate": "2011-10-27 17:29:51",
    "calendarYear": "2011",
    "period": "Q3",
    "revenue": 12119000000,
    "costOfRevenue": 11123000000,
    "grossProfit": 996000000,
    "grossProfitRatio": 0.0821849988,
    "researchAndDevelopmentExpenses": 0,
    "generalAndAdministrativeExpenses": 0,
    "sellingAndMarketingExpenses": 0,
    "sellingGeneralAndAdministrativeExpenses": 0,
    "otherExpenses": 0,
    "operatingExpenses": -45000000,
    "costAndExpenses": 11123000000,
    "interestIncome": 0,
    "interestExpense": 89000000,
    "depreciationAndAmortization": 247000000,
    "ebitda": 1285000000,
    "ebitdaratio": 0.1060318508,
    "operatingIncome": 1041000000,
    "operatingIncomeRatio": 0.0858981764,
    "totalOtherIncomeExpensesNet": -92000000,
    "incomeBeforeTax": 949000000,
    "incomeBeforeTaxRatio": 0.078306791,
    "incomeTaxExpense": 284000000,
    "netIncome": 700000000,
    "netIncomeRatio": 0.0577605413,
    "eps": 2.12,
    "epsdiluted": 2.1,
    "weightedAverageShsOut": 329800000,
    "weightedAverageShsOutDil": 333600000,
    "link": "https://www.sec.gov/Archives/edgar/data/936468/000119312511284412/0001193125-11-284412-index.htm",
    "finalLink": "https://www.sec.gov/Archives/edgar/data/936468/000119312511284412/d222330d10q.htm"
  },
  {
    "date": "2011-06-26",
    "symbol": "LMT",
    "reportedCurrency": "USD",
    "cik": "0000936468",
    "fillingDate": "2011-07-27",
    "acceptedDate": "2011-07-27 16:57:52",
    "calendarYear": "2011",
    "period": "Q2",
    "revenue": 11551000000,
    "costOfRevenue": 10654000000,
    "grossProfit": 897000000,
    "grossProfitRatio": 0.0776556142,
    "researchAndDevelopmentExpenses": 0,
    "generalAndAdministrativeExpenses": 0,
    "sellingAndMarketingExpenses": 0,
    "sellingGeneralAndAdministrativeExpenses": 0,
    "otherExpenses": 0,
    "operatingExpenses": -87000000,
    "costAndExpenses": 10654000000,
    "interestIncome": 0,
    "interestExpense": 84000000,
    "depreciationAndAmortization": 246000000,
    "ebitda": 1248000000,
    "ebitdaratio": 0.1080425937,
    "operatingIncome": 993000000,
    "operatingIncomeRatio": 0.085966583,
    "totalOtherIncomeExpensesNet": -75000000,
    "incomeBeforeTax": 909000000,
    "incomeBeforeTaxRatio": 0.0786944853,
    "incomeTaxExpense": 167000000,
    "netIncome": 742000000,
    "netIncomeRatio": 0.0642368626,
    "eps": 2.16,
    "epsdiluted": 2.14,
    "weightedAverageShsOut": 342800000,
    "weightedAverageShsOutDil": 346600000,
    "link": "https://www.sec.gov/Archives/edgar/data/936468/000119312511199034/0001193125-11-199034-index.htm",
    "finalLink": "https://www.sec.gov/Archives/edgar/data/936468/000119312511199034/d10q.htm"
  },
  {
    "date": "2011-03-27",
    "symbol": "LMT",
    "reportedCurrency": "USD",
    "cik": "0000936468",
    "fillingDate": "2011-04-27",
    "acceptedDate": "2011-04-27 17:18:56",
    "calendarYear": "2011",
    "period": "Q1",
    "revenue": 10633000000,
    "costOfRevenue": 9831000000,
    "grossProfit": 802000000,
    "grossProfitRatio": 0.0754255619,
    "researchAndDevelopmentExpenses": 0,
    "generalAndAdministrativeExpenses": 0,
    "sellingAndMarketingExpenses": 0,
    "sellingGeneralAndAdministrativeExpenses": 0,
    "otherExpenses": 0,
    "operatingExpenses": -50000000,
    "costAndExpenses": 9831000000,
    "interestIncome": 0,
    "interestExpense": 85000000,
    "depreciationAndAmortization": 246000000,
    "ebitda": 1129000000,
    "ebitdaratio": 0.1061788771,
    "operatingIncome": 864000000,
    "operatingIncomeRatio": 0.0812564657,
    "totalOtherIncomeExpensesNet": -66000000,
    "incomeBeforeTax": 786000000,
    "incomeBeforeTaxRatio": 0.0739208126,
    "incomeTaxExpense": 238000000,
    "netIncome": 530000000,
    "netIncomeRatio": 0.0498448227,
    "eps": 1.52,
    "epsdiluted": 1.5,
    "weightedAverageShsOut": 348500000,
    "weightedAverageShsOutDil": 352600000,
    "link": "https://www.sec.gov/Archives/edgar/data/936468/000119312511112298/0001193125-11-112298-index.htm",
    "finalLink": "https://www.sec.gov/Archives/edgar/data/936468/000119312511112298/d10q.htm"
  },
  {
    "date": "2010-12-31",
    "symbol": "LMT",
    "reportedCurrency": "USD",
    "cik": "0000936468",
    "fillingDate": "2011-02-25",
    "acceptedDate": "2011-02-24 18:26:38",
    "calendarYear": "2010",
    "period": "Q4",
    "revenue": 12794000000,
    "costOfRevenue": 11717000000,
    "grossProfit": 1077000000,
    "grossProfitRatio": 0.0841800844,
    "researchAndDevelopmentExpenses": 0,
    "generalAndAdministrativeExpenses": 0,
    "sellingAndMarketingExpenses": 0,
    "sellingGeneralAndAdministrativeExpenses": 0,
    "otherExpenses": 0,
    "operatingExpenses": -261000000,
    "costAndExpenses": 11717000000,
    "interestIncome": 0,
    "interestExpense": 87000000,
    "depreciationAndAmortization": 228000000,
    "ebitda": 1384000000,
    "ebitdaratio": 0.1081757074,
    "operatingIncome": 1338000000,
    "operatingIncomeRatio": 0.104580272,
    "totalOtherIncomeExpensesNet": -269000000,
    "incomeBeforeTax": 1069000000,
    "incomeBeforeTaxRatio": 0.0835547913,
    "incomeTaxExpense": 240000000,
    "netIncome": 983000000,
    "netIncomeRatio": 0.0768328904,
    "eps": 2.78,
    "epsdiluted": 2.78,
    "weightedAverageShsOut": 353000000,
    "weightedAverageShsOutDil": 353000000,
    "link": "https://www.sec.gov/Archives/edgar/data/936468/000119312511045739/0001193125-11-045739-index.htm",
    "finalLink": "https://www.sec.gov/Archives/edgar/data/936468/000119312511045739/d10k.htm"
  },
  {
    "date": "2010-09-26",
    "symbol": "LMT",
    "reportedCurrency": "USD",
    "cik": "0000936468",
    "fillingDate": "2010-10-21",
    "acceptedDate": "2010-10-21 16:14:46",
    "calendarYear": "2010",
    "period": "Q3",
    "revenue": 11375000000,
    "costOfRevenue": 10577000000,
    "grossProfit": 798000000,
    "grossProfitRatio": 0.0701538462,
    "researchAndDevelopmentExpenses": 0,
    "generalAndAdministrativeExpenses": 0,
    "sellingAndMarketingExpenses": 0,
    "sellingGeneralAndAdministrativeExpenses": 0,
    "otherExpenses": 0,
    "operatingExpenses": -91000000,
    "costAndExpenses": 10577000000,
    "interestIncome": 0,
    "interestExpense": 85000000,
    "depreciationAndAmortization": 213000000,
    "ebitda": 1127000000,
    "ebitdaratio": 0.0990769231,
    "operatingIncome": 889000000,
    "operatingIncomeRatio": 0.0781538462,
    "totalOtherIncomeExpensesNet": -48000000,
    "incomeBeforeTax": 841000000,
    "incomeBeforeTaxRatio": 0.0739340659,
    "incomeTaxExpense": 276000000,
    "netIncome": 571000000,
    "netIncomeRatio": 0.0501978022,
    "eps": 1.59,
    "epsdiluted": 1.57,
    "weightedAverageShsOut": 360100000,
    "weightedAverageShsOutDil": 363900000,
    "link": "https://www.sec.gov/Archives/edgar/data/936468/000119312510233655/0001193125-10-233655-index.htm",
    "finalLink": "https://www.sec.gov/Archives/edgar/data/936468/000119312510233655/d10q.htm"
  },
  {
    "date": "2010-06-27",
    "symbol": "LMT",
    "reportedCurrency": "USD",
    "cik": "0000936468",
    "fillingDate": "2010-07-29",
    "acceptedDate": "2010-07-29 15:33:06",
    "calendarYear": "2010",
    "period": "Q2",
    "revenue": 11442000000,
    "costOfRevenue": 10382000000,
    "grossProfit": 1060000000,
    "grossProfitRatio": 0.0926411467,
    "researchAndDevelopmentExpenses": 0,
    "generalAndAdministrativeExpenses": 0,
    "sellingAndMarketingExpenses": 0,
    "sellingGeneralAndAdministrativeExpenses": 0,
    "otherExpenses": 0,
    "operatingExpenses": -75000000,
    "costAndExpenses": 10382000000,
    "interestIncome": 0,
    "interestExpense": 86000000,
    "depreciationAndAmortization": 201000000,
    "ebitda": 1297000000,
    "ebitdaratio": 0.1133543087,
    "operatingIncome": 1135000000,
    "operatingIncomeRatio": 0.0991959448,
    "totalOtherIncomeExpensesNet": -85000000,
    "incomeBeforeTax": 1030000000,
    "incomeBeforeTaxRatio": 0.0900192274,
    "incomeTaxExpense": 303000000,
    "netIncome": 825000000,
    "netIncomeRatio": 0.0721027792,
    "eps": 2.24,
    "epsdiluted": 2.22,
    "weightedAverageShsOut": 367600000,
    "weightedAverageShsOutDil": 371700000,
    "link": "https://www.sec.gov/Archives/edgar/data/936468/000119312510170556/0001193125-10-170556-index.htm",
    "finalLink": "https://www.sec.gov/Archives/edgar/data/936468/000119312510170556/d10q.htm"
  },
  {
    "date": "2010-03-28",
    "symbol": "LMT",
    "reportedCurrency": "USD",
    "cik": "0000936468",
    "fillingDate": "2010-04-21",
    "acceptedDate": "2010-04-21 15:53:43",
    "calendarYear": "2010",
    "period": "Q1",
    "revenue": 10637000000,
    "costOfRevenue": 9701000000,
    "grossProfit": 936000000,
    "grossProfitRatio": 0.0879947354,
    "researchAndDevelopmentExpenses": 0,
    "generalAndAdministrativeExpenses": 0,
    "sellingAndMarketingExpenses": 0,
    "sellingGeneralAndAdministrativeExpenses": 0,
    "otherExpenses": 46000000,
    "operatingExpenses": 46000000,
    "costAndExpenses": 9701000000,
    "interestIncome": 0,
    "interestExpense": 88000000,
    "depreciationAndAmortization": 199000000,
    "ebitda": 1165000000,
    "ebitdaratio": 0.1095233619,
    "operatingIncome": 982000000,
    "operatingIncomeRatio": 0.092319263,
    "totalOtherIncomeExpensesNet": -16000000,
    "incomeBeforeTax": 922000000,
    "incomeBeforeTaxRatio": 0.0866785748,
    "incomeTaxExpense": 375000000,
    "netIncome": 547000000,
    "netIncomeRatio": 0.0514242738,
    "eps": 1.46,
    "epsdiluted": 1.45,
    "weightedAverageShsOut": 373500000,
    "weightedAverageShsOutDil": 377700000,
    "link": "https://www.sec.gov/Archives/edgar/data/936468/000119312510088874/0001193125-10-088874-index.htm",
    "finalLink": "https://www.sec.gov/Archives/edgar/data/936468/000119312510088874/d10q.htm"
  },
  {
    "date": "2009-12-31",
    "symbol": "LMT",
    "reportedCurrency": "USD",
    "cik": "0000936468",
    "fillingDate": "2010-02-25",
    "acceptedDate": "2010-02-25 15:13:34",
    "calendarYear": "2009",
    "period": "Q4",
    "revenue": 12524000000,
    "costOfRevenue": 11313000000,
    "grossProfit": 1211000000,
    "grossProfitRatio": 0.0966943469,
    "researchAndDevelopmentExpenses": 0,
    "generalAndAdministrativeExpenses": 0,
    "sellingAndMarketingExpenses": 0,
    "sellingGeneralAndAdministrativeExpenses": 0,
    "otherExpenses": 0,
    "operatingExpenses": -59304000000,
    "costAndExpenses": 11313000000,
    "interestIncome": 0,
    "interestExpense": 86000000,
    "depreciationAndAmortization": 229000000,
    "ebitda": 1495000000,
    "ebitdaratio": 0.119370808,
    "operatingIncome": 1241000000,
    "operatingIncomeRatio": 0.0990897477,
    "totalOtherIncomeExpensesNet": -61000000,
    "incomeBeforeTax": 1180000000,
    "incomeBeforeTaxRatio": 0.0942190993,
    "incomeTaxExpense": 353000000,
    "netIncome": 827000000,
    "netIncomeRatio": 0.0660332162,
    "eps": 2.19,
    "epsdiluted": 2.19,
    "weightedAverageShsOut": 377600000,
    "weightedAverageShsOutDil": 378000000,
    "link": "https://www.sec.gov/Archives/edgar/data/936468/000119312510040520/0001193125-10-040520-index.htm",
    "finalLink": "https://www.sec.gov/Archives/edgar/data/936468/000119312510040520/d10k.htm"
  },
  {
    "date": "2009-09-27",
    "symbol": "LMT",
    "reportedCurrency": "USD",
    "cik": "0000936468",
    "fillingDate": "2009-10-23",
    "acceptedDate": "2009-10-22 17:51:13",
    "calendarYear": "2009",
    "period": "Q3",
    "revenue": 11056000000,
    "costOfRevenue": 10060000000,
    "grossProfit": 996000000,
    "grossProfitRatio": 0.0900868307,
    "researchAndDevelopmentExpenses": 0,
    "generalAndAdministrativeExpenses": 0,
    "sellingAndMarketingExpenses": 0,
    "sellingGeneralAndAdministrativeExpenses": 0,
    "otherExpenses": 89000000,
    "operatingExpenses": 89000000,
    "costAndExpenses": 10060000000,
    "interestIncome": 0,
    "interestExpense": 67000000,
    "depreciationAndAmortization": 215000000,
    "ebitda": 1337000000,
    "ebitdaratio": 0.1209298119,
    "operatingIncome": 1085000000,
    "operatingIncomeRatio": 0.0981367583,
    "totalOtherIncomeExpensesNet": 86000000,
    "incomeBeforeTax": 1072000000,
    "incomeBeforeTaxRatio": 0.0969609262,
    "incomeTaxExpense": 275000000,
    "netIncome": 797000000,
    "netIncomeRatio": 0.0720875543,
    "eps": 2.09,
    "epsdiluted": 2.07,
    "weightedAverageShsOut": 381400000,
    "weightedAverageShsOutDil": 385500000,
    "link": "https://www.sec.gov/Archives/edgar/data/936468/000119312509212119/0001193125-09-212119-index.htm",
    "finalLink": "https://www.sec.gov/Archives/edgar/data/936468/000119312509212119/d10q.htm"
  },
  {
    "date": "2009-06-28",
    "symbol": "LMT",
    "reportedCurrency": "USD",
    "cik": "0000936468",
    "fillingDate": "2009-07-22",
    "acceptedDate": "2009-07-22 17:09:08",
    "calendarYear": "2009",
    "period": "Q2",
    "revenue": 11236000000,
    "costOfRevenue": 10224000000,
    "grossProfit": 1012000000,
    "grossProfitRatio": 0.0900676397,
    "researchAndDevelopmentExpenses": 0,
    "generalAndAdministrativeExpenses": 0,
    "sellingAndMarketingExpenses": 0,
    "sellingGeneralAndAdministrativeExpenses": 0,
    "otherExpenses": 0,
    "operatingExpenses": 71000000,
    "costAndExpenses": 10295000000,
    "interestIncome": 0,
    "interestExpense": 76000000,
    "depreciationAndAmortization": 208000000,
    "ebitda": 1332000000,
    "ebitdaratio": 0.1185475258,
    "operatingIncome": 1083000000,
    "operatingIncomeRatio": 0.0963866145,
    "totalOtherIncomeExpensesNet": -29000000,
    "incomeBeforeTax": 1054000000,
    "incomeBeforeTaxRatio": 0.0938056248,
    "incomeTaxExpense": 320000000,
    "netIncome": 734000000,
    "netIncomeRatio": 0.0653257387,
    "eps": 1.9,
    "epsdiluted": 1.88,
    "weightedAverageShsOut": 386900000,
    "weightedAverageShsOutDil": 390900000,
    "link": "https://www.sec.gov/Archives/edgar/data/936468/000119312509153203/0001193125-09-153203-index.htm",
    "finalLink": "https://www.sec.gov/Archives/edgar/data/936468/000119312509153203/d10q.htm"
  },
  {
    "date": "2009-03-29",
    "symbol": "LMT",
    "reportedCurrency": "USD",
    "cik": "0000936468",
    "fillingDate": "2009-04-23",
    "acceptedDate": "2009-04-23 12:02:35",
    "calendarYear": "2009",
    "period": "Q1",
    "revenue": 10373000000,
    "costOfRevenue": 9368000000,
    "grossProfit": 1005000000,
    "grossProfitRatio": 0.0968861467,
    "researchAndDevelopmentExpenses": 0,
    "generalAndAdministrativeExpenses": 0,
    "sellingAndMarketingExpenses": 0,
    "sellingGeneralAndAdministrativeExpenses": 0,
    "otherExpenses": 52000000,
    "operatingExpenses": 52000000,
    "costAndExpenses": 9368000000,
    "interestIncome": 0,
    "interestExpense": 76000000,
    "depreciationAndAmortization": 202000000,
    "ebitda": 1256000000,
    "ebitdaratio": 0.1210835824,
    "operatingIncome": 1057000000,
    "operatingIncomeRatio": 0.1018991613,
    "totalOtherIncomeExpensesNet": -79000000,
    "incomeBeforeTax": 978000000,
    "incomeBeforeTaxRatio": 0.0942832353,
    "incomeTaxExpense": 312000000,
    "netIncome": 666000000,
    "netIncomeRatio": 0.064205148,
    "eps": 1.69,
    "epsdiluted": 1.68,
    "weightedAverageShsOut": 393400000,
    "weightedAverageShsOutDil": 397500000,
    "link": "https://www.sec.gov/Archives/edgar/data/936468/000119312509085439/0001193125-09-085439-index.htm",
    "finalLink": "https://www.sec.gov/Archives/edgar/data/936468/000119312509085439/d10q.htm"
  },
  {
    "date": "2008-12-31",
    "symbol": "LMT",
    "reportedCurrency": "USD",
    "cik": "0000936468",
    "fillingDate": "2009-02-26",
    "acceptedDate": "2009-02-26 13:09:36",
    "calendarYear": "2008",
    "period": "Q4",
    "revenue": 11132000000,
    "costOfRevenue": 9865000000,
    "grossProfit": 1267000000,
    "grossProfitRatio": 0.1138160259,
    "researchAndDevelopmentExpenses": 0,
    "generalAndAdministrativeExpenses": 0,
    "sellingAndMarketingExpenses": 0,
    "sellingGeneralAndAdministrativeExpenses": 0,
    "otherExpenses": 281000000,
    "operatingExpenses": 281000000,
    "costAndExpenses": 9865000000,
    "interestIncome": 0,
    "interestExpense": 77000000,
    "depreciationAndAmortization": 233000000,
    "ebitda": 1479000000,
    "ebitdaratio": 0.1328602228,
    "operatingIncome": 1348000000,
    "operatingIncomeRatio": 0.1210923464,
    "totalOtherIncomeExpensesNet": -179000000,
    "incomeBeforeTax": 1169000000,
    "incomeBeforeTaxRatio": 0.1050125764,
    "incomeTaxExpense": 346000000,
    "netIncome": 823000000,
    "netIncomeRatio": 0.0739310097,
    "eps": 2.07,
    "epsdiluted": 2.07,
    "weightedAverageShsOut": 395500000,
    "weightedAverageShsOutDil": 398000000,
    "link": "https://www.sec.gov/Archives/edgar/data/936468/000119312509038670/0001193125-09-038670-index.htm",
    "finalLink": "https://www.sec.gov/Archives/edgar/data/936468/000119312509038670/d10k.htm"
  },
  {
    "date": "2008-09-28",
    "symbol": "LMT",
    "reportedCurrency": "USD",
    "cik": "0000936468",
    "fillingDate": "2008-10-24",
    "acceptedDate": "2008-10-23 18:34:47",
    "calendarYear": "2008",
    "period": "Q3",
    "revenue": 10577000000,
    "costOfRevenue": 9455000000,
    "grossProfit": 1122000000,
    "grossProfitRatio": 0.1060792285,
    "researchAndDevelopmentExpenses": 0,
    "generalAndAdministrativeExpenses": 0,
    "sellingAndMarketingExpenses": 0,
    "sellingGeneralAndAdministrativeExpenses": 0,
    "otherExpenses": 120000000,
    "operatingExpenses": 120000000,
    "costAndExpenses": 9455000000,
    "interestIncome": 0,
    "interestExpense": 85000000,
    "depreciationAndAmortization": 214000000,
    "ebitda": 1443000000,
    "ebitdaratio": 0.1364280987,
    "operatingIncome": 1242000000,
    "operatingIncomeRatio": 0.1174246005,
    "totalOtherIncomeExpensesNet": -98000000,
    "incomeBeforeTax": 1144000000,
    "incomeBeforeTaxRatio": 0.1081592134,
    "incomeTaxExpense": 362000000,
    "netIncome": 782000000,
    "netIncomeRatio": 0.0739340078,
    "eps": 1.97,
    "epsdiluted": 1.92,
    "weightedAverageShsOut": 397400000,
    "weightedAverageShsOutDil": 407100000,
    "link": "https://www.sec.gov/Archives/edgar/data/936468/000119312508215406/0001193125-08-215406-index.htm",
    "finalLink": "https://www.sec.gov/Archives/edgar/data/936468/000119312508215406/d10q.htm"
  },
  {
    "date": "2008-06-29",
    "symbol": "LMT",
    "reportedCurrency": "USD",
    "cik": "0000936468",
    "fillingDate": "2008-07-23",
    "acceptedDate": "2008-07-23 17:06:35",
    "calendarYear": "2008",
    "period": "Q2",
    "revenue": 11039000000,
    "costOfRevenue": 9848000000,
    "grossProfit": 1191000000,
    "grossProfitRatio": 0.1078902074,
    "researchAndDevelopmentExpenses": 0,
    "generalAndAdministrativeExpenses": 0,
    "sellingAndMarketingExpenses": 0,
    "sellingGeneralAndAdministrativeExpenses": 0,
    "otherExpenses": 0,
    "operatingExpenses": -172000000,
    "costAndExpenses": 9676000000,
    "interestIncome": 0,
    "interestExpense": 92000000,
    "depreciationAndAmortization": 202000000,
    "ebitda": 1599000000,
    "ebitdaratio": 0.144850077,
    "operatingIncome": 1363000000,
    "operatingIncomeRatio": 0.1234713289,
    "totalOtherIncomeExpensesNet": -58000000,
    "incomeBeforeTax": 1305000000,
    "incomeBeforeTaxRatio": 0.1182172298,
    "incomeTaxExpense": 423000000,
    "netIncome": 882000000,
    "netIncomeRatio": 0.0798985415,
    "eps": 2.21,
    "epsdiluted": 2.15,
    "weightedAverageShsOut": 399095023,
    "weightedAverageShsOutDil": 410232558,
    "link": "https://www.sec.gov/Archives/edgar/data/936468/000119312508156357/0001193125-08-156357-index.htm",
    "finalLink": "https://www.sec.gov/Archives/edgar/data/936468/000119312508156357/d10q.htm"
  },
  {
    "date": "2008-03-30",
    "symbol": "LMT",
    "reportedCurrency": "USD",
    "cik": "0000936468",
    "fillingDate": "2008-04-24",
    "acceptedDate": "2008-04-24 15:32:00",
    "calendarYear": "2008",
    "period": "Q1",
    "revenue": 9983000000,
    "costOfRevenue": 8914000000,
    "grossProfit": 1069000000,
    "grossProfitRatio": 0.1070820395,
    "researchAndDevelopmentExpenses": 0,
    "generalAndAdministrativeExpenses": 0,
    "sellingAndMarketingExpenses": 0,
    "sellingGeneralAndAdministrativeExpenses": 0,
    "otherExpenses": 0,
    "operatingExpenses": -109000000,
    "costAndExpenses": 8805000000,
    "interestIncome": 0,
    "interestExpense": 87000000,
    "depreciationAndAmortization": 196000000,
    "ebitda": 1367000000,
    "ebitdaratio": 0.1369327857,
    "operatingIncome": 1178000000,
    "operatingIncomeRatio": 0.118000601,
    "totalOtherIncomeExpensesNet": -94000000,
    "incomeBeforeTax": 1084000000,
    "incomeBeforeTaxRatio": 0.1085845938,
    "incomeTaxExpense": 354000000,
    "netIncome": 730000000,
    "netIncomeRatio": 0.0731243113,
    "eps": 1.8,
    "epsdiluted": 1.75,
    "weightedAverageShsOut": 406600000,
    "weightedAverageShsOutDil": 416800000,
    "link": "https://www.sec.gov/Archives/edgar/data/936468/000119312508089252/0001193125-08-089252-index.htm",
    "finalLink": "https://www.sec.gov/Archives/edgar/data/936468/000119312508089252/d10q.htm"
  },
  {
    "date": "2007-12-31",
    "symbol": "LMT",
    "reportedCurrency": "USD",
    "cik": "0000936468",
    "fillingDate": "2008-02-28",
    "acceptedDate": "2008-02-28 16:21:01",
    "calendarYear": "2007",
    "period": "Q4",
    "revenue": 10841000000,
    "costOfRevenue": 9717000000,
    "grossProfit": 1124000000,
    "grossProfitRatio": 0.1036804723,
    "researchAndDevelopmentExpenses": 0,
    "generalAndAdministrativeExpenses": 0,
    "sellingAndMarketingExpenses": 0,
    "sellingGeneralAndAdministrativeExpenses": 0,
    "otherExpenses": 306000000,
    "operatingExpenses": 202000000,
    "costAndExpenses": 9919000000,
    "interestIncome": 0,
    "interestExpense": 352000000,
    "depreciationAndAmortization": 248000000,
    "ebitda": 1656000000,
    "ebitdaratio": 0.152753436,
    "operatingIncome": 1215000000,
    "operatingIncomeRatio": 0.1120745319,
    "totalOtherIncomeExpensesNet": -33000000,
    "incomeBeforeTax": 1182000000,
    "incomeBeforeTaxRatio": 0.1090305322,
    "incomeTaxExpense": 383000000,
    "netIncome": 799000000,
    "netIncomeRatio": 0.073701688,
    "eps": 1.92,
    "epsdiluted": 1.92,
    "weightedAverageShsOut": 412400000,
    "weightedAverageShsOutDil": 417000000,
    "link": "https://www.sec.gov/Archives/edgar/data/936468/000119312508041793/0001193125-08-041793-index.htm",
    "finalLink": "https://www.sec.gov/Archives/edgar/data/936468/000119312508041793/d10k.htm"
  },
  {
    "date": "2007-09-30",
    "symbol": "LMT",
    "reportedCurrency": "USD",
    "cik": "0000936468",
    "fillingDate": "2007-10-26",
    "acceptedDate": "2007-10-25 19:04:19",
    "calendarYear": "2007",
    "period": "Q3",
    "revenue": 11095000000,
    "costOfRevenue": 9949000000,
    "grossProfit": 1146000000,
    "grossProfitRatio": 0.1032897702,
    "researchAndDevelopmentExpenses": 0,
    "generalAndAdministrativeExpenses": 0,
    "sellingAndMarketingExpenses": 0,
    "sellingGeneralAndAdministrativeExpenses": 0,
    "otherExpenses": 0,
    "operatingExpenses": -17000000,
    "costAndExpenses": 9932000000,
    "interestIncome": 35000000,
    "interestExpense": 1198000000,
    "depreciationAndAmortization": 202000000,
    "ebitda": 1400000000,
    "ebitdaratio": 0.1261829653,
    "operatingIncome": 1163000000,
    "operatingIncomeRatio": 0.1048219919,
    "totalOtherIncomeExpensesNet": -44000000,
    "incomeBeforeTax": 1119000000,
    "incomeBeforeTaxRatio": 0.1008562416,
    "incomeTaxExpense": 353000000,
    "netIncome": 766000000,
    "netIncomeRatio": 0.0690401082,
    "eps": 1.85,
    "epsdiluted": 1.8,
    "weightedAverageShsOut": 414054054,
    "weightedAverageShsOutDil": 425555556,
    "link": "https://www.sec.gov/Archives/edgar/data/936468/000119312507226047/0001193125-07-226047-index.htm",
    "finalLink": "https://www.sec.gov/Archives/edgar/data/936468/000119312507226047/d10q.htm"
  },
  {
    "date": "2007-06-30",
    "symbol": "LMT",
    "reportedCurrency": "USD",
    "cik": "0000936468",
    "fillingDate": "2007-07-26",
    "acceptedDate": "2007-07-26 16:46:39",
    "calendarYear": "2007",
    "period": "Q2",
    "revenue": 10651000000,
    "costOfRevenue": 9597000000,
    "grossProfit": 1054000000,
    "grossProfitRatio": 0.0989578443,
    "researchAndDevelopmentExpenses": 0,
    "generalAndAdministrativeExpenses": 0,
    "sellingAndMarketingExpenses": 0,
    "sellingGeneralAndAdministrativeExpenses": 0,
    "otherExpenses": 0,
    "operatingExpenses": -177000000,
    "costAndExpenses": 9420000000,
    "interestIncome": 0,
    "interestExpense": 0,
    "depreciationAndAmortization": 184000000,
    "ebitda": 1415000000,
    "ebitdaratio": 0.1328513755,
    "operatingIncome": 1231000000,
    "operatingIncomeRatio": 0.1155760023,
    "totalOtherIncomeExpensesNet": -93000000,
    "incomeBeforeTax": 1138000000,
    "incomeBeforeTaxRatio": 0.1068444278,
    "incomeTaxExpense": 360000000,
    "netIncome": 778000000,
    "netIncomeRatio": 0.0730447845,
    "eps": 1.87,
    "epsdiluted": 1.82,
    "weightedAverageShsOut": 416042781,
    "weightedAverageShsOutDil": 427472527,
    "link": "https://www.sec.gov/Archives/edgar/data/936468/000119312507163087/0001193125-07-163087-index.htm",
    "finalLink": "https://www.sec.gov/Archives/edgar/data/936468/000119312507163087/d10q.htm"
  },
  {
    "date": "2007-03-31",
    "symbol": "LMT",
    "reportedCurrency": "USD",
    "cik": "0000936468",
    "fillingDate": "2007-04-26",
    "acceptedDate": "2007-04-26 13:39:12",
    "calendarYear": "2007",
    "period": "Q1",
    "revenue": 9275000000,
    "costOfRevenue": 8365000000,
    "grossProfit": 910000000,
    "grossProfitRatio": 0.0981132075,
    "researchAndDevelopmentExpenses": 0,
    "generalAndAdministrativeExpenses": 0,
    "sellingAndMarketingExpenses": 0,
    "sellingGeneralAndAdministrativeExpenses": 0,
    "otherExpenses": 0,
    "operatingExpenses": -112000000,
    "costAndExpenses": 8253000000,
    "interestIncome": 0,
    "interestExpense": 0,
    "depreciationAndAmortization": 185000000,
    "ebitda": 1207000000,
    "ebitdaratio": 0.1301347709,
    "operatingIncome": 1022000000,
    "operatingIncomeRatio": 0.1101886792,
    "totalOtherIncomeExpensesNet": -93000000,
    "incomeBeforeTax": 929000000,
    "incomeBeforeTaxRatio": 0.1001617251,
    "incomeTaxExpense": 239000000,
    "netIncome": 690000000,
    "netIncomeRatio": 0.074393531,
    "eps": 1.64,
    "epsdiluted": 1.6,
    "weightedAverageShsOut": 420731707,
    "weightedAverageShsOutDil": 431250000,
    "link": "https://www.sec.gov/Archives/edgar/data/936468/000119312507091526/0001193125-07-091526-index.htm",
    "finalLink": "https://www.sec.gov/Archives/edgar/data/936468/000119312507091526/d10q.htm"
  },
  {
    "date": "2006-12-31",
    "symbol": "LMT",
    "reportedCurrency": "USD",
    "cik": "0000936468",
    "fillingDate": "2007-02-26",
    "acceptedDate": "2007-02-26 17:21:47",
    "calendarYear": "2006",
    "period": "Q4",
    "revenue": 10840000000,
    "costOfRevenue": 9809000000,
    "grossProfit": 1031000000,
    "grossProfitRatio": 0.0951107011,
    "researchAndDevelopmentExpenses": 0,
    "generalAndAdministrativeExpenses": 0,
    "sellingAndMarketingExpenses": 0,
    "sellingGeneralAndAdministrativeExpenses": 0,
    "otherExpenses": 205000000,
    "operatingExpenses": 416000000,
    "costAndExpenses": 10225000000,
    "interestIncome": 0,
    "interestExpense": 361000000,
    "depreciationAndAmortization": 217000000,
    "ebitda": 1351000000,
    "ebitdaratio": 0.1246309963,
    "operatingIncome": 1134000000,
    "operatingIncomeRatio": 0.1046125461,
    "totalOtherIncomeExpensesNet": -85000000,
    "incomeBeforeTax": 1049000000,
    "incomeBeforeTaxRatio": 0.0967712177,
    "incomeTaxExpense": 320000000,
    "netIncome": 729000000,
    "netIncomeRatio": 0.0672509225,
    "eps": 1.73,
    "epsdiluted": 1.73,
    "weightedAverageShsOut": 420731707,
    "weightedAverageShsOutDil": 420731707,
    "link": "https://www.sec.gov/Archives/edgar/data/936468/000119312507039899/0001193125-07-039899-index.htm",
    "finalLink": "https://www.sec.gov/Archives/edgar/data/936468/000119312507039899/d10k.htm"
  },
  {
    "date": "2006-09-30",
    "symbol": "LMT",
    "reportedCurrency": "USD",
    "cik": "0000936468",
    "fillingDate": "2006-10-27",
    "acceptedDate": "2006-10-26 18:25:33",
    "calendarYear": "2006",
    "period": "Q3",
    "revenue": 9605000000,
    "costOfRevenue": 8802000000,
    "grossProfit": 803000000,
    "grossProfitRatio": 0.0836022905,
    "researchAndDevelopmentExpenses": 0,
    "generalAndAdministrativeExpenses": 0,
    "sellingAndMarketingExpenses": 0,
    "sellingGeneralAndAdministrativeExpenses": 0,
    "otherExpenses": 0,
    "operatingExpenses": -102000000,
    "costAndExpenses": 8700000000,
    "interestIncome": 0,
    "interestExpense": 0,
    "depreciationAndAmortization": 185000000,
    "ebitda": 905000000,
    "ebitdaratio": 0.0942217595,
    "operatingIncome": 905000000,
    "operatingIncomeRatio": 0.0942217595,
    "totalOtherIncomeExpensesNet": -90000000,
    "incomeBeforeTax": 815000000,
    "incomeBeforeTaxRatio": 0.0848516398,
    "incomeTaxExpense": 186000000,
    "netIncome": 629000000,
    "netIncomeRatio": 0.0654867257,
    "eps": 1.48,
    "epsdiluted": 1.46,
    "weightedAverageShsOut": 425000000,
    "weightedAverageShsOutDil": 430821918,
    "link": "https://www.sec.gov/Archives/edgar/data/936468/000119312506216092/0001193125-06-216092-index.htm",
    "finalLink": "https://www.sec.gov/Archives/edgar/data/936468/000119312506216092/d10q.htm"
  },
  {
    "date": "2006-06-30",
    "symbol": "LMT",
    "reportedCurrency": "USD",
    "cik": "0000936468",
    "fillingDate": "2006-07-26",
    "acceptedDate": "2006-07-26 16:57:29",
    "calendarYear": "2006",
    "period": "Q2",
    "revenue": 9961000000,
    "costOfRevenue": 9121000000,
    "grossProfit": 840000000,
    "grossProfitRatio": 0.0843288826,
    "researchAndDevelopmentExpenses": 0,
    "generalAndAdministrativeExpenses": 0,
    "sellingAndMarketingExpenses": 0,
    "sellingGeneralAndAdministrativeExpenses": 0,
    "otherExpenses": 0,
    "operatingExpenses": -103000000,
    "costAndExpenses": 9018000000,
    "interestIncome": 0,
    "interestExpense": 0,
    "depreciationAndAmortization": 188000000,
    "ebitda": 943000000,
    "ebitdaratio": 0.0946692099,
    "operatingIncome": 943000000,
    "operatingIncomeRatio": 0.0946692099,
    "totalOtherIncomeExpensesNet": -92000000,
    "incomeBeforeTax": 851000000,
    "incomeBeforeTaxRatio": 0.0854331894,
    "incomeTaxExpense": 271000000,
    "netIncome": 580000000,
    "netIncomeRatio": 0.0582270856,
    "eps": 1.35,
    "epsdiluted": 1.34,
    "weightedAverageShsOut": 429629630,
    "weightedAverageShsOutDil": 432835821,
    "link": "https://www.sec.gov/Archives/edgar/data/936468/000119312506153822/0001193125-06-153822-index.htm",
    "finalLink": "https://www.sec.gov/Archives/edgar/data/936468/000119312506153822/d10q.htm"
  },
  {
    "date": "2006-03-31",
    "symbol": "LMT",
    "reportedCurrency": "USD",
    "cik": "0000936468",
    "fillingDate": "2006-04-27",
    "acceptedDate": "2006-04-27 10:40:06",
    "calendarYear": "2006",
    "period": "Q1",
    "revenue": 9214000000,
    "costOfRevenue": 8454000000,
    "grossProfit": 760000000,
    "grossProfitRatio": 0.0824831778,
    "researchAndDevelopmentExpenses": 0,
    "generalAndAdministrativeExpenses": 0,
    "sellingAndMarketingExpenses": 0,
    "sellingGeneralAndAdministrativeExpenses": 0,
    "otherExpenses": 0,
    "operatingExpenses": 0,
    "costAndExpenses": 8454000000,
    "interestIncome": 0,
    "interestExpense": 0,
    "depreciationAndAmortization": 174000000,
    "ebitda": 971000000,
    "ebitdaratio": 0.1053831127,
    "operatingIncome": 760000000,
    "operatingIncomeRatio": 0.0824831778,
    "totalOtherIncomeExpensesNet": 117000000,
    "incomeBeforeTax": 877000000,
    "incomeBeforeTaxRatio": 0.0951812459,
    "incomeTaxExpense": 286000000,
    "netIncome": 591000000,
    "netIncomeRatio": 0.0641415238,
    "eps": 1.36,
    "epsdiluted": 1.34,
    "weightedAverageShsOut": 434558824,
    "weightedAverageShsOutDil": 441044776,
    "link": "https://www.sec.gov/Archives/edgar/data/936468/000119312506090476/0001193125-06-090476-index.htm",
    "finalLink": "https://www.sec.gov/Archives/edgar/data/936468/000119312506090476/d10q.htm"
  },
  {
    "date": "2005-12-31",
    "symbol": "LMT",
    "reportedCurrency": "USD",
    "cik": "0000936468",
    "fillingDate": "2006-02-28",
    "acceptedDate": "2006-02-28 13:22:07",
    "calendarYear": "2005",
    "period": "Q4",
    "revenue": 10229000000,
    "costOfRevenue": 9508000000,
    "grossProfit": 721000000,
    "grossProfitRatio": 0.0704858735,
    "researchAndDevelopmentExpenses": 0,
    "generalAndAdministrativeExpenses": 0,
    "sellingAndMarketingExpenses": 0,
    "sellingGeneralAndAdministrativeExpenses": 0,
    "otherExpenses": 90000000,
    "operatingExpenses": 284000000,
    "costAndExpenses": 9792000000,
    "interestIncome": 0,
    "interestExpense": 370000000,
    "depreciationAndAmortization": 196000000,
    "ebitda": 1082000000,
    "ebitdaratio": 0.1057776909,
    "operatingIncome": 886000000,
    "operatingIncomeRatio": 0.0866164825,
    "totalOtherIncomeExpensesNet": -93000000,
    "incomeBeforeTax": 793000000,
    "incomeBeforeTaxRatio": 0.0775246847,
    "incomeTaxExpense": 225000000,
    "netIncome": 568000000,
    "netIncomeRatio": 0.0555283996,
    "eps": 1.31,
    "epsdiluted": 1.31,
    "weightedAverageShsOut": 433383099,
    "weightedAverageShsOutDil": 434558824,
    "link": "https://www.sec.gov/Archives/edgar/data/936468/000119312506040986/0001193125-06-040986-index.htm",
    "finalLink": "https://www.sec.gov/Archives/edgar/data/936468/000119312506040986/d10k.htm"
  },
  {
    "date": "2005-09-30",
    "symbol": "LMT",
    "reportedCurrency": "USD",
    "cik": "0000936468",
    "fillingDate": "2005-10-28",
    "acceptedDate": "2005-10-27 18:57:06",
    "calendarYear": "2005",
    "period": "Q3",
    "revenue": 9201000000,
    "costOfRevenue": 8585000000,
    "grossProfit": 616000000,
    "grossProfitRatio": 0.0669492446,
    "researchAndDevelopmentExpenses": 0,
    "generalAndAdministrativeExpenses": 0,
    "sellingAndMarketingExpenses": 0,
    "sellingGeneralAndAdministrativeExpenses": 0,
    "otherExpenses": 0,
    "operatingExpenses": -90000000,
    "costAndExpenses": 8495000000,
    "interestIncome": 0,
    "interestExpense": 0,
    "depreciationAndAmortization": 176000000,
    "ebitda": 706000000,
    "ebitdaratio": 0.0767307901,
    "operatingIncome": 706000000,
    "operatingIncomeRatio": 0.0767307901,
    "totalOtherIncomeExpensesNet": -93000000,
    "incomeBeforeTax": 613000000,
    "incomeBeforeTaxRatio": 0.0666231931,
    "incomeTaxExpense": 186000000,
    "netIncome": 427000000,
    "netIncomeRatio": 0.0464079991,
    "eps": 0.97,
    "epsdiluted": 0.96,
    "weightedAverageShsOut": 440206186,
    "weightedAverageShsOutDil": 444791667,
    "link": "https://www.sec.gov/Archives/edgar/data/936468/000119312505210166/0001193125-05-210166-index.htm",
    "finalLink": "https://www.sec.gov/Archives/edgar/data/936468/000119312505210166/d10q.htm"
  },
  {
    "date": "2005-06-30",
    "symbol": "LMT",
    "reportedCurrency": "USD",
    "cik": "0000936468",
    "fillingDate": "2005-07-28",
    "acceptedDate": "2005-07-27 18:12:19",
    "calendarYear": "2005",
    "period": "Q2",
    "revenue": 9295000000,
    "costOfRevenue": 8637000000,
    "grossProfit": 658000000,
    "grossProfitRatio": 0.0707907477,
    "researchAndDevelopmentExpenses": 0,
    "generalAndAdministrativeExpenses": 0,
    "sellingAndMarketingExpenses": 0,
    "sellingGeneralAndAdministrativeExpenses": 0,
    "otherExpenses": 0,
    "operatingExpenses": 0,
    "costAndExpenses": 8637000000,
    "interestIncome": 0,
    "interestExpense": 0,
    "depreciationAndAmortization": 170000000,
    "ebitda": 828000000,
    "ebitdaratio": 0.0890801506,
    "operatingIncome": 658000000,
    "operatingIncomeRatio": 0.0707907477,
    "totalOtherIncomeExpensesNet": -94000000,
    "incomeBeforeTax": 670000000,
    "incomeBeforeTaxRatio": 0.0720817644,
    "incomeTaxExpense": 209000000,
    "netIncome": 461000000,
    "netIncomeRatio": 0.0495965573,
    "eps": 1.03,
    "epsdiluted": 1.02,
    "weightedAverageShsOut": 447572816,
    "weightedAverageShsOutDil": 451960784,
    "link": "https://www.sec.gov/Archives/edgar/data/936468/000119312505150203/0001193125-05-150203-index.htm",
    "finalLink": "https://www.sec.gov/Archives/edgar/data/936468/000119312505150203/d10q.htm"
  },
  {
    "date": "2005-03-31",
    "symbol": "LMT",
    "reportedCurrency": "USD",
    "cik": "0000936468",
    "fillingDate": "2005-04-28",
    "acceptedDate": "2005-04-28 17:27:48",
    "calendarYear": "2005",
    "period": "Q1",
    "revenue": 8488000000,
    "costOfRevenue": 7946000000,
    "grossProfit": 542000000,
    "grossProfitRatio": 0.0638548539,
    "researchAndDevelopmentExpenses": 0,
    "generalAndAdministrativeExpenses": 0,
    "sellingAndMarketingExpenses": 0,
    "sellingGeneralAndAdministrativeExpenses": 0,
    "otherExpenses": 0,
    "operatingExpenses": 0,
    "costAndExpenses": 7946000000,
    "interestIncome": 0,
    "interestExpense": 0,
    "depreciationAndAmortization": 163000000,
    "ebitda": 705000000,
    "ebitdaratio": 0.0830584354,
    "operatingIncome": 542000000,
    "operatingIncomeRatio": 0.0638548539,
    "totalOtherIncomeExpensesNet": -2000000,
    "incomeBeforeTax": 540000000,
    "incomeBeforeTaxRatio": 0.0636192271,
    "incomeTaxExpense": 171000000,
    "netIncome": 369000000,
    "netIncomeRatio": 0.0434731385,
    "eps": 0.84,
    "epsdiluted": 0.83,
    "weightedAverageShsOut": 439285714,
    "weightedAverageShsOutDil": 444578313,
    "link": "https://www.sec.gov/Archives/edgar/data/936468/000119312505088842/0001193125-05-088842-index.htm",
    "finalLink": "https://www.sec.gov/Archives/edgar/data/936468/000119312505088842/d10q.htm"
  },
  {
    "date": "2004-12-31",
    "symbol": "LMT",
    "reportedCurrency": "USD",
    "cik": "0000936468",
    "fillingDate": "2005-02-28",
    "acceptedDate": "2005-02-28 17:24:00",
    "calendarYear": "2004",
    "period": "Q4",
    "revenue": 9965000000,
    "costOfRevenue": 9515000000,
    "grossProfit": 450000000,
    "grossProfitRatio": 0.0451580532,
    "researchAndDevelopmentExpenses": 0,
    "generalAndAdministrativeExpenses": 0,
    "sellingAndMarketingExpenses": 0,
    "sellingGeneralAndAdministrativeExpenses": 0,
    "otherExpenses": 0,
    "operatingExpenses": -33558000000,
    "costAndExpenses": 9515000000,
    "interestIncome": 0,
    "interestExpense": 425000000,
    "depreciationAndAmortization": 171000000,
    "ebitda": 742000000,
    "ebitdaratio": 0.0744606121,
    "operatingIncome": 571000000,
    "operatingIncomeRatio": 0.0573005519,
    "totalOtherIncomeExpensesNet": -225000000,
    "incomeBeforeTax": 346000000,
    "incomeBeforeTaxRatio": 0.0347215253,
    "incomeTaxExpense": -26000000,
    "netIncome": 372000000,
    "netIncomeRatio": 0.0373306573,
    "eps": 0.85,
    "epsdiluted": 0.85,
    "weightedAverageShsOut": 439285714,
    "weightedAverageShsOutDil": 439285714,
    "link": "https://www.sec.gov/Archives/edgar/data/936468/000119312505038829/0001193125-05-038829-index.htm",
    "finalLink": "https://www.sec.gov/Archives/edgar/data/936468/000119312505038829/d10k.htm"
  },
  {
    "date": "2004-09-30",
    "symbol": "LMT",
    "reportedCurrency": "USD",
    "cik": "0000936468",
    "fillingDate": "2004-10-28",
    "acceptedDate": "2004-10-28 17:08:44",
    "calendarYear": "2004",
    "period": "Q3",
    "revenue": 8438000000,
    "costOfRevenue": 7921000000,
    "grossProfit": 517000000,
    "grossProfitRatio": 0.0612704432,
    "researchAndDevelopmentExpenses": 0,
    "generalAndAdministrativeExpenses": 0,
    "sellingAndMarketingExpenses": 0,
    "sellingGeneralAndAdministrativeExpenses": 0,
    "otherExpenses": 0,
    "operatingExpenses": 0,
    "costAndExpenses": 7921000000,
    "interestIncome": 0,
    "interestExpense": 0,
    "depreciationAndAmortization": 169000000,
    "ebitda": 517000000,
    "ebitdaratio": 0.0612704432,
    "operatingIncome": 517000000,
    "operatingIncomeRatio": 0.0612704432,
    "totalOtherIncomeExpensesNet": -65000000,
    "incomeBeforeTax": 452000000,
    "incomeBeforeTaxRatio": 0.053567196,
    "incomeTaxExpense": 145000000,
    "netIncome": 307000000,
    "netIncomeRatio": 0.0363830292,
    "eps": 0.69,
    "epsdiluted": 0.69,
    "weightedAverageShsOut": 444927536,
    "weightedAverageShsOutDil": 444927536,
    "link": "https://www.sec.gov/Archives/edgar/data/936468/000119312504180715/0001193125-04-180715-index.htm",
    "finalLink": "https://www.sec.gov/Archives/edgar/data/936468/000119312504180715/d10q.htm"
  },
  {
    "date": "2004-06-30",
    "symbol": "LMT",
    "reportedCurrency": "USD",
    "cik": "0000936468",
    "fillingDate": "2004-08-04",
    "acceptedDate": "2004-08-04 16:53:17",
    "calendarYear": "2004",
    "period": "Q2",
    "revenue": 8776000000,
    "costOfRevenue": 8243000000,
    "grossProfit": 533000000,
    "grossProfitRatio": 0.0607338195,
    "researchAndDevelopmentExpenses": 0,
    "generalAndAdministrativeExpenses": 0,
    "sellingAndMarketingExpenses": 0,
    "sellingGeneralAndAdministrativeExpenses": 0,
    "otherExpenses": 0,
    "operatingExpenses": 0,
    "costAndExpenses": 8243000000,
    "interestIncome": 0,
    "interestExpense": 0,
    "depreciationAndAmortization": 154000000,
    "ebitda": 533000000,
    "ebitdaratio": 0.0607338195,
    "operatingIncome": 533000000,
    "operatingIncomeRatio": 0.0607338195,
    "totalOtherIncomeExpensesNet": -95000000,
    "incomeBeforeTax": 438000000,
    "incomeBeforeTaxRatio": 0.0499088423,
    "incomeTaxExpense": 142000000,
    "netIncome": 296000000,
    "netIncomeRatio": 0.03372835,
    "eps": 0.67,
    "epsdiluted": 0.66,
    "weightedAverageShsOut": 441791045,
    "weightedAverageShsOutDil": 448484848,
    "link": "https://www.sec.gov/Archives/edgar/data/936468/000119312504131410/0001193125-04-131410-index.htm",
    "finalLink": "https://www.sec.gov/Archives/edgar/data/936468/000119312504131410/d10q.htm"
  },
  {
    "date": "2004-03-31",
    "symbol": "LMT",
    "reportedCurrency": "USD",
    "cik": "0000936468",
    "fillingDate": "2004-05-05",
    "acceptedDate": "2004-05-05 17:26:54",
    "calendarYear": "2004",
    "period": "Q1",
    "revenue": 8347000000,
    "costOfRevenue": 7879000000,
    "grossProfit": 468000000,
    "grossProfitRatio": 0.0560680484,
    "researchAndDevelopmentExpenses": 0,
    "generalAndAdministrativeExpenses": 0,
    "sellingAndMarketingExpenses": 0,
    "sellingGeneralAndAdministrativeExpenses": 0,
    "otherExpenses": 0,
    "operatingExpenses": 0,
    "costAndExpenses": 7879000000,
    "interestIncome": 0,
    "interestExpense": 0,
    "depreciationAndAmortization": 162000000,
    "ebitda": 468000000,
    "ebitdaratio": 0.0560680484,
    "operatingIncome": 468000000,
    "operatingIncomeRatio": 0.0560680484,
    "totalOtherIncomeExpensesNet": -40000000,
    "incomeBeforeTax": 428000000,
    "incomeBeforeTaxRatio": 0.0512759075,
    "incomeTaxExpense": 137000000,
    "netIncome": 291000000,
    "netIncomeRatio": 0.034862825,
    "eps": 0.66,
    "epsdiluted": 0.65,
    "weightedAverageShsOut": 440909091,
    "weightedAverageShsOutDil": 447692308,
    "link": "https://www.sec.gov/Archives/edgar/data/936468/000119312504079448/0001193125-04-079448-index.htm",
    "finalLink": "https://www.sec.gov/Archives/edgar/data/936468/000119312504079448/d10q.htm"
  },
  {
    "date": "2003-12-31",
    "symbol": "LMT",
    "reportedCurrency": "USD",
    "cik": "0000936468",
    "fillingDate": "2004-03-08",
    "acceptedDate": "2004-03-05 19:57:34",
    "calendarYear": "2003",
    "period": "Q4",
    "revenue": 8978000000,
    "costOfRevenue": 8422000000,
    "grossProfit": 556000000,
    "grossProfitRatio": 0.0619291602,
    "researchAndDevelopmentExpenses": 0,
    "generalAndAdministrativeExpenses": 0,
    "sellingAndMarketingExpenses": 0,
    "sellingGeneralAndAdministrativeExpenses": 0,
    "otherExpenses": 0,
    "operatingExpenses": -42852000000,
    "costAndExpenses": 8422000000,
    "interestIncome": 0,
    "interestExpense": 487000000,
    "depreciationAndAmortization": 171000000,
    "ebitda": 770000000,
    "ebitdaratio": 0.0857652038,
    "operatingIncome": 556000000,
    "operatingIncomeRatio": 0.0619291602,
    "totalOtherIncomeExpensesNet": -51000000,
    "incomeBeforeTax": 505000000,
    "incomeBeforeTaxRatio": 0.0562486077,
    "incomeTaxExpense": 161000000,
    "netIncome": 344000000,
    "netIncomeRatio": 0.0383158833,
    "eps": 0.78,
    "epsdiluted": 0.78,
    "weightedAverageShsOut": 440909091,
    "weightedAverageShsOutDil": 440909091,
    "link": "https://www.sec.gov/Archives/edgar/data/936468/000119312504035751/0001193125-04-035751-index.htm",
    "finalLink": "https://www.sec.gov/Archives/edgar/data/936468/000119312504035751/d10k.htm"
  },
  {
    "date": "2003-09-30",
    "symbol": "LMT",
    "reportedCurrency": "USD",
    "cik": "0000936468",
    "fillingDate": "2003-11-04",
    "acceptedDate": "2003-11-04 15:54:35",
    "calendarYear": "2003",
    "period": "Q3",
    "revenue": 8078000000,
    "costOfRevenue": 7540000000,
    "grossProfit": 538000000,
    "grossProfitRatio": 0.0666006437,
    "researchAndDevelopmentExpenses": 0,
    "generalAndAdministrativeExpenses": 0,
    "sellingAndMarketingExpenses": 0,
    "sellingGeneralAndAdministrativeExpenses": 0,
    "otherExpenses": 0,
    "operatingExpenses": 0,
    "costAndExpenses": 7540000000,
    "interestIncome": 0,
    "interestExpense": 117000000,
    "depreciationAndAmortization": 151000000,
    "ebitda": 538000000,
    "ebitdaratio": 0.0666006437,
    "operatingIncome": 538000000,
    "operatingIncomeRatio": 0.0666006437,
    "totalOtherIncomeExpensesNet": -227000000,
    "incomeBeforeTax": 311000000,
    "incomeBeforeTaxRatio": 0.0384996286,
    "incomeTaxExpense": 94000000,
    "netIncome": 217000000,
    "netIncomeRatio": 0.0268630849,
    "eps": 0.49,
    "epsdiluted": 0.48,
    "weightedAverageShsOut": 442857143,
    "weightedAverageShsOutDil": 452083333,
    "link": "https://www.sec.gov/Archives/edgar/data/936468/000119312503072490/0001193125-03-072490-index.htm",
    "finalLink": "https://www.sec.gov/Archives/edgar/data/936468/000119312503072490/d10q.htm"
  },
  {
    "date": "2003-06-30",
    "symbol": "LMT",
    "reportedCurrency": "USD",
    "cik": "0000936468",
    "fillingDate": "2003-08-07",
    "acceptedDate": "2003-08-07 06:04:16",
    "calendarYear": "2003",
    "period": "Q2",
    "revenue": 7709000000,
    "costOfRevenue": 7299000000,
    "grossProfit": 410000000,
    "grossProfitRatio": 0.0531845894,
    "researchAndDevelopmentExpenses": 0,
    "generalAndAdministrativeExpenses": 0,
    "sellingAndMarketingExpenses": 0,
    "sellingGeneralAndAdministrativeExpenses": 0,
    "otherExpenses": 0,
    "operatingExpenses": 0,
    "costAndExpenses": 7299000000,
    "interestIncome": 0,
    "interestExpense": 119000000,
    "depreciationAndAmortization": 148000000,
    "ebitda": 410000000,
    "ebitdaratio": 0.0531845894,
    "operatingIncome": 410000000,
    "operatingIncomeRatio": 0.0531845894,
    "totalOtherIncomeExpensesNet": -59000000,
    "incomeBeforeTax": 351000000,
    "incomeBeforeTaxRatio": 0.0455311973,
    "incomeTaxExpense": 109000000,
    "netIncome": 242000000,
    "netIncomeRatio": 0.0313918796,
    "eps": 0.54,
    "epsdiluted": 0.54,
    "weightedAverageShsOut": 448148148,
    "weightedAverageShsOutDil": 448148148,
    "link": "https://www.sec.gov/Archives/edgar/data/936468/000119312503030326/0001193125-03-030326-index.htm",
    "finalLink": "https://www.sec.gov/Archives/edgar/data/936468/000119312503030326/d10q.htm"
  },
  {
    "date": "2003-03-31",
    "symbol": "LMT",
    "reportedCurrency": "USD",
    "cik": "0000936468",
    "fillingDate": "2003-05-08",
    "acceptedDate": "2003-05-08 08:55:13",
    "calendarYear": "2003",
    "period": "Q1",
    "revenue": 7059000000,
    "costOfRevenue": 6587000000,
    "grossProfit": 472000000,
    "grossProfitRatio": 0.066864995,
    "researchAndDevelopmentExpenses": 0,
    "generalAndAdministrativeExpenses": 0,
    "sellingAndMarketingExpenses": 0,
    "sellingGeneralAndAdministrativeExpenses": 0,
    "otherExpenses": 0,
    "operatingExpenses": 0,
    "costAndExpenses": 6587000000,
    "interestIncome": 0,
    "interestExpense": 0,
    "depreciationAndAmortization": 139000000,
    "ebitda": 611000000,
    "ebitdaratio": 0.0865561694,
    "operatingIncome": 472000000,
    "operatingIncomeRatio": 0.066864995,
    "totalOtherIncomeExpensesNet": -107000000,
    "incomeBeforeTax": 365000000,
    "incomeBeforeTaxRatio": 0.0517070407,
    "incomeTaxExpense": 115000000,
    "netIncome": 250000000,
    "netIncomeRatio": 0.0354157813,
    "eps": 0.56,
    "epsdiluted": 0.55,
    "weightedAverageShsOut": 446428571,
    "weightedAverageShsOutDil": 454545455,
    "link": "https://www.sec.gov/Archives/edgar/data/936468/000092838503001493/0000928385-03-001493-index.htm",
    "finalLink": "https://www.sec.gov/Archives/edgar/data/936468/000092838503001493/d10q.htm"
  },
  {
    "date": "2002-12-31",
    "symbol": "LMT",
    "reportedCurrency": "USD",
    "cik": "0000936468",
    "fillingDate": "2003-03-06",
    "acceptedDate": "2003-03-06 17:02:30",
    "calendarYear": "2002",
    "period": "Q4",
    "revenue": 7780000000,
    "costOfRevenue": 7305000000,
    "grossProfit": 475000000,
    "grossProfitRatio": 0.0610539846,
    "researchAndDevelopmentExpenses": 0,
    "generalAndAdministrativeExpenses": 0,
    "sellingAndMarketingExpenses": 0,
    "sellingGeneralAndAdministrativeExpenses": 0,
    "otherExpenses": 0,
    "operatingExpenses": -34648000000,
    "costAndExpenses": 7305000000,
    "interestIncome": 0,
    "interestExpense": 581000000,
    "depreciationAndAmortization": 155000000,
    "ebitda": -353000000,
    "ebitdaratio": -0.0453727506,
    "operatingIncome": 475000000,
    "operatingIncomeRatio": 0.0610539846,
    "totalOtherIncomeExpensesNet": -1034000000,
    "incomeBeforeTax": -559000000,
    "incomeBeforeTaxRatio": -0.0718508997,
    "incomeTaxExpense": -217000000,
    "netIncome": -347000000,
    "netIncomeRatio": -0.0446015424,
    "eps": -0.78,
    "epsdiluted": -0.78,
    "weightedAverageShsOut": 446428571,
    "weightedAverageShsOutDil": 446428571,
    "link": "https://www.sec.gov/Archives/edgar/data/936468/000092838503000487/0000928385-03-000487-index.htm",
    "finalLink": "https://www.sec.gov/Archives/edgar/data/936468/000092838503000487/d10k.htm"
  },
  {
    "date": "2002-09-30",
    "symbol": "LMT",
    "reportedCurrency": "USD",
    "cik": "0000936468",
    "fillingDate": "2002-11-08",
    "acceptedDate": "2002-11-08 16:46:29",
    "calendarYear": "2002",
    "period": "Q3",
    "revenue": 6542000000,
    "costOfRevenue": 5989000000,
    "grossProfit": 553000000,
    "grossProfitRatio": 0.0845307245,
    "researchAndDevelopmentExpenses": 0,
    "generalAndAdministrativeExpenses": 0,
    "sellingAndMarketingExpenses": 0,
    "sellingGeneralAndAdministrativeExpenses": 0,
    "otherExpenses": 0,
    "operatingExpenses": 0,
    "costAndExpenses": 5989000000,
    "interestIncome": 0,
    "interestExpense": 0,
    "depreciationAndAmortization": 131000000,
    "ebitda": 684000000,
    "ebitdaratio": 0.1045551819,
    "operatingIncome": 553000000,
    "operatingIncomeRatio": 0.0845307245,
    "totalOtherIncomeExpensesNet": -124000000,
    "incomeBeforeTax": 429000000,
    "incomeBeforeTaxRatio": 0.0655762764,
    "incomeTaxExpense": 129000000,
    "netIncome": 290000000,
    "netIncomeRatio": 0.0443289514,
    "eps": 0.65,
    "epsdiluted": 0.64,
    "weightedAverageShsOut": 446153846,
    "weightedAverageShsOutDil": 453125000,
    "link": "https://www.sec.gov/Archives/edgar/data/936468/000092838502003526/0000928385-02-003526-index.htm",
    "finalLink": "https://www.sec.gov/Archives/edgar/data/936468/000092838502003526/d10q.txt"
  },
  {
    "date": "2002-06-30",
    "symbol": "LMT",
    "reportedCurrency": "USD",
    "cik": "0000936468",
    "fillingDate": "2002-08-08",
    "acceptedDate": "2002-08-08 16:13:48",
    "calendarYear": "2002",
    "period": "Q2",
    "revenue": 6290000000,
    "costOfRevenue": 5807000000,
    "grossProfit": 483000000,
    "grossProfitRatio": 0.0767885533,
    "researchAndDevelopmentExpenses": 0,
    "generalAndAdministrativeExpenses": 0,
    "sellingAndMarketingExpenses": 0,
    "sellingGeneralAndAdministrativeExpenses": 0,
    "otherExpenses": 0,
    "operatingExpenses": 0,
    "costAndExpenses": 5807000000,
    "interestIncome": 0,
    "interestExpense": 0,
    "depreciationAndAmortization": 138000000,
    "ebitda": 621000000,
    "ebitdaratio": 0.0987281399,
    "operatingIncome": 483000000,
    "operatingIncomeRatio": 0.0767885533,
    "totalOtherIncomeExpensesNet": -102000000,
    "incomeBeforeTax": 381000000,
    "incomeBeforeTaxRatio": 0.060572337,
    "incomeTaxExpense": 30000000,
    "netIncome": 339000000,
    "netIncomeRatio": 0.0538950715,
    "eps": 0.76,
    "epsdiluted": 0.75,
    "weightedAverageShsOut": 446052632,
    "weightedAverageShsOutDil": 452000000,
    "link": "https://www.sec.gov/Archives/edgar/data/936468/000092838502002693/0000928385-02-002693-index.htm",
    "finalLink": "https://www.sec.gov/Archives/edgar/data/936468/000092838502002693/d10q.txt"
  },
  {
    "date": "2002-03-31",
    "symbol": "LMT",
    "reportedCurrency": "USD",
    "cik": "0000936468",
    "fillingDate": "2002-05-03",
    "acceptedDate": "2002-05-03 14:25:03",
    "calendarYear": "2002",
    "period": "Q1",
    "revenue": 5966000000,
    "costOfRevenue": 5528000000,
    "grossProfit": 438000000,
    "grossProfitRatio": 0.0734160241,
    "researchAndDevelopmentExpenses": 0,
    "generalAndAdministrativeExpenses": 0,
    "sellingAndMarketingExpenses": 0,
    "sellingGeneralAndAdministrativeExpenses": 0,
    "otherExpenses": 0,
    "operatingExpenses": 0,
    "costAndExpenses": 5528000000,
    "interestIncome": 0,
    "interestExpense": 0,
    "depreciationAndAmortization": 134000000,
    "ebitda": 572000000,
    "ebitdaratio": 0.0958766343,
    "operatingIncome": 438000000,
    "operatingIncomeRatio": 0.0734160241,
    "totalOtherIncomeExpensesNet": -112000000,
    "incomeBeforeTax": 326000000,
    "incomeBeforeTaxRatio": 0.0546429769,
    "incomeTaxExpense": 102000000,
    "netIncome": 218000000,
    "netIncomeRatio": 0.0365403956,
    "eps": 0.5,
    "epsdiluted": 0.49,
    "weightedAverageShsOut": 436000000,
    "weightedAverageShsOutDil": 444897959,
    "link": "https://www.sec.gov/Archives/edgar/data/936468/000092838502001802/0000928385-02-001802-index.htm",
    "finalLink": "https://www.sec.gov/Archives/edgar/data/936468/000092838502001802/d10q.txt"
  },
  {
    "date": "2001-12-31",
    "symbol": "LMT",
    "reportedCurrency": "USD",
    "cik": "0000936468",
    "fillingDate": "2002-03-07",
    "acceptedDate": "2002-03-07 00:00:00",
    "calendarYear": "2001",
    "period": "Q4",
    "revenue": 6635000000,
    "costOfRevenue": 6243000000,
    "grossProfit": 392000000,
    "grossProfitRatio": 0.059080633,
    "researchAndDevelopmentExpenses": 0,
    "generalAndAdministrativeExpenses": 0,
    "sellingAndMarketingExpenses": 0,
    "sellingGeneralAndAdministrativeExpenses": 0,
    "otherExpenses": 0,
    "operatingExpenses": 0,
    "costAndExpenses": 6243000000,
    "interestIncome": 0,
    "interestExpense": 0,
    "depreciationAndAmortization": 125000000,
    "ebitda": 737000000,
    "ebitdaratio": 0.1110776187,
    "operatingIncome": 392000000,
    "operatingIncomeRatio": 0.059080633,
    "totalOtherIncomeExpensesNet": -1026000000,
    "incomeBeforeTax": -634000000,
    "incomeBeforeTaxRatio": -0.0955538809,
    "incomeTaxExpense": -215000000,
    "netIncome": -1508000000,
    "netIncomeRatio": -0.227279578,
    "eps": -3.49,
    "epsdiluted": -3.46,
    "weightedAverageShsOut": 432500000,
    "weightedAverageShsOutDil": 436000000,
    "link": "https://www.sec.gov/Archives/edgar/data/936468/000092838502000673/0000928385-02-000673-index.htm",
    "finalLink": "https://www.sec.gov/Archives/edgar/data/936468/000092838502000673/d10k.txt"
  },
  {
    "date": "2001-09-30",
    "symbol": "LMT",
    "reportedCurrency": "USD",
    "cik": "0000936468",
    "fillingDate": "2001-11-06",
    "acceptedDate": "2001-11-06 00:00:00",
    "calendarYear": "2001",
    "period": "Q3",
    "revenue": 6384000000,
    "costOfRevenue": 5955000000,
    "grossProfit": 429000000,
    "grossProfitRatio": 0.0671992481,
    "researchAndDevelopmentExpenses": 0,
    "generalAndAdministrativeExpenses": 0,
    "sellingAndMarketingExpenses": 0,
    "sellingGeneralAndAdministrativeExpenses": 0,
    "otherExpenses": 0,
    "operatingExpenses": 0,
    "costAndExpenses": 5955000000,
    "interestIncome": 0,
    "interestExpense": 0,
    "depreciationAndAmortization": 239000000,
    "ebitda": 579000000,
    "ebitdaratio": 0.0906954887,
    "operatingIncome": 429000000,
    "operatingIncomeRatio": 0.0671992481,
    "totalOtherIncomeExpensesNet": -324000000,
    "incomeBeforeTax": 408000000,
    "incomeBeforeTaxRatio": 0.0639097744,
    "incomeTaxExpense": 159000000,
    "netIncome": 213000000,
    "netIncomeRatio": 0.0333646617,
    "eps": 0.5,
    "epsdiluted": 0.5,
    "weightedAverageShsOut": 428000000,
    "weightedAverageShsOutDil": 428000000,
    "link": "https://www.sec.gov/Archives/edgar/data/936468/000092838501502262/0000928385-01-502262-index.htm",
    "finalLink": "https://www.sec.gov/Archives/edgar/data/936468/000092838501502262/d10q.txt"
  },
  {
    "date": "2001-06-30",
    "symbol": "LMT",
    "reportedCurrency": "USD",
    "cik": "0000936468",
    "fillingDate": "2001-08-10",
    "acceptedDate": "2001-08-10 00:00:00",
    "calendarYear": "2001",
    "period": "Q2",
    "revenue": 5961000000,
    "costOfRevenue": 5568000000,
    "grossProfit": 393000000,
    "grossProfitRatio": 0.0659285355,
    "researchAndDevelopmentExpenses": 0,
    "generalAndAdministrativeExpenses": 0,
    "sellingAndMarketingExpenses": 0,
    "sellingGeneralAndAdministrativeExpenses": 0,
    "otherExpenses": 0,
    "operatingExpenses": 0,
    "costAndExpenses": 5568000000,
    "interestIncome": 0,
    "interestExpense": 0,
    "depreciationAndAmortization": 232000000,
    "ebitda": 658000000,
    "ebitdaratio": 0.1103841637,
    "operatingIncome": 393000000,
    "operatingIncomeRatio": 0.0659285355,
    "totalOtherIncomeExpensesNet": -154000000,
    "incomeBeforeTax": 239000000,
    "incomeBeforeTaxRatio": 0.040093944,
    "incomeTaxExpense": 95000000,
    "netIncome": 144000000,
    "netIncomeRatio": 0.0241570206,
    "eps": 0.34,
    "epsdiluted": 0.33,
    "weightedAverageShsOut": 423529412,
    "weightedAverageShsOutDil": 436363636,
    "link": "https://www.sec.gov/Archives/edgar/data/936468/000092838501501439/0000928385-01-501439-index.htm",
    "finalLink": "https://www.sec.gov/Archives/edgar/data/936468/000092838501501439/d10q.txt"
  },
  {
    "date": "2001-03-31",
    "symbol": "LMT",
    "reportedCurrency": "USD",
    "cik": "0000936468",
    "fillingDate": "2001-05-10",
    "acceptedDate": "2001-05-10 00:00:00",
    "calendarYear": "2001",
    "period": "Q1",
    "revenue": 5010000000,
    "costOfRevenue": 4681000000,
    "grossProfit": 329000000,
    "grossProfitRatio": 0.0656686627,
    "researchAndDevelopmentExpenses": 0,
    "generalAndAdministrativeExpenses": 0,
    "sellingAndMarketingExpenses": 0,
    "sellingGeneralAndAdministrativeExpenses": 0,
    "otherExpenses": 0,
    "operatingExpenses": 0,
    "costAndExpenses": 4681000000,
    "interestIncome": 0,
    "interestExpense": 0,
    "depreciationAndAmortization": 227000000,
    "ebitda": 544000000,
    "ebitdaratio": 0.1085828343,
    "operatingIncome": 329000000,
    "operatingIncomeRatio": 0.0656686627,
    "totalOtherIncomeExpensesNet": -154000000,
    "incomeBeforeTax": 175000000,
    "incomeBeforeTaxRatio": 0.0349301397,
    "incomeTaxExpense": 70000000,
    "netIncome": 105000000,
    "netIncomeRatio": 0.0209580838,
    "eps": 0.25,
    "epsdiluted": 0.25,
    "weightedAverageShsOut": 423300000,
    "weightedAverageShsOutDil": 427800000,
    "link": "https://www.sec.gov/Archives/edgar/data/936468/000102140801500773/0001021408-01-500773-index.htm",
    "finalLink": "https://www.sec.gov/Archives/edgar/data/936468/000102140801500773/d10q.txt"
  },
  {
    "date": "2000-12-31",
    "symbol": "LMT",
    "reportedCurrency": "USD",
    "cik": "0000936468",
    "fillingDate": "2001-03-09",
    "acceptedDate": "2001-03-09 00:00:00",
    "calendarYear": "2000",
    "period": "Q4",
    "revenue": 7595000000,
    "costOfRevenue": 6886000000,
    "grossProfit": 709000000,
    "grossProfitRatio": 0.0933508887,
    "researchAndDevelopmentExpenses": 0,
    "generalAndAdministrativeExpenses": 0,
    "sellingAndMarketingExpenses": 0,
    "sellingGeneralAndAdministrativeExpenses": 0,
    "otherExpenses": 0,
    "operatingExpenses": 244000000,
    "costAndExpenses": 7130000000,
    "interestIncome": 0,
    "interestExpense": 0,
    "depreciationAndAmortization": 244000000,
    "ebitda": 709000000,
    "ebitdaratio": 0.0933508887,
    "operatingIncome": 465000000,
    "operatingIncomeRatio": 0.0612244898,
    "totalOtherIncomeExpensesNet": -128000000,
    "incomeBeforeTax": 337000000,
    "incomeBeforeTaxRatio": 0.0443712969,
    "incomeTaxExpense": 153000000,
    "netIncome": 89000000,
    "netIncomeRatio": 0.0117182357,
    "eps": 0.21,
    "epsdiluted": 0.21,
    "weightedAverageShsOut": 418784416,
    "weightedAverageShsOutDil": 420000000,
    "link": "https://www.sec.gov/Archives/edgar/data/936468/000092838501000795/0000928385-01-000795-index.htm",
    "finalLink": "https://www.sec.gov/Archives/edgar/data/936468/000092838501000795/0000928385-01-000795-0001.txt"
  },
  {
    "date": "2000-09-30",
    "symbol": "LMT",
    "reportedCurrency": "USD",
    "cik": "0000936468",
    "fillingDate": "2000-11-13",
    "acceptedDate": "2000-11-13 00:00:00",
    "calendarYear": "2000",
    "period": "Q3",
    "revenue": 5960000000,
    "costOfRevenue": 5299000000,
    "grossProfit": 661000000,
    "grossProfitRatio": 0.1109060403,
    "researchAndDevelopmentExpenses": 0,
    "generalAndAdministrativeExpenses": 0,
    "sellingAndMarketingExpenses": 0,
    "sellingGeneralAndAdministrativeExpenses": 0,
    "otherExpenses": 0,
    "operatingExpenses": 253000000,
    "costAndExpenses": 5552000000,
    "interestIncome": 0,
    "interestExpense": 0,
    "depreciationAndAmortization": 253000000,
    "ebitda": 661000000,
    "ebitdaratio": 0.1109060403,
    "operatingIncome": 408000000,
    "operatingIncomeRatio": 0.0684563758,
    "totalOtherIncomeExpensesNet": -663000000,
    "incomeBeforeTax": -255000000,
    "incomeBeforeTaxRatio": -0.0427852349,
    "incomeTaxExpense": 449000000,
    "netIncome": -704000000,
    "netIncomeRatio": -0.1181208054,
    "eps": -1.74,
    "epsdiluted": -1.74,
    "weightedAverageShsOut": 404597701,
    "weightedAverageShsOutDil": 404597701,
    "link": "https://www.sec.gov/Archives/edgar/data/936468/000092838500003036/0000928385-00-003036-index.htm",
    "finalLink": "https://www.sec.gov/Archives/edgar/data/936468/000092838500003036/0000928385-00-003036-0001.txt"
  },
  {
    "date": "2000-06-30",
    "symbol": "LMT",
    "reportedCurrency": "USD",
    "cik": "0000936468",
    "fillingDate": "2000-08-11",
    "acceptedDate": "2000-08-11 00:00:00",
    "calendarYear": "2000",
    "period": "Q2",
    "revenue": 6212000000,
    "costOfRevenue": 5544000000,
    "grossProfit": 668000000,
    "grossProfitRatio": 0.1075338055,
    "researchAndDevelopmentExpenses": 0,
    "generalAndAdministrativeExpenses": 0,
    "sellingAndMarketingExpenses": 0,
    "sellingGeneralAndAdministrativeExpenses": 0,
    "otherExpenses": 0,
    "operatingExpenses": 240000000,
    "costAndExpenses": 5784000000,
    "interestIncome": 0,
    "interestExpense": 0,
    "depreciationAndAmortization": 240000000,
    "ebitda": 668000000,
    "ebitdaratio": 0.1075338055,
    "operatingIncome": 428000000,
    "operatingIncomeRatio": 0.0688989053,
    "totalOtherIncomeExpensesNet": -323000000,
    "incomeBeforeTax": 105000000,
    "incomeBeforeTaxRatio": 0.0169027688,
    "incomeTaxExpense": 63000000,
    "netIncome": 42000000,
    "netIncomeRatio": 0.0067611075,
    "eps": 0.11,
    "epsdiluted": 0.11,
    "weightedAverageShsOut": 381818182,
    "weightedAverageShsOutDil": 381818182,
    "link": "https://www.sec.gov/Archives/edgar/data/936468/000092838500002182/0000928385-00-002182-index.htm",
    "finalLink": "https://www.sec.gov/Archives/edgar/data/936468/000092838500002182/0000928385-00-002182-0001.txt"
  },
  {
    "date": "2000-03-31",
    "symbol": "LMT",
    "reportedCurrency": "USD",
    "cik": "0000936468",
    "fillingDate": "2000-05-05",
    "acceptedDate": "2000-05-05 00:00:00",
    "calendarYear": "2000",
    "period": "Q1",
    "revenue": 5562000000,
    "costOfRevenue": 5249000000,
    "grossProfit": 313000000,
    "grossProfitRatio": 0.0562747213,
    "researchAndDevelopmentExpenses": 0,
    "generalAndAdministrativeExpenses": 0,
    "sellingAndMarketingExpenses": 0,
    "sellingGeneralAndAdministrativeExpenses": 0,
    "otherExpenses": 0,
    "operatingExpenses": 0,
    "costAndExpenses": 5249000000,
    "interestIncome": 0,
    "interestExpense": 227000000,
    "depreciationAndAmortization": 231000000,
    "ebitda": 544000000,
    "ebitdaratio": 0.0978065444,
    "operatingIncome": 313000000,
    "operatingIncomeRatio": 0.0562747213,
    "totalOtherIncomeExpensesNet": -214000000,
    "incomeBeforeTax": 99000000,
    "incomeBeforeTaxRatio": 0.0177993528,
    "incomeTaxExpense": 45000000,
    "netIncome": 54000000,
    "netIncomeRatio": 0.0097087379,
    "eps": 0.14,
    "epsdiluted": 0.14,
    "weightedAverageShsOut": 387100000,
    "weightedAverageShsOutDil": 387500000,
    "link": "https://www.sec.gov/Archives/edgar/data/936468/000092838500001431/0000928385-00-001431-index.htm",
    "finalLink": "https://www.sec.gov/Archives/edgar/data/936468/000092838500001431/0000928385-00-001431.txt"
  },
  {
    "date": "1999-12-31",
    "symbol": "LMT",
    "reportedCurrency": "USD",
    "cik": "0000936468",
    "fillingDate": "2000-03-09",
    "acceptedDate": "2000-03-09 00:00:00",
    "calendarYear": "1999",
    "period": "Q4",
    "revenue": 6982000000,
    "costOfRevenue": 7128000000,
    "grossProfit": -146000000,
    "grossProfitRatio": -0.0209109138,
    "researchAndDevelopmentExpenses": 0,
    "generalAndAdministrativeExpenses": 0,
    "sellingAndMarketingExpenses": 0,
    "sellingGeneralAndAdministrativeExpenses": 0,
    "otherExpenses": 0,
    "operatingExpenses": -705000000,
    "costAndExpenses": 6423000000,
    "interestIncome": 0,
    "interestExpense": 0,
    "depreciationAndAmortization": 264000000,
    "ebitda": 739000000,
    "ebitdaratio": 0.1058435978,
    "operatingIncome": 559000000,
    "operatingIncomeRatio": 0.0800630192,
    "totalOtherIncomeExpensesNet": -84000000,
    "incomeBeforeTax": 475000000,
    "incomeBeforeTaxRatio": 0.0680320825,
    "incomeTaxExpense": 182000000,
    "netIncome": 293000000,
    "netIncomeRatio": 0.041965053,
    "eps": 0.76,
    "epsdiluted": 0.76,
    "weightedAverageShsOut": 383500000,
    "weightedAverageShsOutDil": 387100000,
    "link": "https://www.sec.gov/Archives/edgar/data/936468/000092838500000644/0000928385-00-000644-index.htm",
    "finalLink": "https://www.sec.gov/Archives/edgar/data/936468/000092838500000644/0000928385-00-000644.txt"
  },
  {
    "date": "1999-09-30",
    "symbol": "LMT",
    "reportedCurrency": "USD",
    "cik": "0000936468",
    "fillingDate": "1999-11-12",
    "acceptedDate": "1999-11-12 00:00:00",
    "calendarYear": "1999",
    "period": "Q3",
    "revenue": 6157000000,
    "costOfRevenue": 5427000000,
    "grossProfit": 730000000,
    "grossProfitRatio": 0.1185642358,
    "researchAndDevelopmentExpenses": 0,
    "generalAndAdministrativeExpenses": 0,
    "sellingAndMarketingExpenses": 0,
    "sellingGeneralAndAdministrativeExpenses": 0,
    "otherExpenses": 0,
    "operatingExpenses": 242000000,
    "costAndExpenses": 5669000000,
    "interestIncome": 0,
    "interestExpense": 0,
    "depreciationAndAmortization": 242000000,
    "ebitda": 730000000,
    "ebitdaratio": 0.1185642358,
    "operatingIncome": 488000000,
    "operatingIncomeRatio": 0.0792593796,
    "totalOtherIncomeExpensesNet": -130000000,
    "incomeBeforeTax": 358000000,
    "incomeBeforeTaxRatio": 0.0581452006,
    "incomeTaxExpense": 141000000,
    "netIncome": 217000000,
    "netIncomeRatio": 0.0352444372,
    "eps": 0.57,
    "epsdiluted": 0.57,
    "weightedAverageShsOut": 381500000,
    "weightedAverageShsOutDil": 383800000,
    "link": "https://www.sec.gov/Archives/edgar/data/936468/000092838599003339/0000928385-99-003339-index.html",
    "finalLink": "https://www.sec.gov/Archives/edgar/data/936468/000092838599003339/"
  },
  {
    "date": "1999-06-30",
    "symbol": "LMT",
    "reportedCurrency": "USD",
    "cik": "0000936468",
    "fillingDate": "1999-08-09",
    "acceptedDate": "1999-08-09 00:00:00",
    "calendarYear": "1999",
    "period": "Q2",
    "revenue": 6203000000,
    "costOfRevenue": 6072000000,
    "grossProfit": 131000000,
    "grossProfitRatio": 0.0211188135,
    "researchAndDevelopmentExpenses": 0,
    "generalAndAdministrativeExpenses": 0,
    "sellingAndMarketingExpenses": 0,
    "sellingGeneralAndAdministrativeExpenses": 0,
    "otherExpenses": 0,
    "operatingExpenses": 0,
    "costAndExpenses": 6072000000,
    "interestIncome": 0,
    "interestExpense": 191000000,
    "depreciationAndAmortization": 233000000,
    "ebitda": 364000000,
    "ebitdaratio": 0.0586812833,
    "operatingIncome": 131000000,
    "operatingIncomeRatio": 0.0211188135,
    "totalOtherIncomeExpensesNet": -188000000,
    "incomeBeforeTax": -57000000,
    "incomeBeforeTaxRatio": -0.009189102,
    "incomeTaxExpense": -16000000,
    "netIncome": -41000000,
    "netIncomeRatio": -0.006609705,
    "eps": -0.11,
    "epsdiluted": -0.11,
    "weightedAverageShsOut": 380800000,
    "weightedAverageShsOutDil": 383300000,
    "link": "https://www.sec.gov/Archives/edgar/data/936468/000092838599002488/0000928385-99-002488-index.html",
    "finalLink": "https://www.sec.gov/Archives/edgar/data/936468/000092838599002488/"
  },
  {
    "date": "1999-03-31",
    "symbol": "LMT",
    "reportedCurrency": "USD",
    "cik": "0000936468",
    "fillingDate": "1999-05-17",
    "acceptedDate": "1999-05-17 00:00:00",
    "calendarYear": "1999",
    "period": "Q1",
    "revenue": 6188000000,
    "costOfRevenue": 5701000000,
    "grossProfit": 487000000,
    "grossProfitRatio": 0.0787007111,
    "researchAndDevelopmentExpenses": 0,
    "generalAndAdministrativeExpenses": 0,
    "sellingAndMarketingExpenses": 0,
    "sellingGeneralAndAdministrativeExpenses": 0,
    "otherExpenses": 0,
    "operatingExpenses": 0,
    "costAndExpenses": 5701000000,
    "interestIncome": 0,
    "interestExpense": 192000000,
    "depreciationAndAmortization": 230000000,
    "ebitda": 717000000,
    "ebitdaratio": 0.1158694247,
    "operatingIncome": 487000000,
    "operatingIncomeRatio": 0.0787007111,
    "totalOtherIncomeExpensesNet": -63000000,
    "incomeBeforeTax": 424000000,
    "incomeBeforeTaxRatio": 0.0685197156,
    "incomeTaxExpense": 156000000,
    "netIncome": -87000000,
    "netIncomeRatio": -0.0140594699,
    "eps": -0.23,
    "epsdiluted": -0.23,
    "weightedAverageShsOut": 380300000,
    "weightedAverageShsOutDil": 382600000,
    "link": "https://www.sec.gov/Archives/edgar/data/936468/000092838599001781/0000928385-99-001781-index.html",
    "finalLink": "https://www.sec.gov/Archives/edgar/data/936468/"
  },
  {
    "date": "1998-12-31",
    "symbol": "LMT",
    "reportedCurrency": "USD",
    "cik": "0000936468",
    "fillingDate": "1999-03-22",
    "acceptedDate": "1999-03-22 00:00:00",
    "calendarYear": "1998",
    "period": "Q4",
    "revenue": 7180000000,
    "costOfRevenue": 6779000000,
    "grossProfit": 401000000,
    "grossProfitRatio": 0.0558495822,
    "researchAndDevelopmentExpenses": 0,
    "generalAndAdministrativeExpenses": 0,
    "sellingAndMarketingExpenses": 0,
    "sellingGeneralAndAdministrativeExpenses": 0,
    "otherExpenses": 0,
    "operatingExpenses": 0,
    "costAndExpenses": 6779000000,
    "interestIncome": 0,
    "interestExpense": 206000000,
    "depreciationAndAmortization": 261000000,
    "ebitda": 662000000,
    "ebitdaratio": 0.0922005571,
    "operatingIncome": 401000000,
    "operatingIncomeRatio": 0.0558495822,
    "totalOtherIncomeExpensesNet": -141000000,
    "incomeBeforeTax": 260000000,
    "incomeBeforeTaxRatio": 0.0362116992,
    "incomeTaxExpense": 135000000,
    "netIncome": 125000000,
    "netIncomeRatio": 0.0174094708,
    "eps": 0.33,
    "epsdiluted": 0.33,
    "weightedAverageShsOut": 378103004,
    "weightedAverageShsOutDil": 380300000,
    "link": "https://www.sec.gov/Archives/edgar/data/936468/000092838599000878/0000928385-99-000878-index.html",
    "finalLink": "https://www.sec.gov/Archives/edgar/data/936468/"
  },
  {
    "date": "1998-09-30",
    "symbol": "LMT",
    "reportedCurrency": "USD",
    "cik": "0000936468",
    "fillingDate": "1998-11-02",
    "acceptedDate": "1998-11-02 00:00:00",
    "calendarYear": "1998",
    "period": "Q3",
    "revenue": 6349000000,
    "costOfRevenue": 5653000000,
    "grossProfit": 696000000,
    "grossProfitRatio": 0.1096235628,
    "researchAndDevelopmentExpenses": 0,
    "generalAndAdministrativeExpenses": 0,
    "sellingAndMarketingExpenses": 0,
    "sellingGeneralAndAdministrativeExpenses": 0,
    "otherExpenses": 0,
    "operatingExpenses": 0,
    "costAndExpenses": 5653000000,
    "interestIncome": 0,
    "interestExpense": 221000000,
    "depreciationAndAmortization": 250000000,
    "ebitda": 946000000,
    "ebitdaratio": 0.1489998425,
    "operatingIncome": 696000000,
    "operatingIncomeRatio": 0.1096235628,
    "totalOtherIncomeExpensesNet": -187000000,
    "incomeBeforeTax": 509000000,
    "incomeBeforeTaxRatio": 0.0801701055,
    "incomeTaxExpense": 191000000,
    "netIncome": 318000000,
    "netIncomeRatio": 0.0500866278,
    "eps": 0.85,
    "epsdiluted": 0.84,
    "weightedAverageShsOut": 375500000,
    "weightedAverageShsOutDil": 380200000,
    "link": "https://www.sec.gov/Archives/edgar/data/936468/000092838598002179/0000928385-98-002179-index.html",
    "finalLink": "https://www.sec.gov/Archives/edgar/data/936468/"
  },
  {
    "date": "1998-06-30",
    "symbol": "LMT",
    "reportedCurrency": "USD",
    "cik": "0000936468",
    "fillingDate": "1998-08-14",
    "acceptedDate": "1998-08-14 00:00:00",
    "calendarYear": "1998",
    "period": "Q2",
    "revenue": 6520000000,
    "costOfRevenue": 5882000000,
    "grossProfit": 638000000,
    "grossProfitRatio": 0.0978527607,
    "researchAndDevelopmentExpenses": 0,
    "generalAndAdministrativeExpenses": 0,
    "sellingAndMarketingExpenses": 0,
    "sellingGeneralAndAdministrativeExpenses": 0,
    "otherExpenses": 0,
    "operatingExpenses": 0,
    "costAndExpenses": 5882000000,
    "interestIncome": 0,
    "interestExpense": 221000000,
    "depreciationAndAmortization": 241000000,
    "ebitda": 879000000,
    "ebitdaratio": 0.1348159509,
    "operatingIncome": 638000000,
    "operatingIncomeRatio": 0.0978527607,
    "totalOtherIncomeExpensesNet": -180000000,
    "incomeBeforeTax": 458000000,
    "incomeBeforeTaxRatio": 0.0702453988,
    "incomeTaxExpense": 169000000,
    "netIncome": 289000000,
    "netIncomeRatio": 0.0443251534,
    "eps": 0.77,
    "epsdiluted": 0.76,
    "weightedAverageShsOut": 375900000,
    "weightedAverageShsOutDil": 381000000,
    "link": "https://www.sec.gov/Archives/edgar/data/936468/000092838598001685/0000928385-98-001685-index.htm",
    "finalLink": "https://www.sec.gov/Archives/edgar/data/936468/0000928385-98-001685.txt"
  },
  {
    "date": "1998-03-31",
    "symbol": "LMT",
    "reportedCurrency": "USD",
    "cik": "0000936468",
    "fillingDate": "1998-05-08",
    "acceptedDate": "1998-05-08 00:00:00",
    "calendarYear": "1998",
    "period": "Q1",
    "revenue": 6217000000,
    "costOfRevenue": 5599000000,
    "grossProfit": 618000000,
    "grossProfitRatio": 0.0994048576,
    "researchAndDevelopmentExpenses": 0,
    "generalAndAdministrativeExpenses": 0,
    "sellingAndMarketingExpenses": 0,
    "sellingGeneralAndAdministrativeExpenses": 0,
    "otherExpenses": 0,
    "operatingExpenses": 0,
    "costAndExpenses": 5599000000,
    "interestIncome": 0,
    "interestExpense": 213000000,
    "depreciationAndAmortization": 253000000,
    "ebitda": 871000000,
    "ebitdaratio": 0.1400997266,
    "operatingIncome": 618000000,
    "operatingIncomeRatio": 0.0994048576,
    "totalOtherIncomeExpensesNet": -184000000,
    "incomeBeforeTax": 434000000,
    "incomeBeforeTaxRatio": 0.0698085894,
    "incomeTaxExpense": 165000000,
    "netIncome": 269000000,
    "netIncomeRatio": 0.0432684575,
    "eps": 0.72,
    "epsdiluted": 0.71,
    "weightedAverageShsOut": 373900000,
    "weightedAverageShsOutDil": 379400000,
    "link": "https://www.sec.gov/Archives/edgar/data/936468/000092838598000959/0000928385-98-000959-index.htm",
    "finalLink": "https://www.sec.gov/Archives/edgar/data/936468/0000928385-98-000959.txt"
  },
  {
    "date": "1997-12-31",
    "symbol": "LMT",
    "reportedCurrency": "USD",
    "cik": "0000936468",
    "fillingDate": "1998-03-19",
    "acceptedDate": "1998-03-19 00:00:00",
    "calendarYear": "1997",
    "period": "Q4",
    "revenue": 7878000000,
    "costOfRevenue": 7551000000,
    "grossProfit": 327000000,
    "grossProfitRatio": 0.041507997,
    "researchAndDevelopmentExpenses": 0,
    "generalAndAdministrativeExpenses": 0,
    "sellingAndMarketingExpenses": 0,
    "sellingGeneralAndAdministrativeExpenses": 0,
    "otherExpenses": 0,
    "operatingExpenses": 0,
    "costAndExpenses": 7551000000,
    "interestIncome": 0,
    "interestExpense": 227000000,
    "depreciationAndAmortization": 272000000,
    "ebitda": 599000000,
    "ebitdaratio": 0.0760345265,
    "operatingIncome": 327000000,
    "operatingIncomeRatio": 0.041507997,
    "totalOtherIncomeExpensesNet": 112000000,
    "incomeBeforeTax": 439000000,
    "incomeBeforeTaxRatio": 0.0557248032,
    "incomeTaxExpense": 68000000,
    "netIncome": 371000000,
    "netIncomeRatio": 0.0470931709,
    "eps": 0.99,
    "epsdiluted": 0.99,
    "weightedAverageShsOut": 373000000,
    "weightedAverageShsOutDil": 373800000,
    "link": "https://www.sec.gov/Archives/edgar/data/936468/000095010998001869/0000950109-98-001869-index.html",
    "finalLink": "https://www.sec.gov/Archives/edgar/data/936468/"
  },
  {
    "date": "1997-09-30",
    "symbol": "LMT",
    "reportedCurrency": "USD",
    "cik": "0000936468",
    "fillingDate": "1997-11-14",
    "acceptedDate": "1997-11-14 00:00:00",
    "calendarYear": "1997",
    "period": "Q3",
    "revenue": 6619000000,
    "costOfRevenue": 5942000000,
    "grossProfit": 677000000,
    "grossProfitRatio": 0.1022813114,
    "researchAndDevelopmentExpenses": 0,
    "generalAndAdministrativeExpenses": 0,
    "sellingAndMarketingExpenses": 0,
    "sellingGeneralAndAdministrativeExpenses": 0,
    "otherExpenses": 0,
    "operatingExpenses": 0,
    "costAndExpenses": 5942000000,
    "interestIncome": 0,
    "interestExpense": 213000000,
    "depreciationAndAmortization": 256000000,
    "ebitda": 1003000000,
    "ebitdaratio": 0.1515334643,
    "operatingIncome": 677000000,
    "operatingIncomeRatio": 0.1022813114,
    "totalOtherIncomeExpensesNet": -143000000,
    "incomeBeforeTax": 534000000,
    "incomeBeforeTaxRatio": 0.0806768394,
    "incomeTaxExpense": 203000000,
    "netIncome": 331000000,
    "netIncomeRatio": 0.050007554,
    "eps": 0.89,
    "epsdiluted": 0.76,
    "weightedAverageShsOut": 371800000,
    "weightedAverageShsOutDil": 435200000,
    "link": "https://www.sec.gov/Archives/edgar/data/936468/000092838597001879/0000928385-97-001879-index.html",
    "finalLink": "https://www.sec.gov/Archives/edgar/data/936468/"
  },
  {
    "date": "1997-06-30",
    "symbol": "LMT",
    "reportedCurrency": "USD",
    "cik": "0000936468",
    "fillingDate": "1997-08-12",
    "acceptedDate": "1997-08-12 00:00:00",
    "calendarYear": "1997",
    "period": "Q2",
    "revenue": 6898000000,
    "costOfRevenue": 6261000000,
    "grossProfit": 637000000,
    "grossProfitRatio": 0.0923456074,
    "researchAndDevelopmentExpenses": 0,
    "generalAndAdministrativeExpenses": 0,
    "sellingAndMarketingExpenses": 0,
    "sellingGeneralAndAdministrativeExpenses": 0,
    "otherExpenses": 0,
    "operatingExpenses": 0,
    "costAndExpenses": 6261000000,
    "interestIncome": 0,
    "interestExpense": 201000000,
    "depreciationAndAmortization": 213000000,
    "ebitda": 850000000,
    "ebitdaratio": 0.1232241229,
    "operatingIncome": 637000000,
    "operatingIncomeRatio": 0.0923456074,
    "totalOtherIncomeExpensesNet": -149000000,
    "incomeBeforeTax": 488000000,
    "incomeBeforeTaxRatio": 0.0707451435,
    "incomeTaxExpense": 180000000,
    "netIncome": 308000000,
    "netIncomeRatio": 0.0446506234,
    "eps": 0.83,
    "epsdiluted": 0.71,
    "weightedAverageShsOut": 369400000,
    "weightedAverageShsOutDil": 432400000,
    "link": "https://www.sec.gov/Archives/edgar/data/936468/000092838597001285/0000928385-97-001285-index.html",
    "finalLink": "https://www.sec.gov/Archives/edgar/data/936468/"
  },
  {
    "date": "1997-03-31",
    "symbol": "LMT",
    "reportedCurrency": "USD",
    "cik": "0000936468",
    "fillingDate": "1997-05-09",
    "acceptedDate": "1997-05-09 00:00:00",
    "calendarYear": "1997",
    "period": "Q1",
    "revenue": 6674000000,
    "costOfRevenue": 6018000000,
    "grossProfit": 656000000,
    "grossProfitRatio": 0.0982918789,
    "researchAndDevelopmentExpenses": 0,
    "generalAndAdministrativeExpenses": 0,
    "sellingAndMarketingExpenses": 0,
    "sellingGeneralAndAdministrativeExpenses": 0,
    "otherExpenses": 0,
    "operatingExpenses": 0,
    "costAndExpenses": 6018000000,
    "interestIncome": 0,
    "interestExpense": 201000000,
    "depreciationAndAmortization": 311000000,
    "ebitda": 967000000,
    "ebitdaratio": 0.1448906203,
    "operatingIncome": 656000000,
    "operatingIncomeRatio": 0.0982918789,
    "totalOtherIncomeExpensesNet": -180000000,
    "incomeBeforeTax": 476000000,
    "incomeBeforeTaxRatio": 0.0713215463,
    "incomeTaxExpense": 186000000,
    "netIncome": 290000000,
    "netIncomeRatio": 0.0434522026,
    "eps": 0.79,
    "epsdiluted": 0.67,
    "weightedAverageShsOut": 369000000,
    "weightedAverageShsOutDil": 431000000,
    "link": "https://www.sec.gov/Archives/edgar/data/936468/000092838597000819/0000928385-97-000819-index.html",
    "finalLink": "https://www.sec.gov/Archives/edgar/data/936468/"
  },
  {
    "date": "1996-12-31",
    "symbol": "LMT",
    "reportedCurrency": "USD",
    "cik": "0000936468",
    "fillingDate": "1997-03-14",
    "acceptedDate": "1997-03-14 00:00:00",
    "calendarYear": "1996",
    "period": "Q4",
    "revenue": 7662000000,
    "costOfRevenue": 7221000000,
    "grossProfit": 441000000,
    "grossProfitRatio": 0.0575567737,
    "researchAndDevelopmentExpenses": 0,
    "generalAndAdministrativeExpenses": 0,
    "sellingAndMarketingExpenses": 0,
    "sellingGeneralAndAdministrativeExpenses": 0,
    "otherExpenses": 0,
    "operatingExpenses": 0,
    "costAndExpenses": 7221000000,
    "interestIncome": 0,
    "interestExpense": 214000000,
    "depreciationAndAmortization": 303000000,
    "ebitda": 1104000000,
    "ebitdaratio": 0.1440877056,
    "operatingIncome": 441000000,
    "operatingIncomeRatio": 0.0575567737,
    "totalOtherIncomeExpensesNet": 146000000,
    "incomeBeforeTax": 587000000,
    "incomeBeforeTaxRatio": 0.0766118507,
    "incomeTaxExpense": 122000000,
    "netIncome": 465000000,
    "netIncomeRatio": 0.0606891151,
    "eps": 1.26,
    "epsdiluted": 1.26,
    "weightedAverageShsOut": 369000000,
    "weightedAverageShsOutDil": 369000000,
    "link": "https://www.sec.gov/Archives/edgar/data/936468/000095010997002222/0000950109-97-002222-index.html",
    "finalLink": "https://www.sec.gov/Archives/edgar/data/936468/"
  },
  {
    "date": "1996-09-30",
    "symbol": "LMT",
    "reportedCurrency": "USD",
    "cik": "0000936468",
    "fillingDate": "1996-11-13",
    "acceptedDate": "1996-11-13 16:11:00",
    "calendarYear": "1996",
    "period": "Q3",
    "revenue": 7028000000,
    "costOfRevenue": 6353000000,
    "grossProfit": 675000000,
    "grossProfitRatio": 0.0960443939,
    "researchAndDevelopmentExpenses": 0,
    "generalAndAdministrativeExpenses": 0,
    "sellingAndMarketingExpenses": 0,
    "sellingGeneralAndAdministrativeExpenses": 0,
    "otherExpenses": 0,
    "operatingExpenses": 0,
    "costAndExpenses": 6353000000,
    "interestIncome": 0,
    "interestExpense": 226000000,
    "depreciationAndAmortization": 361000000,
    "ebitda": 1021000000,
    "ebitdaratio": 0.1452760387,
    "operatingIncome": 675000000,
    "operatingIncomeRatio": 0.0960443939,
    "totalOtherIncomeExpensesNet": -165000000,
    "incomeBeforeTax": 510000000,
    "incomeBeforeTaxRatio": 0.0725668754,
    "incomeTaxExpense": 199000000,
    "netIncome": 311000000,
    "netIncomeRatio": 0.0442515652,
    "eps": 0.81,
    "epsdiluted": 0.69,
    "weightedAverageShsOut": 382400000,
    "weightedAverageShsOutDil": 449400000,
    "link": "https://www.sec.gov/Archives/edgar/data/936468/000092838596001490/0000928385-96-001490-index.htm",
    "finalLink": "https://www.sec.gov/Archives/edgar/data/936468/000092838596001490/"
  },
  {
    "date": "1996-06-30",
    "symbol": "LMT",
    "reportedCurrency": "USD",
    "cik": "0000936468",
    "fillingDate": "1996-08-13",
    "acceptedDate": "1996-08-13 16:35:00",
    "calendarYear": "1996",
    "period": "Q2",
    "revenue": 7076000000,
    "costOfRevenue": 6383000000,
    "grossProfit": 693000000,
    "grossProfitRatio": 0.0979366874,
    "researchAndDevelopmentExpenses": 0,
    "generalAndAdministrativeExpenses": 0,
    "sellingAndMarketingExpenses": 0,
    "sellingGeneralAndAdministrativeExpenses": 0,
    "otherExpenses": 0,
    "operatingExpenses": 0,
    "costAndExpenses": 6383000000,
    "interestIncome": 0,
    "interestExpense": 189000000,
    "depreciationAndAmortization": 319000000,
    "ebitda": 1012000000,
    "ebitdaratio": 0.1430186546,
    "operatingIncome": 693000000,
    "operatingIncomeRatio": 0.0979366874,
    "totalOtherIncomeExpensesNet": -188000000,
    "incomeBeforeTax": 505000000,
    "incomeBeforeTaxRatio": 0.0713680045,
    "incomeTaxExpense": 206000000,
    "netIncome": 299000000,
    "netIncomeRatio": 0.0422555116,
    "eps": 0.79,
    "epsdiluted": 0.67,
    "weightedAverageShsOut": 380400000,
    "weightedAverageShsOutDil": 447600000,
    "link": "https://www.sec.gov/Archives/edgar/data/936468/000092838596001071/0000928385-96-001071-index.htm",
    "finalLink": "https://www.sec.gov/Archives/edgar/data/936468/000092838596001071/"
  },
  {
    "date": "1996-03-31",
    "symbol": "LMT",
    "reportedCurrency": "USD",
    "cik": "0000936468",
    "fillingDate": "1996-05-15",
    "acceptedDate": "1996-05-14 20:44:00",
    "calendarYear": "1996",
    "period": "Q1",
    "revenue": 5109000000,
    "costOfRevenue": 4637000000,
    "grossProfit": 472000000,
    "grossProfitRatio": 0.0923859855,
    "researchAndDevelopmentExpenses": 0,
    "generalAndAdministrativeExpenses": 0,
    "sellingAndMarketingExpenses": 0,
    "sellingGeneralAndAdministrativeExpenses": 0,
    "otherExpenses": 0,
    "operatingExpenses": 0,
    "costAndExpenses": 4637000000,
    "interestIncome": 0,
    "interestExpense": 71000000,
    "depreciationAndAmortization": 214000000,
    "ebitda": 686000000,
    "ebitdaratio": 0.1342728518,
    "operatingIncome": 472000000,
    "operatingIncomeRatio": 0.0923859855,
    "totalOtherIncomeExpensesNet": -41000000,
    "incomeBeforeTax": 431000000,
    "incomeBeforeTaxRatio": 0.0843609317,
    "incomeTaxExpense": 159000000,
    "netIncome": 272000000,
    "netIncomeRatio": 0.0532393815,
    "eps": 0.72,
    "epsdiluted": 0.61,
    "weightedAverageShsOut": 378600000,
    "weightedAverageShsOutDil": 445400000,
    "link": "https://www.sec.gov/Archives/edgar/data/936468/000092838596000552/0000928385-96-000552-index.htm",
    "finalLink": "https://www.sec.gov/Archives/edgar/data/936468/000092838596000552/"
  },
  {
    "date": "1995-12-31",
    "symbol": "LMT",
    "reportedCurrency": "USD",
    "cik": "0000936468",
    "fillingDate": "1996-03-13",
    "acceptedDate": "1996-03-13 15:16:00",
    "calendarYear": "1995",
    "period": "Q4",
    "revenue": 6052000000,
    "costOfRevenue": 5514000000,
    "grossProfit": 538000000,
    "grossProfitRatio": 0.0888962327,
    "researchAndDevelopmentExpenses": 0,
    "generalAndAdministrativeExpenses": 0,
    "sellingAndMarketingExpenses": 0,
    "sellingGeneralAndAdministrativeExpenses": 0,
    "otherExpenses": 0,
    "operatingExpenses": 0,
    "costAndExpenses": 5514000000,
    "interestIncome": 0,
    "interestExpense": 66000000,
    "depreciationAndAmortization": 256000000,
    "ebitda": 794000000,
    "ebitdaratio": 0.1311962987,
    "operatingIncome": 538000000,
    "operatingIncomeRatio": 0.0888962327,
    "totalOtherIncomeExpensesNet": -60000000,
    "incomeBeforeTax": 478000000,
    "incomeBeforeTaxRatio": 0.0789821547,
    "incomeTaxExpense": 167000000,
    "netIncome": 311000000,
    "netIncomeRatio": 0.0513879709,
    "eps": 0.82,
    "epsdiluted": 0.82,
    "weightedAverageShsOut": 378000000,
    "weightedAverageShsOutDil": 378600000,
    "link": "https://www.sec.gov/Archives/edgar/data/936468/000095010996001535/0000950109-96-001535-index.htm",
    "finalLink": "https://www.sec.gov/Archives/edgar/data/936468/000095010996001535/"
  },
  {
    "date": "1995-09-30",
    "symbol": "LMT",
    "reportedCurrency": "USD",
    "cik": "0000936468",
    "fillingDate": "1995-11-13",
    "acceptedDate": "1995-11-13 16:06:00",
    "calendarYear": "1995",
    "period": "Q3",
    "revenue": 5551000000,
    "costOfRevenue": 5041000000,
    "grossProfit": 510000000,
    "grossProfitRatio": 0.0918753378,
    "researchAndDevelopmentExpenses": 0,
    "generalAndAdministrativeExpenses": 0,
    "sellingAndMarketingExpenses": 0,
    "sellingGeneralAndAdministrativeExpenses": 0,
    "otherExpenses": 0,
    "operatingExpenses": 0,
    "costAndExpenses": 5041000000,
    "interestIncome": 0,
    "interestExpense": 70000000,
    "depreciationAndAmortization": 200000000,
    "ebitda": 710000000,
    "ebitdaratio": 0.127904882,
    "operatingIncome": 510000000,
    "operatingIncomeRatio": 0.0918753378,
    "totalOtherIncomeExpensesNet": -46000000,
    "incomeBeforeTax": 464000000,
    "incomeBeforeTaxRatio": 0.0835885426,
    "incomeTaxExpense": 177000000,
    "netIncome": 287000000,
    "netIncomeRatio": 0.051702396,
    "eps": 0.72,
    "epsdiluted": 0.64,
    "weightedAverageShsOut": 397600000,
    "weightedAverageShsOutDil": 446200000,
    "link": "https://www.sec.gov/Archives/edgar/data/936468/000095010995004654/0000950109-95-004654-index.htm",
    "finalLink": "https://www.sec.gov/Archives/edgar/data/936468/000095010995004654/"
  }
]