[
  {
    "date": "2024-12-31",
    "symbol": "LMT",
    "reportedCurrency": "USD",
    "cik": "0000936468",
    "fillingDate": "2025-01-28",
    "acceptedDate": "2025-01-28 16:12:50",
    "calendarYear": "2024",
    "period": "FY",
    "revenue": 71043000000,
    "costOfRevenue": 64113000000,
    "grossProfit": 6930000000,
    "grossProfitRatio": 0.0975465563,
    "researchAndDevelopmentExpenses": 0,
    "generalAndAdministrativeExpenses": 0,
    "sellingAndMarketingExpenses": 0,
    "sellingGeneralAndAdministrativeExpenses": 0,
    "otherExpenses": -83000000,
    "operatingExpenses": -83000000,
    "costAndExpenses": 64030000000,
    "interestIncome": 0,
    "interestExpense": 1036000000,
    "depreciationAndAmortization": 1560000000,
    "ebitda": 8816000000,
    "ebitdaratio": 0.1240938586,
    "operatingIncome": 7013000000,
    "operatingIncomeRatio": 0.0987148628,
    "totalOtherIncomeExpensesNet": -793000000,
    "incomeBeforeTax": 6220000000,
    "incomeBeforeTaxRatio": 0.087552609,
    "incomeTaxExpense": 884000000,
    "netIncome": 5336000000,
    "netIncomeRatio": 0.0751094408,
    "eps": 22.39,
    "epsdiluted": 22.31,
    "weightedAverageShsOut": 238300000,
    "weightedAverageShsOutDil": 239200000,
    "link": "https://www.sec.gov/Archives/edgar/data/936468/000093646825000009/0000936468-25-000009-index.htm",
    "finalLink": "https://www.sec.gov/Archives/edgar/data/936468/000093646825000009/lmt-20241231.htm"
  },
  {
    "date": "2023-12-31",
    "symbol": "LMT",
    "reportedCurrency": "USD",
    "cik": "0000936468",
    "fillingDate": "2024-01-23",
    "acceptedDate": "2024-01-23 16:17:08",
    "calendarYear": "2023",
    "period": "FY",
    "revenue": 67571000000,
    "costOfRevenue": 59092000000,
    "grossProfit": 8479000000,
    "grossProfitRatio": 0.1254828255,
    "researchAndDevelopmentExpenses": 0,
    "generalAndAdministrativeExpenses": 0,
    "sellingAndMarketingExpenses": 0,
    "sellingGeneralAndAdministrativeExpenses": 0,
    "otherExpenses": -28000000,
    "operatingExpenses": -28000000,
    "costAndExpenses": 59064000000,
    "interestIncome": 0,
    "interestExpense": 916000000,
    "depreciationAndAmortization": 1430000000,
    "ebitda": 10444000000,
    "ebitdaratio": 0.1545633482,
    "operatingIncome": 8507000000,
    "operatingIncomeRatio": 0.1258972044,
    "totalOtherIncomeExpensesNet": -409000000,
    "incomeBeforeTax": 8098000000,
    "incomeBeforeTaxRatio": 0.1198443119,
    "incomeTaxExpense": 1178000000,
    "netIncome": 6920000000,
    "netIncomeRatio": 0.1024107975,
    "eps": 27.65,
    "epsdiluted": 27.55,
    "weightedAverageShsOut": 250300000,
    "weightedAverageShsOutDil": 251200000,
    "link": "https://www.sec.gov/Archives/edgar/data/936468/000093646824000010/0000936468-24-000010-index.htm",
    "finalLink": "https://www.sec.gov/Archives/edgar/data/936468/000093646824000010/lmt-20231231.htm"
  },
  {
    "date": "2022-12-31",
    "symbol": "LMT",
    "reportedCurrency": "USD",
    "cik": "0000936468",
    "fillingDate": "2023-01-26",
    "acceptedDate": "2023-01-26 16:29:45",
    "calendarYear": "2022",
    "period": "FY",
    "revenue": 65984000000,
    "costOfRevenue": 57697000000,
    "grossProfit": 8287000000,
    "grossProfitRatio": 0.1255910524,
    "researchAndDevelopmentExpenses": 0,
    "generalAndAdministrativeExpenses": 0,
    "sellingAndMarketingExpenses": 0,
    "sellingGeneralAndAdministrativeExpenses": 0,
    "otherExpenses": -61000000,
    "operatingExpenses": -61000000,
    "costAndExpenses": 57636000000,
    "interestIncome": 0,
    "interestExpense": 623000000,
    "depreciationAndAmortization": 1404000000,
    "ebitda": 8707000000,
    "ebitdaratio": 0.1319562318,
    "operatingIncome": 8348000000,
    "operatingIncomeRatio": 0.1265155189,
    "totalOtherIncomeExpensesNet": -1668000000,
    "incomeBeforeTax": 6680000000,
    "incomeBeforeTaxRatio": 0.1012366634,
    "incomeTaxExpense": 948000000,
    "netIncome": 5732000000,
    "netIncomeRatio": 0.0868695441,
    "eps": 21.74,
    "epsdiluted": 21.66,
    "weightedAverageShsOut": 263700000,
    "weightedAverageShsOutDil": 264600000,
    "link": "https://www.sec.gov/Archives/edgar/data/936468/000093646823000009/0000936468-23-000009-index.htm",
    "finalLink": "https://www.sec.gov/Archives/edgar/data/936468/000093646823000009/lmt-20221231.htm"
  },
  {
    "date": "2021-12-31",
    "symbol": "LMT",
    "reportedCurrency": "USD",
    "cik": "0000936468",
    "fillingDate": "2022-01-25",
    "acceptedDate": "2022-01-25 07:58:39",
    "calendarYear": "2021",
    "period": "FY",
    "revenue": 67044000000,
    "costOfRevenue": 57983000000,
    "grossProfit": 9061000000,
    "grossProfitRatio": 0.1351500507,
    "researchAndDevelopmentExpenses": 0,
    "generalAndAdministrativeExpenses": 0,
    "sellingAndMarketingExpenses": 0,
    "sellingGeneralAndAdministrativeExpenses": 0,
    "otherExpenses": -62000000,
    "operatingExpenses": -62000000,
    "costAndExpenses": 57921000000,
    "interestIncome": 0,
    "interestExpense": 569000000,
    "depreciationAndAmortization": 1364000000,
    "ebitda": 9483000000,
    "ebitdaratio": 0.1414444246,
    "operatingIncome": 9123000000,
    "operatingIncomeRatio": 0.1360748165,
    "totalOtherIncomeExpensesNet": -1573000000,
    "incomeBeforeTax": 7550000000,
    "incomeBeforeTaxRatio": 0.1126126126,
    "incomeTaxExpense": 1235000000,
    "netIncome": 6315000000,
    "netIncomeRatio": 0.094191874,
    "eps": 22.85,
    "epsdiluted": 22.77,
    "weightedAverageShsOut": 276400000,
    "weightedAverageShsOutDil": 277400000,
    "link": "https://www.sec.gov/Archives/edgar/data/936468/000093646822000008/0000936468-22-000008-index.htm",
    "finalLink": "https://www.sec.gov/Archives/edgar/data/936468/000093646822000008/lmt-20211231.htm"
  },
  {
    "date": "2020-12-31",
    "symbol": "LMT",
    "reportedCurrency": "USD",
    "cik": "0000936468",
    "fillingDate": "2021-01-28",
    "acceptedDate": "2021-01-28 17:08:55",
    "calendarYear": "2020",
    "period": "FY",
    "revenue": 65398000000,
    "costOfRevenue": 56744000000,
    "grossProfit": 8654000000,
    "grossProfitRatio": 0.1323282058,
    "researchAndDevelopmentExpenses": 0,
    "generalAndAdministrativeExpenses": 0,
    "sellingAndMarketingExpenses": 0,
    "sellingGeneralAndAdministrativeExpenses": 0,
    "otherExpenses": 10000000,
    "operatingExpenses": 10000000,
    "costAndExpenses": 56754000000,
    "interestIncome": 0,
    "interestExpense": 591000000,
    "depreciationAndAmortization": 1290000000,
    "ebitda": 10116000000,
    "ebitdaratio": 0.1546836295,
    "operatingIncome": 8644000000,
    "operatingIncomeRatio": 0.1321752959,
    "totalOtherIncomeExpensesNet": -409000000,
    "incomeBeforeTax": 8235000000,
    "incomeBeforeTaxRatio": 0.125921282,
    "incomeTaxExpense": 1347000000,
    "netIncome": 6833000000,
    "netIncomeRatio": 0.1044833175,
    "eps": 24.4,
    "epsdiluted": 24.3,
    "weightedAverageShsOut": 280000000,
    "weightedAverageShsOutDil": 281200000,
    "link": "https://www.sec.gov/Archives/edgar/data/936468/000093646821000013/0000936468-21-000013-index.htm",
    "finalLink": "https://www.sec.gov/Archives/edgar/data/936468/000093646821000013/lmt-20201231.htm"
  },
  {
    "date": "2019-12-31",
    "symbol": "LMT",
    "reportedCurrency": "USD",
    "cik": "0000936468",
    "fillingDate": "2020-02-07",
    "acceptedDate": "2020-02-07 11:44:16",
    "calendarYear": "2019",
    "period": "FY",
    "revenue": 59812000000,
    "costOfRevenue": 51445000000,
    "grossProfit": 8367000000,
    "grossProfitRatio": 0.1398883167,
    "researchAndDevelopmentExpenses": 0,
    "generalAndAdministrativeExpenses": 0,
    "sellingAndMarketingExpenses": 0,
    "sellingGeneralAndAdministrativeExpenses": 0,
    "otherExpenses": -178000000,
    "operatingExpenses": -178000000,
    "costAndExpenses": 51267000000,
    "interestIncome": 0,
    "interestExpense": 653000000,
    "depreciationAndAmortization": 1189000000,
    "ebitda": 9083000000,
    "ebitdaratio": 0.1518591587,
    "operatingIncome": 8545000000,
    "operatingIncomeRatio": 0.1428643082,
    "totalOtherIncomeExpensesNet": -1304000000,
    "incomeBeforeTax": 7241000000,
    "incomeBeforeTaxRatio": 0.121062663,
    "incomeTaxExpense": 1011000000,
    "netIncome": 6230000000,
    "netIncomeRatio": 0.1041597004,
    "eps": 22.09,
    "epsdiluted": 21.95,
    "weightedAverageShsOut": 282000000,
    "weightedAverageShsOutDil": 283800000,
    "link": "https://www.sec.gov/Archives/edgar/data/936468/000093646820000016/0000936468-20-000016-index.htm",
    "finalLink": "https://www.sec.gov/Archives/edgar/data/936468/000093646820000016/lmtq4201910k.htm"
  },
  {
    "date": "2018-12-31",
    "symbol": "LMT",
    "reportedCurrency": "USD",
    "cik": "0000936468",
    "fillingDate": "2019-02-08",
    "acceptedDate": "2019-02-08 11:38:57",
    "calendarYear": "2018",
    "period": "FY",
    "revenue": 53762000000,
    "costOfRevenue": 46392000000,
    "grossProfit": 7370000000,
    "grossProfitRatio": 0.1370856739,
    "researchAndDevelopmentExpenses": 0,
    "generalAndAdministrativeExpenses": 0,
    "sellingAndMarketingExpenses": 0,
    "sellingGeneralAndAdministrativeExpenses": 0,
    "otherExpenses": -60000000,
    "operatingExpenses": -60000000,
    "costAndExpenses": 46488000000,
    "interestIncome": 0,
    "interestExpense": 668000000,
    "depreciationAndAmortization": 1161000000,
    "ebitda": 7667000000,
    "ebitdaratio": 0.1426100219,
    "operatingIncome": 7334000000,
    "operatingIncomeRatio": 0.136416056,
    "totalOtherIncomeExpensesNet": -1496000000,
    "incomeBeforeTax": 5838000000,
    "incomeBeforeTaxRatio": 0.1085897102,
    "incomeTaxExpense": 792000000,
    "netIncome": 5046000000,
    "netIncomeRatio": 0.0938581154,
    "eps": 17.74,
    "epsdiluted": 17.59,
    "weightedAverageShsOut": 284500000,
    "weightedAverageShsOutDil": 286800000,
    "link": "https://www.sec.gov/Archives/edgar/data/936468/000093646819000009/0000936468-19-000009-index.htm",
    "finalLink": "https://www.sec.gov/Archives/edgar/data/936468/000093646819000009/lmtq4201810k.htm"
  },
  {
    "date": "2017-12-31",
    "symbol": "LMT",
    "reportedCurrency": "USD",
    "cik": "0000936468",
    "fillingDate": "2018-02-16",
    "acceptedDate": "2018-02-16 16:37:09",
    "calendarYear": "2017",
    "period": "FY",
    "revenue": 49960000000,
    "costOfRevenue": 43589000000,
    "grossProfit": 6371000000,
    "grossProfitRatio": 0.1275220176,
    "researchAndDevelopmentExpenses": 0,
    "generalAndAdministrativeExpenses": 0,
    "sellingAndMarketingExpenses": 0,
    "sellingGeneralAndAdministrativeExpenses": 0,
    "otherExpenses": 372000000,
    "operatingExpenses": -373000000,
    "costAndExpenses": 43216000000,
    "interestIncome": 0,
    "interestExpense": 651000000,
    "depreciationAndAmortization": 1195000000,
    "ebitda": 7092000000,
    "ebitdaratio": 0.1419535629,
    "operatingIncome": 6744000000,
    "operatingIncomeRatio": 0.1349879904,
    "totalOtherIncomeExpensesNet": -1498000000,
    "incomeBeforeTax": 5269000000,
    "incomeBeforeTaxRatio": 0.1054643715,
    "incomeTaxExpense": 3340000000,
    "netIncome": 2002000000,
    "netIncomeRatio": 0.0400720576,
    "eps": 6.96,
    "epsdiluted": 6.89,
    "weightedAverageShsOut": 287800000,
    "weightedAverageShsOutDil": 290600000,
    "link": "https://www.sec.gov/Archives/edgar/data/936468/000093646818000013/0000936468-18-000013-index.htm",
    "finalLink": "https://www.sec.gov/Archives/edgar/data/936468/000093646818000013/lmtq4201710ka.htm"
  },
  {
    "date": "2016-12-31",
    "symbol": "LMT",
    "reportedCurrency": "USD",
    "cik": "0000936468",
    "fillingDate": "2017-02-09",
    "acceptedDate": "2017-02-09 16:32:41",
    "calendarYear": "2016",
    "period": "FY",
    "revenue": 47290000000,
    "costOfRevenue": 41889000000,
    "grossProfit": 5401000000,
    "grossProfitRatio": 0.1142101924,
    "researchAndDevelopmentExpenses": 0,
    "generalAndAdministrativeExpenses": 0,
    "sellingAndMarketingExpenses": 0,
    "sellingGeneralAndAdministrativeExpenses": 0,
    "otherExpenses": -487000000,
    "operatingExpenses": -487000000,
    "costAndExpenses": 41402000000,
    "interestIncome": 0,
    "interestExpense": 663000000,
    "depreciationAndAmortization": 1215000000,
    "ebitda": 6632000000,
    "ebitdaratio": 0.1402410658,
    "operatingIncome": 5888000000,
    "operatingIncomeRatio": 0.1245083527,
    "totalOtherIncomeExpensesNet": -1134000000,
    "incomeBeforeTax": 4886000000,
    "incomeBeforeTaxRatio": 0.1033199408,
    "incomeTaxExpense": 1133000000,
    "netIncome": 5302000000,
    "netIncomeRatio": 0.1121167266,
    "eps": 17.71,
    "epsdiluted": 17.49,
    "weightedAverageShsOut": 299300000,
    "weightedAverageShsOutDil": 303100000,
    "link": "https://www.sec.gov/Archives/edgar/data/936468/000119312517036192/0001193125-17-036192-index.htm",
    "finalLink": "https://www.sec.gov/Archives/edgar/data/936468/000119312517036192/d290249d10k.htm"
  },
  {
    "date": "2015-12-31",
    "symbol": "LMT",
    "reportedCurrency": "USD",
    "cik": "0000936468",
    "fillingDate": "2016-02-24",
    "acceptedDate": "2016-02-24 17:21:12",
    "calendarYear": "2015",
    "period": "FY",
    "revenue": 40536000000,
    "costOfRevenue": 36044000000,
    "grossProfit": 4492000000,
    "grossProfitRatio": 0.110815078,
    "researchAndDevelopmentExpenses": 0,
    "generalAndAdministrativeExpenses": 0,
    "sellingAndMarketingExpenses": 0,
    "sellingGeneralAndAdministrativeExpenses": 0,
    "otherExpenses": -220000000,
    "operatingExpenses": -220000000,
    "costAndExpenses": 35824000000,
    "interestIncome": 0,
    "interestExpense": 443000000,
    "depreciationAndAmortization": 1026000000,
    "ebitda": 5768000000,
    "ebitdaratio": 0.1422932702,
    "operatingIncome": 4712000000,
    "operatingIncomeRatio": 0.1162423525,
    "totalOtherIncomeExpensesNet": -413000000,
    "incomeBeforeTax": 5023000000,
    "incomeBeforeTaxRatio": 0.1239145451,
    "incomeTaxExpense": 1418000000,
    "netIncome": 3605000000,
    "netIncomeRatio": 0.0889332939,
    "eps": 11.62,
    "epsdiluted": 11.46,
    "weightedAverageShsOut": 310300000,
    "weightedAverageShsOutDil": 314700000,
    "link": "https://www.sec.gov/Archives/edgar/data/936468/000119312516476010/0001193125-16-476010-index.htm",
    "finalLink": "https://www.sec.gov/Archives/edgar/data/936468/000119312516476010/d62685d10k.htm"
  },
  {
    "date": "2014-12-31",
    "symbol": "LMT",
    "reportedCurrency": "USD",
    "cik": "0000936468",
    "fillingDate": "2015-02-09",
    "acceptedDate": "2015-02-09 12:39:42",
    "calendarYear": "2014",
    "period": "FY",
    "revenue": 39946000000,
    "costOfRevenue": 35263000000,
    "grossProfit": 4683000000,
    "grossProfitRatio": 0.1172332649,
    "researchAndDevelopmentExpenses": 0,
    "generalAndAdministrativeExpenses": 0,
    "sellingAndMarketingExpenses": 0,
    "sellingGeneralAndAdministrativeExpenses": 0,
    "otherExpenses": -329000000,
    "operatingExpenses": -329000000,
    "costAndExpenses": 34934000000,
    "interestIncome": 0,
    "interestExpense": 340000000,
    "depreciationAndAmortization": 994000000,
    "ebitda": 6011000000,
    "ebitdaratio": 0.1504781455,
    "operatingIncome": 5592000000,
    "operatingIncomeRatio": 0.1399889851,
    "totalOtherIncomeExpensesNet": -334000000,
    "incomeBeforeTax": 5258000000,
    "incomeBeforeTaxRatio": 0.1316276974,
    "incomeTaxExpense": 1644000000,
    "netIncome": 3614000000,
    "netIncomeRatio": 0.0904721374,
    "eps": 11.41,
    "epsdiluted": 11.21,
    "weightedAverageShsOut": 316800000,
    "weightedAverageShsOutDil": 322400000,
    "link": "https://www.sec.gov/Archives/edgar/data/936468/000119312515038681/0001193125-15-038681-index.htm",
    "finalLink": "https://www.sec.gov/Archives/edgar/data/936468/000119312515038681/d808572d10k.htm"
  },
  {
    "date": "2013-12-31",
    "symbol": "LMT",
    "reportedCurrency": "USD",
    "cik": "0000936468",
    "fillingDate": "2014-02-14",
    "acceptedDate": "2014-02-14 16:51:11",
    "calendarYear": "2013",
    "period": "FY",
    "revenue": 45358000000,
    "costOfRevenue": 40775000000,
    "grossProfit": 4583000000,
    "grossProfitRatio": 0.1010406103,
    "researchAndDevelopmentExpenses": 697000000,
    "generalAndAdministrativeExpenses": 0,
    "sellingAndMarketingExpenses": 0,
    "sellingGeneralAndAdministrativeExpenses": 0,
    "otherExpenses": -318000000,
    "operatingExpenses": -318000000,
    "costAndExpenses": 40853000000,
    "interestIncome": 0,
    "interestExpense": 350000000,
    "depreciationAndAmortization": 990000000,
    "ebitda": 5495000000,
    "ebitdaratio": 0.1211473169,
    "operatingIncome": 4505000000,
    "operatingIncomeRatio": 0.0993209577,
    "totalOtherIncomeExpensesNet": -350000000,
    "incomeBeforeTax": 4155000000,
    "incomeBeforeTaxRatio": 0.0916045681,
    "incomeTaxExpense": 1205000000,
    "netIncome": 2981000000,
    "netIncomeRatio": 0.0657215927,
    "eps": 9.29,
    "epsdiluted": 9.13,
    "weightedAverageShsOut": 320900000,
    "weightedAverageShsOutDil": 326500000,
    "link": "https://www.sec.gov/Archives/edgar/data/936468/000119312514055034/0001193125-14-055034-index.htm",
    "finalLink": "https://www.sec.gov/Archives/edgar/data/936468/000119312514055034/d621068d10k.htm"
  },
  {
    "date": "2012-12-31",
    "symbol": "LMT",
    "reportedCurrency": "USD",
    "cik": "0000936468",
    "fillingDate": "2013-02-28",
    "acceptedDate": "2013-02-28 11:47:11",
    "calendarYear": "2012",
    "period": "FY",
    "revenue": 47182000000,
    "costOfRevenue": 42938000000,
    "grossProfit": 4244000000,
    "grossProfitRatio": 0.089949557,
    "researchAndDevelopmentExpenses": 616000000,
    "generalAndAdministrativeExpenses": 0,
    "sellingAndMarketingExpenses": 0,
    "sellingGeneralAndAdministrativeExpenses": 0,
    "otherExpenses": 259000000,
    "operatingExpenses": -238000000,
    "costAndExpenses": 42986000000,
    "interestIncome": 0,
    "interestExpense": 383000000,
    "depreciationAndAmortization": 988000000,
    "ebitda": 5443000000,
    "ebitdaratio": 0.1153617905,
    "operatingIncome": 4434000000,
    "operatingIncomeRatio": 0.0939765165,
    "totalOtherIncomeExpensesNet": -362000000,
    "incomeBeforeTax": 4072000000,
    "incomeBeforeTaxRatio": 0.086304099,
    "incomeTaxExpense": 1327000000,
    "netIncome": 2745000000,
    "netIncomeRatio": 0.0581789666,
    "eps": 8.48,
    "epsdiluted": 8.36,
    "weightedAverageShsOut": 323700000,
    "weightedAverageShsOutDil": 328400000,
    "link": "https://www.sec.gov/Archives/edgar/data/936468/000119312513082873/0001193125-13-082873-index.htm",
    "finalLink": "https://www.sec.gov/Archives/edgar/data/936468/000119312513082873/d428940d10k.htm"
  },
  {
    "date": "2011-12-31",
    "symbol": "LMT",
    "reportedCurrency": "USD",
    "cik": "0000936468",
    "fillingDate": "2012-02-23",
    "acceptedDate": "2012-02-23 14:21:16",
    "calendarYear": "2011",
    "period": "FY",
    "revenue": 46499000000,
    "costOfRevenue": 42795000000,
    "grossProfit": 3704000000,
    "grossProfitRatio": 0.079657627,
    "researchAndDevelopmentExpenses": 0,
    "generalAndAdministrativeExpenses": 0,
    "sellingAndMarketingExpenses": 0,
    "sellingGeneralAndAdministrativeExpenses": 0,
    "otherExpenses": 0,
    "operatingExpenses": -276000000,
    "costAndExpenses": 42795000000,
    "interestIncome": 0,
    "interestExpense": 354000000,
    "depreciationAndAmortization": 1008000000,
    "ebitda": 4993000000,
    "ebitdaratio": 0.1073786533,
    "operatingIncome": 3980000000,
    "operatingIncomeRatio": 0.0855932386,
    "totalOtherIncomeExpensesNet": -349000000,
    "incomeBeforeTax": 3631000000,
    "incomeBeforeTaxRatio": 0.0780877008,
    "incomeTaxExpense": 964000000,
    "netIncome": 2655000000,
    "netIncomeRatio": 0.0570980021,
    "eps": 7.9,
    "epsdiluted": 7.81,
    "weightedAverageShsOut": 335900000,
    "weightedAverageShsOutDil": 339900000,
    "link": "https://www.sec.gov/Archives/edgar/data/936468/000119312512074929/0001193125-12-074929-index.htm",
    "finalLink": "https://www.sec.gov/Archives/edgar/data/936468/000119312512074929/d221578d10k.htm"
  },
  {
    "date": "2010-12-31",
    "symbol": "LMT",
    "reportedCurrency": "USD",
    "cik": "0000936468",
    "fillingDate": "2011-02-25",
    "acceptedDate": "2011-02-24 18:26:38",
    "calendarYear": "2010",
    "period": "FY",
    "revenue": 45803000000,
    "costOfRevenue": 41967000000,
    "grossProfit": 3836000000,
    "grossProfitRatio": 0.0837499727,
    "researchAndDevelopmentExpenses": 0,
    "generalAndAdministrativeExpenses": 0,
    "sellingAndMarketingExpenses": 0,
    "sellingGeneralAndAdministrativeExpenses": 0,
    "otherExpenses": 0,
    "operatingExpenses": -261000000,
    "costAndExpenses": 41967000000,
    "interestIncome": 0,
    "interestExpense": 345000000,
    "depreciationAndAmortization": 1052000000,
    "ebitda": 5175000000,
    "ebitdaratio": 0.1129838657,
    "operatingIncome": 4097000000,
    "operatingIncomeRatio": 0.0894482894,
    "totalOtherIncomeExpensesNet": -271000000,
    "incomeBeforeTax": 3826000000,
    "incomeBeforeTaxRatio": 0.0835316464,
    "incomeTaxExpense": 1181000000,
    "netIncome": 2926000000,
    "netIncomeRatio": 0.0638822785,
    "eps": 8.03,
    "epsdiluted": 7.94,
    "weightedAverageShsOut": 364200000,
    "weightedAverageShsOutDil": 368300000,
    "link": "https://www.sec.gov/Archives/edgar/data/936468/000119312511045739/0001193125-11-045739-index.htm",
    "finalLink": "https://www.sec.gov/Archives/edgar/data/936468/000119312511045739/d10k.htm"
  },
  {
    "date": "2009-12-31",
    "symbol": "LMT",
    "reportedCurrency": "USD",
    "cik": "0000936468",
    "fillingDate": "2010-02-25",
    "acceptedDate": "2010-02-25 15:13:34",
    "calendarYear": "2009",
    "period": "FY",
    "revenue": 45189000000,
    "costOfRevenue": 40965000000,
    "grossProfit": 4224000000,
    "grossProfitRatio": 0.0934740755,
    "researchAndDevelopmentExpenses": 0,
    "generalAndAdministrativeExpenses": 0,
    "sellingAndMarketingExpenses": 0,
    "sellingGeneralAndAdministrativeExpenses": 0,
    "otherExpenses": 242000000,
    "operatingExpenses": 242000000,
    "costAndExpenses": 40965000000,
    "interestIncome": 0,
    "interestExpense": 305000000,
    "depreciationAndAmortization": 859000000,
    "ebitda": 5325000000,
    "ebitdaratio": 0.117838412,
    "operatingIncome": 4466000000,
    "operatingIncomeRatio": 0.0988293611,
    "totalOtherIncomeExpensesNet": -83000000,
    "incomeBeforeTax": 4284000000,
    "incomeBeforeTaxRatio": 0.0948018323,
    "incomeTaxExpense": 1260000000,
    "netIncome": 3024000000,
    "netIncomeRatio": 0.0669189405,
    "eps": 7.86,
    "epsdiluted": 7.78,
    "weightedAverageShsOut": 384800000,
    "weightedAverageShsOutDil": 388900000,
    "link": "https://www.sec.gov/Archives/edgar/data/936468/000119312510040520/0001193125-10-040520-index.htm",
    "finalLink": "https://www.sec.gov/Archives/edgar/data/936468/000119312510040520/d10k.htm"
  },
  {
    "date": "2008-12-31",
    "symbol": "LMT",
    "reportedCurrency": "USD",
    "cik": "0000936468",
    "fillingDate": "2009-02-26",
    "acceptedDate": "2009-02-26 13:09:36",
    "calendarYear": "2008",
    "period": "FY",
    "revenue": 42731000000,
    "costOfRevenue": 38082000000,
    "grossProfit": 4649000000,
    "grossProfitRatio": 0.1087968922,
    "researchAndDevelopmentExpenses": 0,
    "generalAndAdministrativeExpenses": 0,
    "sellingAndMarketingExpenses": 0,
    "sellingGeneralAndAdministrativeExpenses": 0,
    "otherExpenses": 482000000,
    "operatingExpenses": 482000000,
    "costAndExpenses": 38082000000,
    "interestIncome": 0,
    "interestExpense": 341000000,
    "depreciationAndAmortization": 845000000,
    "ebitda": 5938000000,
    "ebitdaratio": 0.1389623458,
    "operatingIncome": 5131000000,
    "operatingIncomeRatio": 0.1200767593,
    "totalOtherIncomeExpensesNet": -423000000,
    "incomeBeforeTax": 4702000000,
    "incomeBeforeTaxRatio": 0.1100372095,
    "incomeTaxExpense": 1485000000,
    "netIncome": 3217000000,
    "netIncomeRatio": 0.075284922,
    "eps": 8.05,
    "epsdiluted": 7.86,
    "weightedAverageShsOut": 399700000,
    "weightedAverageShsOutDil": 409400000,
    "link": "https://www.sec.gov/Archives/edgar/data/936468/000119312509038670/0001193125-09-038670-index.htm",
    "finalLink": "https://www.sec.gov/Archives/edgar/data/936468/000119312509038670/d10k.htm"
  },
  {
    "date": "2007-12-31",
    "symbol": "LMT",
    "reportedCurrency": "USD",
    "cik": "0000936468",
    "fillingDate": "2008-02-28",
    "acceptedDate": "2008-02-28 16:21:01",
    "calendarYear": "2007",
    "period": "FY",
    "revenue": 41862000000,
    "costOfRevenue": 37628000000,
    "grossProfit": 4234000000,
    "grossProfitRatio": 0.101141847,
    "researchAndDevelopmentExpenses": 0,
    "generalAndAdministrativeExpenses": 0,
    "sellingAndMarketingExpenses": 0,
    "sellingGeneralAndAdministrativeExpenses": 0,
    "otherExpenses": 293000000,
    "operatingExpenses": 293000000,
    "costAndExpenses": 37628000000,
    "interestIncome": 0,
    "interestExpense": 352000000,
    "depreciationAndAmortization": 819000000,
    "ebitda": 5539000000,
    "ebitdaratio": 0.132315704,
    "operatingIncome": 4527000000,
    "operatingIncomeRatio": 0.1081410348,
    "totalOtherIncomeExpensesNet": -159000000,
    "incomeBeforeTax": 4368000000,
    "incomeBeforeTaxRatio": 0.1043428408,
    "incomeTaxExpense": 1335000000,
    "netIncome": 3033000000,
    "netIncomeRatio": 0.0724523434,
    "eps": 7.29,
    "epsdiluted": 7.1,
    "weightedAverageShsOut": 416000000,
    "weightedAverageShsOutDil": 427100000,
    "link": "https://www.sec.gov/Archives/edgar/data/936468/000119312508041793/0001193125-08-041793-index.htm",
    "finalLink": "https://www.sec.gov/Archives/edgar/data/936468/000119312508041793/d10k.htm"
  },
  {
    "date": "2006-12-31",
    "symbol": "LMT",
    "reportedCurrency": "USD",
    "cik": "0000936468",
    "fillingDate": "2007-02-26",
    "acceptedDate": "2007-02-26 17:21:47",
    "calendarYear": "2006",
    "period": "FY",
    "revenue": 39620000000,
    "costOfRevenue": 36186000000,
    "grossProfit": 3434000000,
    "grossProfitRatio": 0.0866733973,
    "researchAndDevelopmentExpenses": 0,
    "generalAndAdministrativeExpenses": 0,
    "sellingAndMarketingExpenses": 0,
    "sellingGeneralAndAdministrativeExpenses": 0,
    "otherExpenses": 519000000,
    "operatingExpenses": 519000000,
    "costAndExpenses": 36186000000,
    "interestIncome": 0,
    "interestExpense": 361000000,
    "depreciationAndAmortization": 764000000,
    "ebitda": 4198000000,
    "ebitdaratio": 0.1059565876,
    "operatingIncome": 3953000000,
    "operatingIncomeRatio": 0.099772842,
    "totalOtherIncomeExpensesNet": 158000000,
    "incomeBeforeTax": 3592000000,
    "incomeBeforeTaxRatio": 0.0906612822,
    "incomeTaxExpense": 1063000000,
    "netIncome": 2529000000,
    "netIncomeRatio": 0.0638313983,
    "eps": 5.91,
    "epsdiluted": 5.8,
    "weightedAverageShsOut": 428100000,
    "weightedAverageShsOutDil": 436400000,
    "link": "https://www.sec.gov/Archives/edgar/data/936468/000119312507039899/0001193125-07-039899-index.htm",
    "finalLink": "https://www.sec.gov/Archives/edgar/data/936468/000119312507039899/d10k.htm"
  },
  {
    "date": "2005-12-31",
    "symbol": "LMT",
    "reportedCurrency": "USD",
    "cik": "0000936468",
    "fillingDate": "2006-02-28",
    "acceptedDate": "2006-02-28 13:22:07",
    "calendarYear": "2005",
    "period": "FY",
    "revenue": 37213000000,
    "costOfRevenue": 34676000000,
    "grossProfit": 2537000000,
    "grossProfitRatio": 0.0681751001,
    "researchAndDevelopmentExpenses": 0,
    "generalAndAdministrativeExpenses": 0,
    "sellingAndMarketingExpenses": 0,
    "sellingGeneralAndAdministrativeExpenses": 0,
    "otherExpenses": 449000000,
    "operatingExpenses": 449000000,
    "costAndExpenses": 34676000000,
    "interestIncome": 0,
    "interestExpense": 370000000,
    "depreciationAndAmortization": 705000000,
    "ebitda": 3691000000,
    "ebitdaratio": 0.0991857684,
    "operatingIncome": 2986000000,
    "operatingIncomeRatio": 0.0802407761,
    "totalOtherIncomeExpensesNet": -370000000,
    "incomeBeforeTax": 2616000000,
    "incomeBeforeTaxRatio": 0.0702980141,
    "incomeTaxExpense": 791000000,
    "netIncome": 1825000000,
    "netIncomeRatio": 0.0490420015,
    "eps": 4.14,
    "epsdiluted": 4.09,
    "weightedAverageShsOut": 440300000,
    "weightedAverageShsOutDil": 445700000,
    "link": "https://www.sec.gov/Archives/edgar/data/936468/000119312506040986/0001193125-06-040986-index.htm",
    "finalLink": "https://www.sec.gov/Archives/edgar/data/936468/000119312506040986/d10k.htm"
  },
  {
    "date": "2004-12-31",
    "symbol": "LMT",
    "reportedCurrency": "USD",
    "cik": "0000936468",
    "fillingDate": "2005-02-28",
    "acceptedDate": "2005-02-28 17:24:00",
    "calendarYear": "2004",
    "period": "FY",
    "revenue": 35526000000,
    "costOfRevenue": 33558000000,
    "grossProfit": 1968000000,
    "grossProfitRatio": 0.055396048,
    "researchAndDevelopmentExpenses": 0,
    "generalAndAdministrativeExpenses": 0,
    "sellingAndMarketingExpenses": 0,
    "sellingGeneralAndAdministrativeExpenses": 0,
    "otherExpenses": 121000000,
    "operatingExpenses": 121000000,
    "costAndExpenses": 33558000000,
    "interestIncome": 0,
    "interestExpense": 425000000,
    "depreciationAndAmortization": 656000000,
    "ebitda": 2745000000,
    "ebitdaratio": 0.0772673535,
    "operatingIncome": 2089000000,
    "operatingIncomeRatio": 0.0588020042,
    "totalOtherIncomeExpensesNet": -425000000,
    "incomeBeforeTax": 1664000000,
    "incomeBeforeTaxRatio": 0.0468389349,
    "incomeTaxExpense": 398000000,
    "netIncome": 1266000000,
    "netIncomeRatio": 0.0356358723,
    "eps": 2.86,
    "epsdiluted": 2.83,
    "weightedAverageShsOut": 443100000,
    "weightedAverageShsOutDil": 447100000,
    "link": "https://www.sec.gov/Archives/edgar/data/936468/000119312505038829/0001193125-05-038829-index.htm",
    "finalLink": "https://www.sec.gov/Archives/edgar/data/936468/000119312505038829/d10k.htm"
  },
  {
    "date": "2003-12-31",
    "symbol": "LMT",
    "reportedCurrency": "USD",
    "cik": "0000936468",
    "fillingDate": "2004-03-08",
    "acceptedDate": "2004-03-05 19:57:34",
    "calendarYear": "2003",
    "period": "FY",
    "revenue": 31824000000,
    "costOfRevenue": 29848000000,
    "grossProfit": 1976000000,
    "grossProfitRatio": 0.0620915033,
    "researchAndDevelopmentExpenses": 0,
    "generalAndAdministrativeExpenses": 0,
    "sellingAndMarketingExpenses": 0,
    "sellingGeneralAndAdministrativeExpenses": 0,
    "otherExpenses": 0,
    "operatingExpenses": 0,
    "costAndExpenses": 29848000000,
    "interestIncome": 0,
    "interestExpense": 487000000,
    "depreciationAndAmortization": 609000000,
    "ebitda": 2585000000,
    "ebitdaratio": 0.081228004,
    "operatingIncome": 1976000000,
    "operatingIncomeRatio": 0.0620915033,
    "totalOtherIncomeExpensesNet": -444000000,
    "incomeBeforeTax": 1532000000,
    "incomeBeforeTaxRatio": 0.0481397687,
    "incomeTaxExpense": 479000000,
    "netIncome": 1053000000,
    "netIncomeRatio": 0.0330882353,
    "eps": 2.36,
    "epsdiluted": 2.34,
    "weightedAverageShsOut": 446500000,
    "weightedAverageShsOutDil": 450000000,
    "link": "https://www.sec.gov/Archives/edgar/data/936468/000119312504035751/0001193125-04-035751-index.htm",
    "finalLink": "https://www.sec.gov/Archives/edgar/data/936468/000119312504035751/d10k.htm"
  },
  {
    "date": "2002-12-31",
    "symbol": "LMT",
    "reportedCurrency": "USD",
    "cik": "0000936468",
    "fillingDate": "2003-03-06",
    "acceptedDate": "2003-03-06 17:02:30",
    "calendarYear": "2002",
    "period": "FY",
    "revenue": 26578000000,
    "costOfRevenue": 24629000000,
    "grossProfit": 1949000000,
    "grossProfitRatio": 0.0733313267,
    "researchAndDevelopmentExpenses": 0,
    "generalAndAdministrativeExpenses": 0,
    "sellingAndMarketingExpenses": 0,
    "sellingGeneralAndAdministrativeExpenses": 0,
    "otherExpenses": 0,
    "operatingExpenses": 0,
    "costAndExpenses": 24629000000,
    "interestIncome": 0,
    "interestExpense": 581000000,
    "depreciationAndAmortization": 558000000,
    "ebitda": 1716000000,
    "ebitdaratio": 0.0645646776,
    "operatingIncome": 1949000000,
    "operatingIncomeRatio": 0.0733313267,
    "totalOtherIncomeExpensesNet": -1372000000,
    "incomeBeforeTax": 577000000,
    "incomeBeforeTaxRatio": 0.0217096847,
    "incomeTaxExpense": 44000000,
    "netIncome": 500000000,
    "netIncomeRatio": 0.0188125517,
    "eps": 1.12,
    "epsdiluted": 1.11,
    "weightedAverageShsOut": 445100000,
    "weightedAverageShsOutDil": 452000000,
    "link": "https://www.sec.gov/Archives/edgar/data/936468/000092838503000487/0000928385-03-000487-index.htm",
    "finalLink": "https://www.sec.gov/Archives/edgar/data/936468/000092838503000487/d10k.htm"
  },
  {
    "date": "2001-12-31",
    "symbol": "LMT",
    "reportedCurrency": "USD",
    "cik": "0000936468",
    "fillingDate": "2002-03-07",
    "acceptedDate": "2002-03-07 00:00:00",
    "calendarYear": "2001",
    "period": "FY",
    "revenue": 23990000000,
    "costOfRevenue": 22447000000,
    "grossProfit": 1543000000,
    "grossProfitRatio": 0.064318466,
    "researchAndDevelopmentExpenses": 0,
    "generalAndAdministrativeExpenses": 0,
    "sellingAndMarketingExpenses": 0,
    "sellingGeneralAndAdministrativeExpenses": 0,
    "otherExpenses": 0,
    "operatingExpenses": 0,
    "costAndExpenses": 22447000000,
    "interestIncome": 0,
    "interestExpense": 700000000,
    "depreciationAndAmortization": 823000000,
    "ebitda": 2366000000,
    "ebitdaratio": 0.0986244268,
    "operatingIncome": 1543000000,
    "operatingIncomeRatio": 0.064318466,
    "totalOtherIncomeExpensesNet": -1410000000,
    "incomeBeforeTax": 188000000,
    "incomeBeforeTaxRatio": 0.0078365986,
    "incomeTaxExpense": 109000000,
    "netIncome": -1046000000,
    "netIncomeRatio": -0.0436015006,
    "eps": -2.45,
    "epsdiluted": -2.42,
    "weightedAverageShsOut": 427400000,
    "weightedAverageShsOutDil": 432500000,
    "link": "https://www.sec.gov/Archives/edgar/data/936468/000092838502000673/0000928385-02-000673-index.htm",
    "finalLink": "https://www.sec.gov/Archives/edgar/data/936468/000092838502000673/d10k.txt"
  },
  {
    "date": "2000-12-31",
    "symbol": "LMT",
    "reportedCurrency": "USD",
    "cik": "0000936468",
    "fillingDate": "2001-03-09",
    "acceptedDate": "2001-03-09 00:00:00",
    "calendarYear": "2000",
    "period": "FY",
    "revenue": 25329000000,
    "costOfRevenue": 22747000000,
    "grossProfit": 2582000000,
    "grossProfitRatio": 0.1019384895,
    "researchAndDevelopmentExpenses": 0,
    "generalAndAdministrativeExpenses": 0,
    "sellingAndMarketingExpenses": 0,
    "sellingGeneralAndAdministrativeExpenses": 0,
    "otherExpenses": 0,
    "operatingExpenses": 968000000,
    "costAndExpenses": 23715000000,
    "interestIncome": 0,
    "interestExpense": 919000000,
    "depreciationAndAmortization": 968000000,
    "ebitda": 2138000000,
    "ebitdaratio": 0.0844091753,
    "operatingIncome": 1614000000,
    "operatingIncomeRatio": 0.063721426,
    "totalOtherIncomeExpensesNet": -1328000000,
    "incomeBeforeTax": 286000000,
    "incomeBeforeTaxRatio": 0.0112914051,
    "incomeTaxExpense": 710000000,
    "netIncome": -519000000,
    "netIncomeRatio": -0.020490347,
    "eps": -1.29,
    "epsdiluted": -1.29,
    "weightedAverageShsOut": 400800000,
    "weightedAverageShsOutDil": 402325581,
    "link": "https://www.sec.gov/Archives/edgar/data/936468/000092838501000795/0000928385-01-000795-index.htm",
    "finalLink": "https://www.sec.gov/Archives/edgar/data/936468/000092838501000795/0000928385-01-000795-0001.txt"
  },
  {
    "date": "1999-12-31",
    "symbol": "LMT",
    "reportedCurrency": "USD",
    "cik": "0000936468",
    "fillingDate": "2000-03-09",
    "acceptedDate": "2000-03-09 00:00:00",
    "calendarYear": "1999",
    "period": "FY",
    "revenue": 25530000000,
    "costOfRevenue": 23865000000,
    "grossProfit": 1665000000,
    "grossProfitRatio": 0.0652173913,
    "researchAndDevelopmentExpenses": 0,
    "generalAndAdministrativeExpenses": 0,
    "sellingAndMarketingExpenses": 0,
    "sellingGeneralAndAdministrativeExpenses": 0,
    "otherExpenses": 0,
    "operatingExpenses": 0,
    "costAndExpenses": 23865000000,
    "interestIncome": 0,
    "interestExpense": 809000000,
    "depreciationAndAmortization": 969000000,
    "ebitda": 2634000000,
    "ebitdaratio": 0.103172738,
    "operatingIncome": 1665000000,
    "operatingIncomeRatio": 0.0652173913,
    "totalOtherIncomeExpensesNet": -465000000,
    "incomeBeforeTax": 1200000000,
    "incomeBeforeTaxRatio": 0.0470035253,
    "incomeTaxExpense": 463000000,
    "netIncome": 382000000,
    "netIncomeRatio": 0.0149627889,
    "eps": 1,
    "epsdiluted": 0.99,
    "weightedAverageShsOut": 382000000,
    "weightedAverageShsOutDil": 385858586,
    "link": "https://www.sec.gov/Archives/edgar/data/936468/000092838500000644/0000928385-00-000644-index.htm",
    "finalLink": "https://www.sec.gov/Archives/edgar/data/936468/000092838500000644/0000928385-00-000644.txt"
  },
  {
    "date": "1998-12-31",
    "symbol": "LMT",
    "reportedCurrency": "USD",
    "cik": "0000936468",
    "fillingDate": "1999-03-22",
    "acceptedDate": "1999-03-22 00:00:00",
    "calendarYear": "1998",
    "period": "FY",
    "revenue": 26266000000,
    "costOfRevenue": 23914000000,
    "grossProfit": 2352000000,
    "grossProfitRatio": 0.0895454199,
    "researchAndDevelopmentExpenses": 0,
    "generalAndAdministrativeExpenses": 0,
    "sellingAndMarketingExpenses": 0,
    "sellingGeneralAndAdministrativeExpenses": 0,
    "otherExpenses": 0,
    "operatingExpenses": 0,
    "costAndExpenses": 23914000000,
    "interestIncome": 0,
    "interestExpense": 861000000,
    "depreciationAndAmortization": 1005000000,
    "ebitda": 3357000000,
    "ebitdaratio": 0.1278078124,
    "operatingIncome": 2352000000,
    "operatingIncomeRatio": 0.0895454199,
    "totalOtherIncomeExpensesNet": -691000000,
    "incomeBeforeTax": 1661000000,
    "incomeBeforeTaxRatio": 0.0632376456,
    "incomeTaxExpense": 660000000,
    "netIncome": 1001000000,
    "netIncomeRatio": 0.0381101043,
    "eps": 2.66,
    "epsdiluted": 2.63,
    "weightedAverageShsOut": 376500000,
    "weightedAverageShsOutDil": 381100000,
    "link": "https://www.sec.gov/Archives/edgar/data/936468/000092838599000878/0000928385-99-000878-index.html",
    "finalLink": "https://www.sec.gov/Archives/edgar/data/936468/"
  },
  {
    "date": "1997-12-31",
    "symbol": "LMT",
    "reportedCurrency": "USD",
    "cik": "0000936468",
    "fillingDate": "1998-03-19",
    "acceptedDate": "1998-03-19 00:00:00",
    "calendarYear": "1997",
    "period": "FY",
    "revenue": 28069000000,
    "costOfRevenue": 25772000000,
    "grossProfit": 2297000000,
    "grossProfitRatio": 0.0818340518,
    "researchAndDevelopmentExpenses": 0,
    "generalAndAdministrativeExpenses": 0,
    "sellingAndMarketingExpenses": 0,
    "sellingGeneralAndAdministrativeExpenses": 0,
    "otherExpenses": 0,
    "operatingExpenses": 0,
    "costAndExpenses": 25772000000,
    "interestIncome": 0,
    "interestExpense": 842000000,
    "depreciationAndAmortization": 1052000000,
    "ebitda": 3349000000,
    "ebitdaratio": 0.1193131212,
    "operatingIncome": 2297000000,
    "operatingIncomeRatio": 0.0818340518,
    "totalOtherIncomeExpensesNet": -360000000,
    "incomeBeforeTax": 1937000000,
    "incomeBeforeTaxRatio": 0.0690085147,
    "incomeTaxExpense": 637000000,
    "netIncome": 1300000000,
    "netIncomeRatio": 0.0463144394,
    "eps": 3.51,
    "epsdiluted": 3.51,
    "weightedAverageShsOut": 370600000,
    "weightedAverageShsOutDil": 370600000,
    "link": "https://www.sec.gov/Archives/edgar/data/936468/000095010998001869/0000950109-98-001869-index.html",
    "finalLink": "https://www.sec.gov/Archives/edgar/data/936468/"
  },
  {
    "date": "1996-12-31",
    "symbol": "LMT",
    "reportedCurrency": "USD",
    "cik": "0000936468",
    "fillingDate": "1997-03-14",
    "acceptedDate": "1997-03-14 00:00:00",
    "calendarYear": "1996",
    "period": "FY",
    "revenue": 26875000000,
    "costOfRevenue": 24594000000,
    "grossProfit": 2281000000,
    "grossProfitRatio": 0.0848744186,
    "researchAndDevelopmentExpenses": 0,
    "generalAndAdministrativeExpenses": 0,
    "sellingAndMarketingExpenses": 0,
    "sellingGeneralAndAdministrativeExpenses": 0,
    "otherExpenses": 0,
    "operatingExpenses": 0,
    "costAndExpenses": 24594000000,
    "interestIncome": 0,
    "interestExpense": 700000000,
    "depreciationAndAmortization": 1197000000,
    "ebitda": 3478000000,
    "ebitdaratio": 0.1294139535,
    "operatingIncome": 2281000000,
    "operatingIncomeRatio": 0.0848744186,
    "totalOtherIncomeExpensesNet": -248000000,
    "incomeBeforeTax": 2033000000,
    "incomeBeforeTaxRatio": 0.0756465116,
    "incomeTaxExpense": 686000000,
    "netIncome": 1347000000,
    "netIncomeRatio": 0.0501209302,
    "eps": 3.56,
    "epsdiluted": 3.04,
    "weightedAverageShsOut": 378900000,
    "weightedAverageShsOutDil": 442600000,
    "link": "https://www.sec.gov/Archives/edgar/data/936468/000095010997002222/0000950109-97-002222-index.html",
    "finalLink": "https://www.sec.gov/Archives/edgar/data/936468/"
  },
  {
    "date": "1995-12-31",
    "symbol": "LMT",
    "reportedCurrency": "USD",
    "cik": "0000936468",
    "fillingDate": "1996-03-13",
    "acceptedDate": "1996-03-13 15:16:00",
    "calendarYear": "1995",
    "period": "FY",
    "revenue": 22853000000,
    "costOfRevenue": 20881000000,
    "grossProfit": 1972000000,
    "grossProfitRatio": 0.0862906402,
    "researchAndDevelopmentExpenses": 0,
    "generalAndAdministrativeExpenses": 0,
    "sellingAndMarketingExpenses": 0,
    "sellingGeneralAndAdministrativeExpenses": 0,
    "otherExpenses": -690000000,
    "operatingExpenses": -690000000,
    "costAndExpenses": 20881000000,
    "interestIncome": 0,
    "interestExpense": 288000000,
    "depreciationAndAmortization": 921000000,
    "ebitda": 2212000000,
    "ebitdaratio": 0.0967925436,
    "operatingIncome": 1282000000,
    "operatingIncomeRatio": 0.0560976677,
    "totalOtherIncomeExpensesNet": -193000000,
    "incomeBeforeTax": 1089000000,
    "incomeBeforeTaxRatio": 0.047652387,
    "incomeTaxExpense": 407000000,
    "netIncome": 682000000,
    "netIncomeRatio": 0.029842909,
    "eps": 1.8,
    "epsdiluted": 1.54,
    "weightedAverageShsOut": 378600000,
    "weightedAverageShsOutDil": 442000000,
    "link": "https://www.sec.gov/Archives/edgar/data/936468/000095010996001535/0000950109-96-001535-index.htm",
    "finalLink": "https://www.sec.gov/Archives/edgar/data/936468/000095010996001535/"
  },
  {
    "date": "1994-12-31",
    "symbol": "LMT",
    "reportedCurrency": "USD",
    "cik": "0000936468",
    "fillingDate": "1995-05-10",
    "acceptedDate": "1995-05-09 18:24:00",
    "calendarYear": "1994",
    "period": "FY",
    "revenue": 22906000000,
    "costOfRevenue": 21127000000,
    "grossProfit": 1779000000,
    "grossProfitRatio": 0.0776652405,
    "researchAndDevelopmentExpenses": 0,
    "generalAndAdministrativeExpenses": 0,
    "sellingAndMarketingExpenses": 0,
    "sellingGeneralAndAdministrativeExpenses": 0,
    "otherExpenses": 0,
    "operatingExpenses": 0,
    "costAndExpenses": 21127000000,
    "interestIncome": 0,
    "interestExpense": 304000000,
    "depreciationAndAmortization": 937000000,
    "ebitda": 2716000000,
    "ebitdaratio": 0.1185715533,
    "operatingIncome": 1779000000,
    "operatingIncomeRatio": 0.0776652405,
    "totalOtherIncomeExpensesNet": -104000000,
    "incomeBeforeTax": 1675000000,
    "incomeBeforeTaxRatio": 0.0731249454,
    "incomeTaxExpense": 620000000,
    "netIncome": 1018000000,
    "netIncomeRatio": 0.0444425041,
    "eps": 2.72,
    "epsdiluted": 2.33,
    "weightedAverageShsOut": 374000000,
    "weightedAverageShsOutDil": 436600000,
    "link": "https://www.sec.gov/Archives/edgar/data/936468/000092838595000115/0000928385-95-000115-index.htm",
    "finalLink": "https://www.sec.gov/Archives/edgar/data/936468/000092838595000115/"
  },
  {
    "date": "1993-12-31",
    "symbol": "LMT",
    "reportedCurrency": "USD",
    "cik": "0000936468",
    "fillingDate": "1993-12-31",
    "acceptedDate": "1993-12-31 00:00:00",
    "calendarYear": "1993",
    "period": "FY",
    "revenue": 22397000000,
    "costOfRevenue": 20857000000,
    "grossProfit": 1540000000,
    "grossProfitRatio": 0.0687592088,
    "researchAndDevelopmentExpenses": 0,
    "generalAndAdministrativeExpenses": 0,
    "sellingAndMarketingExpenses": 0,
    "sellingGeneralAndAdministrativeExpenses": 0,
    "otherExpenses": 0,
    "operatingExpenses": 0,
    "costAndExpenses": 20857000000,
    "interestIncome": 0,
    "interestExpense": 278000000,
    "depreciationAndAmortization": 936000000,
    "ebitda": 2476000000,
    "ebitdaratio": 0.1105505202,
    "operatingIncome": 1540000000,
    "operatingIncomeRatio": 0.0687592088,
    "totalOtherIncomeExpensesNet": -234000000,
    "incomeBeforeTax": 1306000000,
    "incomeBeforeTaxRatio": 0.058311381,
    "incomeTaxExpense": 477000000,
    "netIncome": 829000000,
    "netIncomeRatio": 0.0370138858,
    "eps": 2.11,
    "epsdiluted": 1.87,
    "weightedAverageShsOut": 393200000,
    "weightedAverageShsOutDil": 442200000,
    "link": null,
    "finalLink": null
  },
  {
    "date": "1992-12-31",
    "symbol": "LMT",
    "reportedCurrency": "USD",
    "cik": "0000936468",
    "fillingDate": "1992-12-31",
    "acceptedDate": "1992-12-30 19:00:00",
    "calendarYear": "1992",
    "period": "FY",
    "revenue": 16030000000,
    "costOfRevenue": 14891000000,
    "grossProfit": 1139000000,
    "grossProfitRatio": 0.0710542732,
    "researchAndDevelopmentExpenses": 0,
    "generalAndAdministrativeExpenses": 0,
    "sellingAndMarketingExpenses": 0,
    "sellingGeneralAndAdministrativeExpenses": 0,
    "otherExpenses": 0,
    "operatingExpenses": 0,
    "costAndExpenses": 14891000000,
    "interestIncome": 0,
    "interestExpense": 177000000,
    "depreciationAndAmortization": 594000000,
    "ebitda": 1733000000,
    "ebitdaratio": 0.1081097941,
    "operatingIncome": 1139000000,
    "operatingIncomeRatio": 0.0710542732,
    "totalOtherIncomeExpensesNet": -135000000,
    "incomeBeforeTax": 1004000000,
    "incomeBeforeTaxRatio": 0.0626325639,
    "incomeTaxExpense": 355000000,
    "netIncome": -361000000,
    "netIncomeRatio": -0.0225202745,
    "eps": -0.92,
    "epsdiluted": -0.92,
    "weightedAverageShsOut": 392200000,
    "weightedAverageShsOutDil": 392200000,
    "link": "",
    "finalLink": ""
  }
]