[
  {
    "date": "2025-06-30",
    "symbol": "LNT",
    "reportedCurrency": "USD",
    "cik": "0000352541",
    "fillingDate": "2025-08-08",
    "acceptedDate": "2025-08-08 11:49:01",
    "calendarYear": "2025",
    "period": "Q2",
    "revenue": 961000000,
    "costOfRevenue": 707000000,
    "grossProfit": 254000000,
    "grossProfitRatio": 0.2643080125,
    "researchAndDevelopmentExpenses": 0,
    "generalAndAdministrativeExpenses": 0,
    "sellingAndMarketingExpenses": 0,
    "sellingGeneralAndAdministrativeExpenses": 0,
    "otherExpenses": 31000000,
    "operatingExpenses": 31000000,
    "costAndExpenses": 738000000,
    "interestIncome": 0,
    "interestExpense": 124000000,
    "depreciationAndAmortization": 208000000,
    "ebitda": 463000000,
    "ebitdaratio": 0.4817898023,
    "operatingIncome": 223000000,
    "operatingIncomeRatio": 0.232049948,
    "totalOtherIncomeExpensesNet": -92000000,
    "incomeBeforeTax": 131000000,
    "incomeBeforeTaxRatio": 0.1363163371,
    "incomeTaxExpense": -43000000,
    "netIncome": 174000000,
    "netIncomeRatio": 0.1810613944,
    "eps": 0.68,
    "epsdiluted": 0.68,
    "weightedAverageShsOut": 256899999,
    "weightedAverageShsOutDil": 257300000,
    "link": "https://www.sec.gov/Archives/edgar/data/352541/000035254125000072/0000352541-25-000072-index.htm",
    "finalLink": "https://www.sec.gov/Archives/edgar/data/52485/000035254125000072/lnt-20250630.htm"
  },
  {
    "date": "2025-03-31",
    "symbol": "LNT",
    "reportedCurrency": "USD",
    "cik": "0000352541",
    "fillingDate": "2025-05-09",
    "acceptedDate": "2025-05-09 12:28:18",
    "calendarYear": "2025",
    "period": "Q1",
    "revenue": 1128000000,
    "costOfRevenue": 630000000,
    "grossProfit": 498000000,
    "grossProfitRatio": 0.4414893617,
    "researchAndDevelopmentExpenses": 0,
    "generalAndAdministrativeExpenses": 0,
    "sellingAndMarketingExpenses": 0,
    "sellingGeneralAndAdministrativeExpenses": 0,
    "otherExpenses": 241000000,
    "operatingExpenses": 241000000,
    "costAndExpenses": 871000000,
    "interestIncome": 0,
    "interestExpense": 119000000,
    "depreciationAndAmortization": 211000000,
    "ebitda": 496000000,
    "ebitdaratio": 0.4397163121,
    "operatingIncome": 257000000,
    "operatingIncomeRatio": 0.2278368794,
    "totalOtherIncomeExpensesNet": -91000000,
    "incomeBeforeTax": 166000000,
    "incomeBeforeTaxRatio": 0.1471631206,
    "incomeTaxExpense": -47000000,
    "netIncome": 213000000,
    "netIncomeRatio": 0.1888297872,
    "eps": 0.83,
    "epsdiluted": 0.83,
    "weightedAverageShsOut": 256800000,
    "weightedAverageShsOutDil": 257200000,
    "link": "https://www.sec.gov/Archives/edgar/data/352541/000035254125000053/0000352541-25-000053-index.htm",
    "finalLink": "https://www.sec.gov/Archives/edgar/data/52485/000035254125000053/lnt-20250331.htm"
  },
  {
    "date": "2024-12-31",
    "symbol": "LNT",
    "reportedCurrency": "USD",
    "cik": "0000352541",
    "fillingDate": "2025-02-21",
    "acceptedDate": "2025-02-21 16:46:26",
    "calendarYear": "2024",
    "period": "Q4",
    "revenue": 976000000,
    "costOfRevenue": 522000000,
    "grossProfit": 454000000,
    "grossProfitRatio": 0.4651639344,
    "researchAndDevelopmentExpenses": 0,
    "generalAndAdministrativeExpenses": 0,
    "sellingAndMarketingExpenses": 0,
    "sellingGeneralAndAdministrativeExpenses": 0,
    "otherExpenses": 233000000,
    "operatingExpenses": 233000000,
    "costAndExpenses": 755000000,
    "interestIncome": 0,
    "interestExpense": 120000000,
    "depreciationAndAmortization": 201000000,
    "ebitda": 461000000,
    "ebitdaratio": 0.4723360656,
    "operatingIncome": 221000000,
    "operatingIncomeRatio": 0.2264344262,
    "totalOtherIncomeExpensesNet": -81000000,
    "incomeBeforeTax": 140000000,
    "incomeBeforeTaxRatio": 0.143442623,
    "incomeTaxExpense": -10000000,
    "netIncome": 150000000,
    "netIncomeRatio": 0.1536885246,
    "eps": 0.58,
    "epsdiluted": 0.58,
    "weightedAverageShsOut": 256600000,
    "weightedAverageShsOutDil": 257200000,
    "link": "https://www.sec.gov/Archives/edgar/data/352541/000035254125000014/0000352541-25-000014-index.htm",
    "finalLink": "https://www.sec.gov/Archives/edgar/data/52485/000035254125000014/lnt-20241231.htm"
  },
  {
    "date": "2024-09-30",
    "symbol": "LNT",
    "reportedCurrency": "USD",
    "cik": "0000352541",
    "fillingDate": "2024-11-01",
    "acceptedDate": "2024-11-01 11:39:07",
    "calendarYear": "2024",
    "period": "Q3",
    "revenue": 1081000000,
    "costOfRevenue": 544000000,
    "grossProfit": 537000000,
    "grossProfitRatio": 0.4967622572,
    "researchAndDevelopmentExpenses": 0,
    "generalAndAdministrativeExpenses": 0,
    "sellingAndMarketingExpenses": 0,
    "sellingGeneralAndAdministrativeExpenses": 0,
    "otherExpenses": 224000000,
    "operatingExpenses": 224000000,
    "costAndExpenses": 768000000,
    "interestIncome": 0,
    "interestExpense": 114000000,
    "depreciationAndAmortization": 195000000,
    "ebitda": 542000000,
    "ebitdaratio": 0.5013876041,
    "operatingIncome": 313000000,
    "operatingIncomeRatio": 0.289546716,
    "totalOtherIncomeExpensesNet": -80000000,
    "incomeBeforeTax": 233000000,
    "incomeBeforeTaxRatio": 0.2155411656,
    "incomeTaxExpense": -62000000,
    "netIncome": 295000000,
    "netIncomeRatio": 0.2728954672,
    "eps": 1.15,
    "epsdiluted": 1.15,
    "weightedAverageShsOut": 256600000,
    "weightedAverageShsOutDil": 256900000,
    "link": "https://www.sec.gov/Archives/edgar/data/352541/000035254124000104/0000352541-24-000104-index.htm",
    "finalLink": "https://www.sec.gov/Archives/edgar/data/52485/000035254124000104/lnt-20240930.htm"
  },
  {
    "date": "2024-06-30",
    "symbol": "LNT",
    "reportedCurrency": "USD",
    "cik": "0000352541",
    "fillingDate": "2024-08-02",
    "acceptedDate": "2024-08-02 11:51:55",
    "calendarYear": "2024",
    "period": "Q2",
    "revenue": 894000000,
    "costOfRevenue": 547000000,
    "grossProfit": 347000000,
    "grossProfitRatio": 0.3881431767,
    "researchAndDevelopmentExpenses": 0,
    "generalAndAdministrativeExpenses": 0,
    "sellingAndMarketingExpenses": 0,
    "sellingGeneralAndAdministrativeExpenses": 0,
    "otherExpenses": 217000000,
    "operatingExpenses": 217000000,
    "costAndExpenses": 764000000,
    "interestIncome": 0,
    "interestExpense": 108000000,
    "depreciationAndAmortization": 187000000,
    "ebitda": 350000000,
    "ebitdaratio": 0.3914988814,
    "operatingIncome": 130000000,
    "operatingIncomeRatio": 0.1454138702,
    "totalOtherIncomeExpensesNet": -76000000,
    "incomeBeforeTax": 54000000,
    "incomeBeforeTaxRatio": 0.0604026846,
    "incomeTaxExpense": -33000000,
    "netIncome": 87000000,
    "netIncomeRatio": 0.0973154362,
    "eps": 0.34,
    "epsdiluted": 0.34,
    "weightedAverageShsOut": 256400000,
    "weightedAverageShsOutDil": 256700000,
    "link": "https://www.sec.gov/Archives/edgar/data/352541/000035254124000089/0000352541-24-000089-index.htm",
    "finalLink": "https://www.sec.gov/Archives/edgar/data/52485/000035254124000089/lnt-20240630.htm"
  },
  {
    "date": "2024-03-31",
    "symbol": "LNT",
    "reportedCurrency": "USD",
    "cik": "0000352541",
    "fillingDate": "2024-05-03",
    "acceptedDate": "2024-05-03 11:56:11",
    "calendarYear": "2024",
    "period": "Q1",
    "revenue": 1031000000,
    "costOfRevenue": 589000000,
    "grossProfit": 442000000,
    "grossProfitRatio": 0.4287099903,
    "researchAndDevelopmentExpenses": 0,
    "generalAndAdministrativeExpenses": 0,
    "sellingAndMarketingExpenses": 0,
    "sellingGeneralAndAdministrativeExpenses": 0,
    "otherExpenses": 220000000,
    "operatingExpenses": 220000000,
    "costAndExpenses": 809000000,
    "interestIncome": 0,
    "interestExpense": 107000000,
    "depreciationAndAmortization": 189000000,
    "ebitda": 444000000,
    "ebitdaratio": 0.4306498545,
    "operatingIncome": 222000000,
    "operatingIncomeRatio": 0.2153249273,
    "totalOtherIncomeExpensesNet": -74000000,
    "incomeBeforeTax": 148000000,
    "incomeBeforeTaxRatio": 0.1435499515,
    "incomeTaxExpense": -10000000,
    "netIncome": 158000000,
    "netIncomeRatio": 0.1532492726,
    "eps": 0.62,
    "epsdiluted": 0.62,
    "weightedAverageShsOut": 256200000,
    "weightedAverageShsOutDil": 256200000,
    "link": "https://www.sec.gov/Archives/edgar/data/352541/000035254124000058/0000352541-24-000058-index.htm",
    "finalLink": "https://www.sec.gov/Archives/edgar/data/52485/000035254124000058/lnt-20240331.htm"
  },
  {
    "date": "2023-12-31",
    "symbol": "LNT",
    "reportedCurrency": "USD",
    "cik": "0000352541",
    "fillingDate": "2024-02-16",
    "acceptedDate": "2024-02-16 14:05:37",
    "calendarYear": "2023",
    "period": "Q4",
    "revenue": 961000000,
    "costOfRevenue": 577000000,
    "grossProfit": 384000000,
    "grossProfitRatio": 0.3995837669,
    "researchAndDevelopmentExpenses": 0,
    "generalAndAdministrativeExpenses": 0,
    "sellingAndMarketingExpenses": 0,
    "sellingGeneralAndAdministrativeExpenses": 26000000,
    "otherExpenses": 175000000,
    "operatingExpenses": 201000000,
    "costAndExpenses": 778000000,
    "interestIncome": 0,
    "interestExpense": 105000000,
    "depreciationAndAmortization": 174000000,
    "ebitda": 426000000,
    "ebitdaratio": 0.4432882414,
    "operatingIncome": 183000000,
    "operatingIncomeRatio": 0.1904266389,
    "totalOtherIncomeExpensesNet": -61000000,
    "incomeBeforeTax": 122000000,
    "incomeBeforeTaxRatio": 0.1269510926,
    "incomeTaxExpense": 1000000,
    "netIncome": 121000000,
    "netIncomeRatio": 0.1259105099,
    "eps": 0.47,
    "epsdiluted": 0.47,
    "weightedAverageShsOut": 255600000,
    "weightedAverageShsOutDil": 256000000,
    "link": "https://www.sec.gov/Archives/edgar/data/352541/000035254124000014/0000352541-24-000014-index.htm",
    "finalLink": "https://www.sec.gov/Archives/edgar/data/52485/000035254124000014/lnt-20231231.htm"
  },
  {
    "date": "2023-09-30",
    "symbol": "LNT",
    "reportedCurrency": "USD",
    "cik": "0000352541",
    "fillingDate": "2023-11-03",
    "acceptedDate": "2023-11-03 11:54:05",
    "calendarYear": "2023",
    "period": "Q3",
    "revenue": 1077000000,
    "costOfRevenue": 557000000,
    "grossProfit": 520000000,
    "grossProfitRatio": 0.4828226555,
    "researchAndDevelopmentExpenses": 0,
    "generalAndAdministrativeExpenses": 0,
    "sellingAndMarketingExpenses": 0,
    "sellingGeneralAndAdministrativeExpenses": 0,
    "otherExpenses": 198000000,
    "operatingExpenses": 198000000,
    "costAndExpenses": 755000000,
    "interestIncome": 0,
    "interestExpense": 99000000,
    "depreciationAndAmortization": 170000000,
    "ebitda": 533000000,
    "ebitdaratio": 0.4948932219,
    "operatingIncome": 322000000,
    "operatingIncomeRatio": 0.2989786444,
    "totalOtherIncomeExpensesNet": -58000000,
    "incomeBeforeTax": 264000000,
    "incomeBeforeTaxRatio": 0.2451253482,
    "incomeTaxExpense": 5000000,
    "netIncome": 259000000,
    "netIncomeRatio": 0.2404828227,
    "eps": 1.02,
    "epsdiluted": 1.02,
    "weightedAverageShsOut": 253500000,
    "weightedAverageShsOutDil": 253800000,
    "link": "https://www.sec.gov/Archives/edgar/data/352541/000035254123000108/0000352541-23-000108-index.htm",
    "finalLink": "https://www.sec.gov/Archives/edgar/data/52485/000035254123000108/lnt-20230930.htm"
  },
  {
    "date": "2023-06-30",
    "symbol": "LNT",
    "reportedCurrency": "USD",
    "cik": "0000352541",
    "fillingDate": "2023-08-04",
    "acceptedDate": "2023-08-04 11:54:31",
    "calendarYear": "2023",
    "period": "Q2",
    "revenue": 912000000,
    "costOfRevenue": 500000000,
    "grossProfit": 412000000,
    "grossProfitRatio": 0.451754386,
    "researchAndDevelopmentExpenses": 0,
    "generalAndAdministrativeExpenses": 0,
    "sellingAndMarketingExpenses": 0,
    "sellingGeneralAndAdministrativeExpenses": 0,
    "otherExpenses": 195000000,
    "operatingExpenses": 195000000,
    "costAndExpenses": 695000000,
    "interestIncome": 0,
    "interestExpense": 96000000,
    "depreciationAndAmortization": 167000000,
    "ebitda": 423000000,
    "ebitdaratio": 0.4638157895,
    "operatingIncome": 217000000,
    "operatingIncomeRatio": 0.2379385965,
    "totalOtherIncomeExpensesNet": -57000000,
    "incomeBeforeTax": 160000000,
    "incomeBeforeTaxRatio": 0.1754385965,
    "incomeTaxExpense": 0,
    "netIncome": 160000000,
    "netIncomeRatio": 0.1754385965,
    "eps": 0.64,
    "epsdiluted": 0.64,
    "weightedAverageShsOut": 251700000,
    "weightedAverageShsOutDil": 251900000,
    "link": "https://www.sec.gov/Archives/edgar/data/352541/000035254123000091/0000352541-23-000091-index.htm",
    "finalLink": "https://www.sec.gov/Archives/edgar/data/52485/000035254123000091/lnt-20230630.htm"
  },
  {
    "date": "2023-03-31",
    "symbol": "LNT",
    "reportedCurrency": "USD",
    "cik": "0000352541",
    "fillingDate": "2023-05-05",
    "acceptedDate": "2023-05-05 11:38:57",
    "calendarYear": "2023",
    "period": "Q1",
    "revenue": 1077000000,
    "costOfRevenue": 658000000,
    "grossProfit": 419000000,
    "grossProfitRatio": 0.3890436397,
    "researchAndDevelopmentExpenses": 0,
    "generalAndAdministrativeExpenses": 0,
    "sellingAndMarketingExpenses": 0,
    "sellingGeneralAndAdministrativeExpenses": 0,
    "otherExpenses": 197000000,
    "operatingExpenses": 197000000,
    "costAndExpenses": 855000000,
    "interestIncome": 0,
    "interestExpense": 94000000,
    "depreciationAndAmortization": 166000000,
    "ebitda": 421000000,
    "ebitdaratio": 0.39090065,
    "operatingIncome": 222000000,
    "operatingIncomeRatio": 0.2061281337,
    "totalOtherIncomeExpensesNet": -61000000,
    "incomeBeforeTax": 161000000,
    "incomeBeforeTaxRatio": 0.1494893222,
    "incomeTaxExpense": -2000000,
    "netIncome": 163000000,
    "netIncomeRatio": 0.1513463324,
    "eps": 0.65,
    "epsdiluted": 0.65,
    "weightedAverageShsOut": 251200000,
    "weightedAverageShsOutDil": 251400000,
    "link": "https://www.sec.gov/Archives/edgar/data/352541/000035254123000059/0000352541-23-000059-index.htm",
    "finalLink": "https://www.sec.gov/Archives/edgar/data/52485/000035254123000059/lnt-20230331.htm"
  },
  {
    "date": "2022-12-31",
    "symbol": "LNT",
    "reportedCurrency": "USD",
    "cik": "0000352541",
    "fillingDate": "2023-02-24",
    "acceptedDate": "2023-02-24 16:03:25",
    "calendarYear": "2022",
    "period": "Q4",
    "revenue": 1058000000,
    "costOfRevenue": 702000000,
    "grossProfit": 356000000,
    "grossProfitRatio": 0.3364839319,
    "researchAndDevelopmentExpenses": 0,
    "generalAndAdministrativeExpenses": 0,
    "sellingAndMarketingExpenses": 0,
    "sellingGeneralAndAdministrativeExpenses": 0,
    "otherExpenses": 197000000,
    "operatingExpenses": 197000000,
    "costAndExpenses": 899000000,
    "interestIncome": -16000000,
    "interestExpense": 90000000,
    "depreciationAndAmortization": 170000000,
    "ebitda": 363000000,
    "ebitdaratio": 0.343100189,
    "operatingIncome": 159000000,
    "operatingIncomeRatio": 0.1502835539,
    "totalOtherIncomeExpensesNet": -56000000,
    "incomeBeforeTax": 103000000,
    "incomeBeforeTaxRatio": 0.0973534972,
    "incomeTaxExpense": -4000000,
    "netIncome": 107000000,
    "netIncomeRatio": 0.1011342155,
    "eps": 0.43,
    "epsdiluted": 0.43,
    "weightedAverageShsOut": 251100000,
    "weightedAverageShsOutDil": 251400000,
    "link": "https://www.sec.gov/Archives/edgar/data/352541/000035254123000017/0000352541-23-000017-index.htm",
    "finalLink": "https://www.sec.gov/Archives/edgar/data/52485/000035254123000017/lnt-20221231.htm"
  },
  {
    "date": "2022-09-30",
    "symbol": "LNT",
    "reportedCurrency": "USD",
    "cik": "0000352541",
    "fillingDate": "2022-11-08",
    "acceptedDate": "2022-11-08 17:04:38",
    "calendarYear": "2022",
    "period": "Q3",
    "revenue": 1135000000,
    "costOfRevenue": 629000000,
    "grossProfit": 506000000,
    "grossProfitRatio": 0.445814978,
    "researchAndDevelopmentExpenses": 0,
    "generalAndAdministrativeExpenses": 0,
    "sellingAndMarketingExpenses": 0,
    "sellingGeneralAndAdministrativeExpenses": 0,
    "otherExpenses": 197000000,
    "operatingExpenses": 197000000,
    "costAndExpenses": 826000000,
    "interestIncome": 0,
    "interestExpense": 83000000,
    "depreciationAndAmortization": 169000000,
    "ebitda": 493000000,
    "ebitdaratio": 0.4343612335,
    "operatingIncome": 309000000,
    "operatingIncomeRatio": 0.272246696,
    "totalOtherIncomeExpensesNet": -68000000,
    "incomeBeforeTax": 241000000,
    "incomeBeforeTaxRatio": 0.2123348018,
    "incomeTaxExpense": 14000000,
    "netIncome": 227000000,
    "netIncomeRatio": 0.2,
    "eps": 0.9,
    "epsdiluted": 0.9,
    "weightedAverageShsOut": 251000000,
    "weightedAverageShsOutDil": 251300000,
    "link": "https://www.sec.gov/Archives/edgar/data/352541/000035254122000082/0000352541-22-000082-index.htm",
    "finalLink": "https://www.sec.gov/Archives/edgar/data/52485/000035254122000082/lnt-20220930.htm"
  },
  {
    "date": "2022-06-30",
    "symbol": "LNT",
    "reportedCurrency": "USD",
    "cik": "0000352541",
    "fillingDate": "2022-08-05",
    "acceptedDate": "2022-08-05 11:12:42",
    "calendarYear": "2022",
    "period": "Q2",
    "revenue": 943000000,
    "costOfRevenue": 538000000,
    "grossProfit": 405000000,
    "grossProfitRatio": 0.4294803818,
    "researchAndDevelopmentExpenses": 0,
    "generalAndAdministrativeExpenses": 0,
    "sellingAndMarketingExpenses": 0,
    "sellingGeneralAndAdministrativeExpenses": 0,
    "otherExpenses": 193000000,
    "operatingExpenses": 193000000,
    "costAndExpenses": 731000000,
    "interestIncome": 0,
    "interestExpense": 78000000,
    "depreciationAndAmortization": 166000000,
    "ebitda": 407000000,
    "ebitdaratio": 0.4316012725,
    "operatingIncome": 212000000,
    "operatingIncomeRatio": 0.2248144221,
    "totalOtherIncomeExpensesNet": -49000000,
    "incomeBeforeTax": 163000000,
    "incomeBeforeTaxRatio": 0.1728525981,
    "incomeTaxExpense": 4000000,
    "netIncome": 159000000,
    "netIncomeRatio": 0.1686108165,
    "eps": 0.63,
    "epsdiluted": 0.63,
    "weightedAverageShsOut": 250900000,
    "weightedAverageShsOutDil": 251100000,
    "link": "https://www.sec.gov/Archives/edgar/data/352541/000035254122000075/0000352541-22-000075-index.htm",
    "finalLink": "https://www.sec.gov/Archives/edgar/data/52485/000035254122000075/lnt-20220630.htm"
  },
  {
    "date": "2022-03-31",
    "symbol": "LNT",
    "reportedCurrency": "USD",
    "cik": "0000352541",
    "fillingDate": "2022-04-29",
    "acceptedDate": "2022-04-29 11:24:35",
    "calendarYear": "2022",
    "period": "Q1",
    "revenue": 1068000000,
    "costOfRevenue": 627000000,
    "grossProfit": 441000000,
    "grossProfitRatio": 0.4129213483,
    "researchAndDevelopmentExpenses": 0,
    "generalAndAdministrativeExpenses": 0,
    "sellingAndMarketingExpenses": 0,
    "sellingGeneralAndAdministrativeExpenses": 0,
    "otherExpenses": 193000000,
    "operatingExpenses": 193000000,
    "costAndExpenses": 820000000,
    "interestIncome": 0,
    "interestExpense": 74000000,
    "depreciationAndAmortization": 166000000,
    "ebitda": 440000000,
    "ebitdaratio": 0.4119850187,
    "operatingIncome": 248000000,
    "operatingIncomeRatio": 0.2322097378,
    "totalOtherIncomeExpensesNet": -48000000,
    "incomeBeforeTax": 200000000,
    "incomeBeforeTaxRatio": 0.1872659176,
    "incomeTaxExpense": 8000000,
    "netIncome": 192000000,
    "netIncomeRatio": 0.1797752809,
    "eps": 0.77,
    "epsdiluted": 0.77,
    "weightedAverageShsOut": 250600000,
    "weightedAverageShsOutDil": 250900000,
    "link": "https://www.sec.gov/Archives/edgar/data/352541/000035254122000058/0000352541-22-000058-index.htm",
    "finalLink": "https://www.sec.gov/Archives/edgar/data/52485/000035254122000058/lnt-20220331.htm"
  },
  {
    "date": "2021-12-31",
    "symbol": "LNT",
    "reportedCurrency": "USD",
    "cik": "0000352541",
    "fillingDate": "2022-02-18",
    "acceptedDate": "2022-02-18 12:53:31",
    "calendarYear": "2021",
    "period": "Q4",
    "revenue": 927000000,
    "costOfRevenue": 606000000,
    "grossProfit": 321000000,
    "grossProfitRatio": 0.3462783172,
    "researchAndDevelopmentExpenses": 0,
    "generalAndAdministrativeExpenses": 0,
    "sellingAndMarketingExpenses": 0,
    "sellingGeneralAndAdministrativeExpenses": 9000000,
    "otherExpenses": 180000000,
    "operatingExpenses": 189000000,
    "costAndExpenses": 795000000,
    "interestIncome": 0,
    "interestExpense": 78000000,
    "depreciationAndAmortization": 163000000,
    "ebitda": 328000000,
    "ebitdaratio": 0.3538295577,
    "operatingIncome": 132000000,
    "operatingIncomeRatio": 0.142394822,
    "totalOtherIncomeExpensesNet": -45000000,
    "incomeBeforeTax": 87000000,
    "incomeBeforeTaxRatio": 0.0938511327,
    "incomeTaxExpense": -8000000,
    "netIncome": 95000000,
    "netIncomeRatio": 0.1024811219,
    "eps": 0.35,
    "epsdiluted": 0.35,
    "weightedAverageShsOut": 250400000,
    "weightedAverageShsOutDil": 251100000,
    "link": "https://www.sec.gov/Archives/edgar/data/352541/000035254122000020/0000352541-22-000020-index.htm",
    "finalLink": "https://www.sec.gov/Archives/edgar/data/52485/000035254122000020/lnt-20211231.htm"
  },
  {
    "date": "2021-09-30",
    "symbol": "LNT",
    "reportedCurrency": "USD",
    "cik": "0000352541",
    "fillingDate": "2021-11-05",
    "acceptedDate": "2021-11-05 13:22:20",
    "calendarYear": "2021",
    "period": "Q3",
    "revenue": 1024000000,
    "costOfRevenue": 544000000,
    "grossProfit": 480000000,
    "grossProfitRatio": 0.46875,
    "researchAndDevelopmentExpenses": 0,
    "generalAndAdministrativeExpenses": 0,
    "sellingAndMarketingExpenses": 0,
    "sellingGeneralAndAdministrativeExpenses": 0,
    "otherExpenses": 191000000,
    "operatingExpenses": 191000000,
    "costAndExpenses": 735000000,
    "interestIncome": 0,
    "interestExpense": 68000000,
    "depreciationAndAmortization": 165000000,
    "ebitda": 471000000,
    "ebitdaratio": 0.4599609375,
    "operatingIncome": 289000000,
    "operatingIncomeRatio": 0.2822265625,
    "totalOtherIncomeExpensesNet": -51000000,
    "incomeBeforeTax": 238000000,
    "incomeBeforeTaxRatio": 0.232421875,
    "incomeTaxExpense": -21000000,
    "netIncome": 259000000,
    "netIncomeRatio": 0.2529296875,
    "eps": 1.02,
    "epsdiluted": 1.02,
    "weightedAverageShsOut": 250300000,
    "weightedAverageShsOutDil": 250800000,
    "link": "https://www.sec.gov/Archives/edgar/data/352541/000035254121000095/0000352541-21-000095-index.htm",
    "finalLink": "https://www.sec.gov/Archives/edgar/data/52485/000035254121000095/lnt-20210930.htm"
  },
  {
    "date": "2021-06-30",
    "symbol": "LNT",
    "reportedCurrency": "USD",
    "cik": "0000352541",
    "fillingDate": "2021-08-06",
    "acceptedDate": "2021-08-06 11:02:43",
    "calendarYear": "2021",
    "period": "Q2",
    "revenue": 817000000,
    "costOfRevenue": 450000000,
    "grossProfit": 367000000,
    "grossProfitRatio": 0.4492044064,
    "researchAndDevelopmentExpenses": 0,
    "generalAndAdministrativeExpenses": 0,
    "sellingAndMarketingExpenses": 0,
    "sellingGeneralAndAdministrativeExpenses": 0,
    "otherExpenses": 191000000,
    "operatingExpenses": 191000000,
    "costAndExpenses": 641000000,
    "interestIncome": 0,
    "interestExpense": 69000000,
    "depreciationAndAmortization": 165000000,
    "ebitda": 363000000,
    "ebitdaratio": 0.4443084455,
    "operatingIncome": 176000000,
    "operatingIncomeRatio": 0.2154222766,
    "totalOtherIncomeExpensesNet": -47000000,
    "incomeBeforeTax": 129000000,
    "incomeBeforeTaxRatio": 0.1578947368,
    "incomeTaxExpense": -17000000,
    "netIncome": 146000000,
    "netIncomeRatio": 0.1787025704,
    "eps": 0.58,
    "epsdiluted": 0.57,
    "weightedAverageShsOut": 250200000,
    "weightedAverageShsOutDil": 250600000,
    "link": "https://www.sec.gov/Archives/edgar/data/352541/000035254121000076/0000352541-21-000076-index.htm",
    "finalLink": "https://www.sec.gov/Archives/edgar/data/52485/000035254121000076/lnt-20210630.htm"
  },
  {
    "date": "2021-03-31",
    "symbol": "LNT",
    "reportedCurrency": "USD",
    "cik": "0000352541",
    "fillingDate": "2021-05-07",
    "acceptedDate": "2021-05-07 11:37:43",
    "calendarYear": "2021",
    "period": "Q1",
    "revenue": 901000000,
    "costOfRevenue": 513000000,
    "grossProfit": 388000000,
    "grossProfitRatio": 0.4306326304,
    "researchAndDevelopmentExpenses": 0,
    "generalAndAdministrativeExpenses": 0,
    "sellingAndMarketingExpenses": 0,
    "sellingGeneralAndAdministrativeExpenses": 0,
    "otherExpenses": 190000000,
    "operatingExpenses": 190000000,
    "costAndExpenses": 703000000,
    "interestIncome": 0,
    "interestExpense": 69000000,
    "depreciationAndAmortization": 164000000,
    "ebitda": 379000000,
    "ebitdaratio": 0.4206437292,
    "operatingIncome": 198000000,
    "operatingIncomeRatio": 0.2197558269,
    "totalOtherIncomeExpensesNet": -52000000,
    "incomeBeforeTax": 146000000,
    "incomeBeforeTaxRatio": 0.1620421754,
    "incomeTaxExpense": -28000000,
    "netIncome": 174000000,
    "netIncomeRatio": 0.1931187569,
    "eps": 0.68,
    "epsdiluted": 0.68,
    "weightedAverageShsOut": 250000000,
    "weightedAverageShsOutDil": 250400000,
    "link": "https://www.sec.gov/Archives/edgar/data/352541/000035254121000056/0000352541-21-000056-index.htm",
    "finalLink": "https://www.sec.gov/Archives/edgar/data/52485/000035254121000056/lnt-20210331.htm"
  },
  {
    "date": "2020-12-31",
    "symbol": "LNT",
    "reportedCurrency": "USD",
    "cik": "0000352541",
    "fillingDate": "2021-02-19",
    "acceptedDate": "2021-02-19 14:31:18",
    "calendarYear": "2020",
    "period": "Q4",
    "revenue": 817000000,
    "costOfRevenue": 518000000,
    "grossProfit": 299000000,
    "grossProfitRatio": 0.3659730722,
    "researchAndDevelopmentExpenses": 0,
    "generalAndAdministrativeExpenses": 0,
    "sellingAndMarketingExpenses": 0,
    "sellingGeneralAndAdministrativeExpenses": 24000000,
    "otherExpenses": 163000000,
    "operatingExpenses": 187000000,
    "costAndExpenses": 705000000,
    "interestIncome": 0,
    "interestExpense": 84000000,
    "depreciationAndAmortization": 161000000,
    "ebitda": 285000000,
    "ebitdaratio": 0.3488372093,
    "operatingIncome": 112000000,
    "operatingIncomeRatio": 0.1370869033,
    "totalOtherIncomeExpensesNet": -56000000,
    "incomeBeforeTax": 56000000,
    "incomeBeforeTaxRatio": 0.0685434517,
    "incomeTaxExpense": -10000000,
    "netIncome": 66000000,
    "netIncomeRatio": 0.0807833537,
    "eps": 0.26,
    "epsdiluted": 0.26,
    "weightedAverageShsOut": 249800000,
    "weightedAverageShsOutDil": 250300000,
    "link": "https://www.sec.gov/Archives/edgar/data/352541/000035254121000022/0000352541-21-000022-index.htm",
    "finalLink": "https://www.sec.gov/Archives/edgar/data/52485/000035254121000022/lnt-20201231.htm"
  },
  {
    "date": "2020-09-30",
    "symbol": "LNT",
    "reportedCurrency": "USD",
    "cik": "0000352541",
    "fillingDate": "2020-11-03",
    "acceptedDate": "2020-11-03 12:36:12",
    "calendarYear": "2020",
    "period": "Q3",
    "revenue": 920000000,
    "costOfRevenue": 465000000,
    "grossProfit": 455000000,
    "grossProfitRatio": 0.4945652174,
    "researchAndDevelopmentExpenses": 0,
    "generalAndAdministrativeExpenses": 0,
    "sellingAndMarketingExpenses": 0,
    "sellingGeneralAndAdministrativeExpenses": 0,
    "otherExpenses": 183000000,
    "operatingExpenses": 183000000,
    "costAndExpenses": 648000000,
    "interestIncome": 0,
    "interestExpense": 68000000,
    "depreciationAndAmortization": 156000000,
    "ebitda": 453000000,
    "ebitdaratio": 0.4923913043,
    "operatingIncome": 272000000,
    "operatingIncomeRatio": 0.2956521739,
    "totalOtherIncomeExpensesNet": -43000000,
    "incomeBeforeTax": 229000000,
    "incomeBeforeTaxRatio": 0.2489130435,
    "incomeTaxExpense": -20000000,
    "netIncome": 249000000,
    "netIncomeRatio": 0.2706521739,
    "eps": 0.99,
    "epsdiluted": 0.98,
    "weightedAverageShsOut": 249700000,
    "weightedAverageShsOutDil": 250000000,
    "link": "https://www.sec.gov/Archives/edgar/data/352541/000035254120000108/0000352541-20-000108-index.htm",
    "finalLink": "https://www.sec.gov/Archives/edgar/data/52485/000035254120000108/lnt930202010-q.htm"
  },
  {
    "date": "2020-06-30",
    "symbol": "LNT",
    "reportedCurrency": "USD",
    "cik": "0000352541",
    "fillingDate": "2020-08-10",
    "acceptedDate": "2020-08-10 08:48:18",
    "calendarYear": "2020",
    "period": "Q2",
    "revenue": 763100000,
    "costOfRevenue": 415800000,
    "grossProfit": 347300000,
    "grossProfitRatio": 0.4551172848,
    "researchAndDevelopmentExpenses": 0,
    "generalAndAdministrativeExpenses": 0,
    "sellingAndMarketingExpenses": 0,
    "sellingGeneralAndAdministrativeExpenses": 0,
    "otherExpenses": 179000000,
    "operatingExpenses": 179000000,
    "costAndExpenses": 595000000,
    "interestIncome": 2000000,
    "interestExpense": 72000000,
    "depreciationAndAmortization": 152000000,
    "ebitda": 350300000,
    "ebitdaratio": 0.4590486175,
    "operatingIncome": 168100000,
    "operatingIncomeRatio": 0.2202856768,
    "totalOtherIncomeExpensesNet": -39500000,
    "incomeBeforeTax": 128600000,
    "incomeBeforeTaxRatio": 0.1685231293,
    "incomeTaxExpense": -8300000.000000001,
    "netIncome": 136000000,
    "netIncomeRatio": 0.1782204167,
    "eps": 0.54,
    "epsdiluted": 0.54,
    "weightedAverageShsOut": 249600000,
    "weightedAverageShsOutDil": 249800000,
    "link": "https://www.sec.gov/Archives/edgar/data/352541/000035254120000090/0000352541-20-000090-index.htm",
    "finalLink": "https://www.sec.gov/Archives/edgar/data/52485/000035254120000090/lnt630202010-q.htm"
  },
  {
    "date": "2020-03-31",
    "symbol": "LNT",
    "reportedCurrency": "USD",
    "cik": "0000352541",
    "fillingDate": "2020-05-08",
    "acceptedDate": "2020-05-08 13:47:26",
    "calendarYear": "2020",
    "period": "Q1",
    "revenue": 915700000,
    "costOfRevenue": 553500000,
    "grossProfit": 362200000,
    "grossProfitRatio": 0.3955443923,
    "researchAndDevelopmentExpenses": 0,
    "generalAndAdministrativeExpenses": 0,
    "sellingAndMarketingExpenses": 0,
    "sellingGeneralAndAdministrativeExpenses": 0,
    "otherExpenses": 174000000,
    "operatingExpenses": 174000000,
    "costAndExpenses": 727400000,
    "interestIncome": 3000000,
    "interestExpense": 72000000,
    "depreciationAndAmortization": 146000000,
    "ebitda": 369100000,
    "ebitdaratio": 0.4030796112,
    "operatingIncome": 188300000,
    "operatingIncomeRatio": 0.2056350333,
    "totalOtherIncomeExpensesNet": -34400000,
    "incomeBeforeTax": 153900000,
    "incomeBeforeTaxRatio": 0.1680681446,
    "incomeTaxExpense": -18700000,
    "netIncome": 173000000,
    "netIncomeRatio": 0.1889265043,
    "eps": 0.7,
    "epsdiluted": 0.7,
    "weightedAverageShsOut": 244400000,
    "weightedAverageShsOutDil": 244600000,
    "link": "https://www.sec.gov/Archives/edgar/data/352541/000035254120000064/0000352541-20-000064-index.htm",
    "finalLink": "https://www.sec.gov/Archives/edgar/data/52485/000035254120000064/lnt331202010-q.htm"
  },
  {
    "date": "2019-12-31",
    "symbol": "LNT",
    "reportedCurrency": "USD",
    "cik": "0000352541",
    "fillingDate": "2020-02-21",
    "acceptedDate": "2020-02-21 14:15:21",
    "calendarYear": "2019",
    "period": "Q4",
    "revenue": 880100000,
    "costOfRevenue": 538100000,
    "grossProfit": 342000000,
    "grossProfitRatio": 0.3885922054,
    "researchAndDevelopmentExpenses": 0,
    "generalAndAdministrativeExpenses": 0,
    "sellingAndMarketingExpenses": 0,
    "sellingGeneralAndAdministrativeExpenses": 32000000,
    "otherExpenses": 170100000,
    "operatingExpenses": 170100000,
    "costAndExpenses": 719200000,
    "interestIncome": 0,
    "interestExpense": 71000000,
    "depreciationAndAmortization": 143600000,
    "ebitda": 346000000,
    "ebitdaratio": 0.3931371435,
    "operatingIncome": 160900000,
    "operatingIncomeRatio": 0.1828201341,
    "totalOtherIncomeExpensesNet": -27600000,
    "incomeBeforeTax": 133300000,
    "incomeBeforeTaxRatio": 0.1514600614,
    "incomeTaxExpense": 19300000,
    "netIncome": 114000000,
    "netIncomeRatio": 0.1295307351,
    "eps": 0.46,
    "epsdiluted": 0.46,
    "weightedAverageShsOut": 241000000,
    "weightedAverageShsOutDil": 241400000,
    "link": "https://www.sec.gov/Archives/edgar/data/352541/000035254120000021/0000352541-20-000021-index.htm",
    "finalLink": "https://www.sec.gov/Archives/edgar/data/52485/000035254120000021/lnt1231201910-k.htm"
  },
  {
    "date": "2019-09-30",
    "symbol": "LNT",
    "reportedCurrency": "USD",
    "cik": "0000352541",
    "fillingDate": "2019-11-07",
    "acceptedDate": "2019-11-07 12:15:33",
    "calendarYear": "2019",
    "period": "Q3",
    "revenue": 990200000,
    "costOfRevenue": 529000000,
    "grossProfit": 461200000,
    "grossProfitRatio": 0.465764492,
    "researchAndDevelopmentExpenses": 0,
    "generalAndAdministrativeExpenses": 0,
    "sellingAndMarketingExpenses": 0,
    "sellingGeneralAndAdministrativeExpenses": 0,
    "otherExpenses": 171000000,
    "operatingExpenses": 171000000,
    "costAndExpenses": 700000000,
    "interestIncome": 300000,
    "interestExpense": 68300000,
    "depreciationAndAmortization": 144200000,
    "ebitda": 463800000,
    "ebitdaratio": 0.4683902242,
    "operatingIncome": 290200000,
    "operatingIncomeRatio": 0.2930721066,
    "totalOtherIncomeExpensesNet": -38500000,
    "incomeBeforeTax": 251700000,
    "incomeBeforeTaxRatio": 0.2541910725,
    "incomeTaxExpense": 23100000,
    "netIncome": 226000000,
    "netIncomeRatio": 0.2282367199,
    "eps": 0.95,
    "epsdiluted": 0.94,
    "weightedAverageShsOut": 239100000,
    "weightedAverageShsOutDil": 239900000,
    "link": "https://www.sec.gov/Archives/edgar/data/352541/000035254119000099/0000352541-19-000099-index.htm",
    "finalLink": "https://www.sec.gov/Archives/edgar/data/52485/000035254119000099/lnt930201910-q.htm"
  },
  {
    "date": "2019-06-30",
    "symbol": "LNT",
    "reportedCurrency": "USD",
    "cik": "0000352541",
    "fillingDate": "2019-08-02",
    "acceptedDate": "2019-08-02 15:00:08",
    "calendarYear": "2019",
    "period": "Q2",
    "revenue": 790200000,
    "costOfRevenue": 469900000,
    "grossProfit": 320300000,
    "grossProfitRatio": 0.4053404201,
    "researchAndDevelopmentExpenses": 0,
    "generalAndAdministrativeExpenses": 0,
    "sellingAndMarketingExpenses": 0,
    "sellingGeneralAndAdministrativeExpenses": 0,
    "otherExpenses": 170500000,
    "operatingExpenses": 170500000,
    "costAndExpenses": 640400000,
    "interestIncome": 0,
    "interestExpense": 69200000,
    "depreciationAndAmortization": 142900000,
    "ebitda": 320400000,
    "ebitdaratio": 0.4054669704,
    "operatingIncome": 149800000,
    "operatingIncomeRatio": 0.1895722602,
    "totalOtherIncomeExpensesNet": -41500000,
    "incomeBeforeTax": 108300000,
    "incomeBeforeTaxRatio": 0.1370539104,
    "incomeTaxExpense": 11200000,
    "netIncome": 97100000,
    "netIncomeRatio": 0.1228802835,
    "eps": 0.4,
    "epsdiluted": 0.4,
    "weightedAverageShsOut": 237500000,
    "weightedAverageShsOutDil": 238100000,
    "link": "https://www.sec.gov/Archives/edgar/data/352541/000035254119000082/0000352541-19-000082-index.htm",
    "finalLink": "https://www.sec.gov/Archives/edgar/data/52485/000035254119000082/lnt630201910-q.htm"
  },
  {
    "date": "2019-03-31",
    "symbol": "LNT",
    "reportedCurrency": "USD",
    "cik": "0000352541",
    "fillingDate": "2019-05-03",
    "acceptedDate": "2019-05-03 12:22:55",
    "calendarYear": "2019",
    "period": "Q1",
    "revenue": 987200000,
    "costOfRevenue": 644200000,
    "grossProfit": 343000000,
    "grossProfitRatio": 0.3474473258,
    "researchAndDevelopmentExpenses": 0,
    "generalAndAdministrativeExpenses": 0,
    "sellingAndMarketingExpenses": 0,
    "sellingGeneralAndAdministrativeExpenses": 0,
    "otherExpenses": 166200000,
    "operatingExpenses": 166200000,
    "costAndExpenses": 810400000,
    "interestIncome": 0,
    "interestExpense": 66300000,
    "depreciationAndAmortization": 136900000,
    "ebitda": 346000000,
    "ebitdaratio": 0.3504862237,
    "operatingIncome": 176800000,
    "operatingIncomeRatio": 0.1790923825,
    "totalOtherIncomeExpensesNet": -34000000,
    "incomeBeforeTax": 142800000,
    "incomeBeforeTaxRatio": 0.1446515397,
    "incomeTaxExpense": 15100000,
    "netIncome": 127700000,
    "netIncomeRatio": 0.1293557536,
    "eps": 0.53,
    "epsdiluted": 0.53,
    "weightedAverageShsOut": 236500000,
    "weightedAverageShsOutDil": 236600000,
    "link": "https://www.sec.gov/Archives/edgar/data/352541/000035254119000053/0000352541-19-000053-index.htm",
    "finalLink": "https://www.sec.gov/Archives/edgar/data/52485/000035254119000053/lnt331201910-q.htm"
  },
  {
    "date": "2018-12-31",
    "symbol": "LNT",
    "reportedCurrency": "USD",
    "cik": "0000352541",
    "fillingDate": "2019-02-22",
    "acceptedDate": "2019-02-22 15:39:51",
    "calendarYear": "2018",
    "period": "Q4",
    "revenue": 873500000,
    "costOfRevenue": 595300000,
    "grossProfit": 278200000,
    "grossProfitRatio": 0.318488838,
    "researchAndDevelopmentExpenses": 0,
    "generalAndAdministrativeExpenses": 0,
    "sellingAndMarketingExpenses": 0,
    "sellingGeneralAndAdministrativeExpenses": 16500000,
    "otherExpenses": 140300000,
    "operatingExpenses": 156800000,
    "costAndExpenses": 752100000,
    "interestIncome": 0,
    "interestExpense": 65700000,
    "depreciationAndAmortization": 130500000,
    "ebitda": 287100000,
    "ebitdaratio": 0.3286777333,
    "operatingIncome": 121400000,
    "operatingIncomeRatio": 0.1389811105,
    "totalOtherIncomeExpensesNet": -28000000,
    "incomeBeforeTax": 93400000,
    "incomeBeforeTaxRatio": 0.1069261591,
    "incomeTaxExpense": 5600000,
    "netIncome": 87800000,
    "netIncomeRatio": 0.1005151689,
    "eps": 0.36,
    "epsdiluted": 0.36,
    "weightedAverageShsOut": 236000000,
    "weightedAverageShsOutDil": 236000000,
    "link": "https://www.sec.gov/Archives/edgar/data/352541/000035254119000013/0000352541-19-000013-index.htm",
    "finalLink": "https://www.sec.gov/Archives/edgar/data/52485/000035254119000013/lnt1231201810-k.htm"
  },
  {
    "date": "2018-09-30",
    "symbol": "LNT",
    "reportedCurrency": "USD",
    "cik": "0000352541",
    "fillingDate": "2018-11-07",
    "acceptedDate": "2018-11-07 16:40:50",
    "calendarYear": "2018",
    "period": "Q3",
    "revenue": 928600000,
    "costOfRevenue": 516600000,
    "grossProfit": 412000000,
    "grossProfitRatio": 0.443678656,
    "researchAndDevelopmentExpenses": 0,
    "generalAndAdministrativeExpenses": 0,
    "sellingAndMarketingExpenses": 0,
    "sellingGeneralAndAdministrativeExpenses": 0,
    "otherExpenses": 155900000,
    "operatingExpenses": 155900000,
    "costAndExpenses": 672500000,
    "interestIncome": 0,
    "interestExpense": 63300000,
    "depreciationAndAmortization": 129000000,
    "ebitda": 412100000,
    "ebitdaratio": 0.443786345,
    "operatingIncome": 256100000,
    "operatingIncomeRatio": 0.2757915141,
    "totalOtherIncomeExpensesNet": -36300000,
    "incomeBeforeTax": 219800000,
    "incomeBeforeTaxRatio": 0.2367004092,
    "incomeTaxExpense": 11700000,
    "netIncome": 208100000,
    "netIncomeRatio": 0.2241007969,
    "eps": 0.87,
    "epsdiluted": 0.87,
    "weightedAverageShsOut": 235200000,
    "weightedAverageShsOutDil": 235200000,
    "link": "https://www.sec.gov/Archives/edgar/data/352541/000035254118000089/0000352541-18-000089-index.htm",
    "finalLink": "https://www.sec.gov/Archives/edgar/data/52485/000035254118000089/lnt930201810-q.htm"
  },
  {
    "date": "2018-06-30",
    "symbol": "LNT",
    "reportedCurrency": "USD",
    "cik": "0000352541",
    "fillingDate": "2018-08-03",
    "acceptedDate": "2018-08-03 12:00:30",
    "calendarYear": "2018",
    "period": "Q2",
    "revenue": 816100000,
    "costOfRevenue": 513700000,
    "grossProfit": 302400000,
    "grossProfitRatio": 0.3705428256,
    "researchAndDevelopmentExpenses": 0,
    "generalAndAdministrativeExpenses": 0,
    "sellingAndMarketingExpenses": 0,
    "sellingGeneralAndAdministrativeExpenses": 0,
    "otherExpenses": 151200000,
    "operatingExpenses": 151200000,
    "costAndExpenses": 664900000,
    "interestIncome": 0,
    "interestExpense": 61300000,
    "depreciationAndAmortization": 127000000,
    "ebitda": 304800000,
    "ebitdaratio": 0.3734836417,
    "operatingIncome": 151200000,
    "operatingIncomeRatio": 0.1852714128,
    "totalOtherIncomeExpensesNet": -34700000,
    "incomeBeforeTax": 116500000,
    "incomeBeforeTaxRatio": 0.1427521137,
    "incomeTaxExpense": 13600000,
    "netIncome": 102900000,
    "netIncomeRatio": 0.1260874893,
    "eps": 0.43,
    "epsdiluted": 0.43,
    "weightedAverageShsOut": 232000000,
    "weightedAverageShsOutDil": 232000000,
    "link": "https://www.sec.gov/Archives/edgar/data/352541/000035254118000078/0000352541-18-000078-index.htm",
    "finalLink": "https://www.sec.gov/Archives/edgar/data/52485/000035254118000078/lnt630201810-q.htm"
  },
  {
    "date": "2018-03-31",
    "symbol": "LNT",
    "reportedCurrency": "USD",
    "cik": "0000352541",
    "fillingDate": "2018-05-03",
    "acceptedDate": "2018-05-03 17:00:08",
    "calendarYear": "2018",
    "period": "Q1",
    "revenue": 916300000,
    "costOfRevenue": 603200000,
    "grossProfit": 313100000,
    "grossProfitRatio": 0.3417003165,
    "researchAndDevelopmentExpenses": 0,
    "generalAndAdministrativeExpenses": 0,
    "sellingAndMarketingExpenses": 0,
    "sellingGeneralAndAdministrativeExpenses": 0,
    "otherExpenses": 147400000,
    "operatingExpenses": 147400000,
    "costAndExpenses": 750600000,
    "interestIncome": 0,
    "interestExpense": 59200000,
    "depreciationAndAmortization": 120400000,
    "ebitda": 319900000,
    "ebitdaratio": 0.3491214668,
    "operatingIncome": 165700000,
    "operatingIncomeRatio": 0.1808359708,
    "totalOtherIncomeExpensesNet": -25400000,
    "incomeBeforeTax": 140300000,
    "incomeBeforeTaxRatio": 0.1531157918,
    "incomeTaxExpense": 16800000,
    "netIncome": 123500000,
    "netIncomeRatio": 0.1347811852,
    "eps": 0.52,
    "epsdiluted": 0.52,
    "weightedAverageShsOut": 231400000,
    "weightedAverageShsOutDil": 231400000,
    "link": "https://www.sec.gov/Archives/edgar/data/352541/000035254118000051/0000352541-18-000051-index.htm",
    "finalLink": "https://www.sec.gov/Archives/edgar/data/52485/000035254118000051/lnt331201810-q.htm"
  },
  {
    "date": "2017-12-31",
    "symbol": "LNT",
    "reportedCurrency": "USD",
    "cik": "0000352541",
    "fillingDate": "2018-02-23",
    "acceptedDate": "2018-02-23 15:57:37",
    "calendarYear": "2017",
    "period": "Q4",
    "revenue": 856100000,
    "costOfRevenue": 576500000,
    "grossProfit": 279600000,
    "grossProfitRatio": 0.3265973601,
    "researchAndDevelopmentExpenses": 0,
    "generalAndAdministrativeExpenses": 0,
    "sellingAndMarketingExpenses": 0,
    "sellingGeneralAndAdministrativeExpenses": 7100000,
    "otherExpenses": 145600000,
    "operatingExpenses": 145600000,
    "costAndExpenses": 726400000,
    "interestIncome": 100000,
    "interestExpense": 72700000,
    "depreciationAndAmortization": 119100000,
    "ebitda": 273800000,
    "ebitdaratio": 0.3198224506,
    "operatingIncome": 129700000,
    "operatingIncomeRatio": 0.1515009929,
    "totalOtherIncomeExpensesNet": -31600000,
    "incomeBeforeTax": 98100000,
    "incomeBeforeTaxRatio": 0.1145894171,
    "incomeTaxExpense": 1800000,
    "netIncome": 96300000,
    "netIncomeRatio": 0.112486859,
    "eps": 0.41,
    "epsdiluted": 0.41,
    "weightedAverageShsOut": 231200000,
    "weightedAverageShsOutDil": 231200000,
    "link": "https://www.sec.gov/Archives/edgar/data/352541/000035254118000019/0000352541-18-000019-index.htm",
    "finalLink": "https://www.sec.gov/Archives/edgar/data/52485/000035254118000019/lnt1231201710-k.htm"
  },
  {
    "date": "2017-09-30",
    "symbol": "LNT",
    "reportedCurrency": "USD",
    "cik": "0000352541",
    "fillingDate": "2017-11-03",
    "acceptedDate": "2017-11-03 14:10:02",
    "calendarYear": "2017",
    "period": "Q3",
    "revenue": 906900000,
    "costOfRevenue": 522900000,
    "grossProfit": 384000000,
    "grossProfitRatio": 0.4234204433,
    "researchAndDevelopmentExpenses": 0,
    "generalAndAdministrativeExpenses": 0,
    "sellingAndMarketingExpenses": 0,
    "sellingGeneralAndAdministrativeExpenses": 8200000,
    "otherExpenses": 147700000,
    "operatingExpenses": 147700000,
    "costAndExpenses": 675400000,
    "interestIncome": 200000,
    "interestExpense": 53900000,
    "depreciationAndAmortization": 120700000,
    "ebitda": 372100000,
    "ebitdaratio": 0.4102988202,
    "operatingIncome": 231500000,
    "operatingIncomeRatio": 0.2552651891,
    "totalOtherIncomeExpensesNet": -34000000,
    "incomeBeforeTax": 197500000,
    "incomeBeforeTaxRatio": 0.2177748374,
    "incomeTaxExpense": 26100000,
    "netIncome": 171400000,
    "netIncomeRatio": 0.1889954791,
    "eps": 0.73,
    "epsdiluted": 0.73,
    "weightedAverageShsOut": 231000000,
    "weightedAverageShsOutDil": 231000000,
    "link": "https://www.sec.gov/Archives/edgar/data/352541/000035254117000103/0000352541-17-000103-index.htm",
    "finalLink": "https://www.sec.gov/Archives/edgar/data/52485/000035254117000103/lnt930201710-q.htm"
  },
  {
    "date": "2017-06-30",
    "symbol": "LNT",
    "reportedCurrency": "USD",
    "cik": "0000352541",
    "fillingDate": "2017-08-04",
    "acceptedDate": "2017-08-04 14:19:54",
    "calendarYear": "2017",
    "period": "Q2",
    "revenue": 765300000,
    "costOfRevenue": 470900000,
    "grossProfit": 294400000,
    "grossProfitRatio": 0.3846857442,
    "researchAndDevelopmentExpenses": 0,
    "generalAndAdministrativeExpenses": 0,
    "sellingAndMarketingExpenses": 0,
    "sellingGeneralAndAdministrativeExpenses": 7100000,
    "otherExpenses": 140700000,
    "operatingExpenses": 140700000,
    "costAndExpenses": 616000000,
    "interestIncome": 100000,
    "interestExpense": 52800000,
    "depreciationAndAmortization": 115000000,
    "ebitda": 285800000,
    "ebitdaratio": 0.3734483209,
    "operatingIncome": 149300000,
    "operatingIncomeRatio": 0.195086894,
    "totalOtherIncomeExpensesNet": -31300000,
    "incomeBeforeTax": 118000000,
    "incomeBeforeTaxRatio": 0.1541879002,
    "incomeTaxExpense": 21200000,
    "netIncome": 96800000,
    "netIncomeRatio": 0.1264863452,
    "eps": 0.41,
    "epsdiluted": 0.41,
    "weightedAverageShsOut": 229000000,
    "weightedAverageShsOutDil": 229000000,
    "link": "https://www.sec.gov/Archives/edgar/data/352541/000035254117000081/0000352541-17-000081-index.htm",
    "finalLink": "https://www.sec.gov/Archives/edgar/data/52485/000035254117000081/lnt630201710-q.htm"
  },
  {
    "date": "2017-03-31",
    "symbol": "LNT",
    "reportedCurrency": "USD",
    "cik": "0000352541",
    "fillingDate": "2017-05-04",
    "acceptedDate": "2017-05-04 13:48:06",
    "calendarYear": "2017",
    "period": "Q1",
    "revenue": 853900000,
    "costOfRevenue": 573300000,
    "grossProfit": 280600000,
    "grossProfitRatio": 0.3286099075,
    "researchAndDevelopmentExpenses": 0,
    "generalAndAdministrativeExpenses": 0,
    "sellingAndMarketingExpenses": 0,
    "sellingGeneralAndAdministrativeExpenses": 0,
    "otherExpenses": 133400000,
    "operatingExpenses": 133400000,
    "costAndExpenses": 711000000,
    "interestIncome": 100000,
    "interestExpense": 52300000,
    "depreciationAndAmortization": 107000000,
    "ebitda": 278500000,
    "ebitdaratio": 0.3261506031,
    "operatingIncome": 142900000,
    "operatingIncomeRatio": 0.1673498068,
    "totalOtherIncomeExpensesNet": -23700000,
    "incomeBeforeTax": 119200000,
    "incomeBeforeTaxRatio": 0.1395948003,
    "incomeTaxExpense": 17600000,
    "netIncome": 103000000,
    "netIncomeRatio": 0.1206230238,
    "eps": 0.44,
    "epsdiluted": 0.44,
    "weightedAverageShsOut": 227600000,
    "weightedAverageShsOutDil": 227600000,
    "link": "https://www.sec.gov/Archives/edgar/data/352541/000035254117000054/0000352541-17-000054-index.htm",
    "finalLink": "https://www.sec.gov/Archives/edgar/data/52485/000035254117000054/lnt331201710-q.htm"
  },
  {
    "date": "2016-12-31",
    "symbol": "LNT",
    "reportedCurrency": "USD",
    "cik": "0000352541",
    "fillingDate": "2017-02-24",
    "acceptedDate": "2017-02-24 14:12:09",
    "calendarYear": "2016",
    "period": "Q4",
    "revenue": 797000000,
    "costOfRevenue": 569100000,
    "grossProfit": 227900000,
    "grossProfitRatio": 0.2859473024,
    "researchAndDevelopmentExpenses": 0,
    "generalAndAdministrativeExpenses": 0,
    "sellingAndMarketingExpenses": 0,
    "sellingGeneralAndAdministrativeExpenses": 21300000,
    "otherExpenses": 106700000,
    "operatingExpenses": 128000000,
    "costAndExpenses": 697100000,
    "interestIncome": 200000,
    "interestExpense": 71600000,
    "depreciationAndAmortization": 102900000,
    "ebitda": 252200000,
    "ebitdaratio": 0.3164366374,
    "operatingIncome": 99900000,
    "operatingIncomeRatio": 0.1253450439,
    "totalOtherIncomeExpensesNet": -22200000,
    "incomeBeforeTax": 77700000,
    "incomeBeforeTaxRatio": 0.0974905897,
    "incomeTaxExpense": 12200000,
    "netIncome": 65200000,
    "netIncomeRatio": 0.0818067754,
    "eps": 0.28,
    "epsdiluted": 0.28,
    "weightedAverageShsOut": 227400000,
    "weightedAverageShsOutDil": 227400000,
    "link": "https://www.sec.gov/Archives/edgar/data/352541/000035254117000017/0000352541-17-000017-index.htm",
    "finalLink": "https://www.sec.gov/Archives/edgar/data/52485/000035254117000017/lnt1231201610-k.htm"
  },
  {
    "date": "2016-09-30",
    "symbol": "LNT",
    "reportedCurrency": "USD",
    "cik": "0000352541",
    "fillingDate": "2016-11-04",
    "acceptedDate": "2016-11-04 12:28:32",
    "calendarYear": "2016",
    "period": "Q3",
    "revenue": 924600000,
    "costOfRevenue": 545600000,
    "grossProfit": 379000000,
    "grossProfitRatio": 0.4099069868,
    "researchAndDevelopmentExpenses": 0,
    "generalAndAdministrativeExpenses": 0,
    "sellingAndMarketingExpenses": 0,
    "sellingGeneralAndAdministrativeExpenses": 7000000,
    "otherExpenses": 130000000,
    "operatingExpenses": 130000000,
    "costAndExpenses": 675600000,
    "interestIncome": 100000,
    "interestExpense": 48800000,
    "depreciationAndAmortization": 104100000,
    "ebitda": 291800000,
    "ebitdaratio": 0.3155959334,
    "operatingIncome": 162600000,
    "operatingIncomeRatio": 0.1758598313,
    "totalOtherIncomeExpensesNet": -23700000,
    "incomeBeforeTax": 138900000,
    "incomeBeforeTaxRatio": 0.1502271252,
    "incomeTaxExpense": 7500000,
    "netIncome": 131000000,
    "netIncomeRatio": 0.1416828899,
    "eps": 0.57,
    "epsdiluted": 0.57,
    "weightedAverageShsOut": 227200000,
    "weightedAverageShsOutDil": 227200000,
    "link": "https://www.sec.gov/Archives/edgar/data/352541/000035254116000203/0000352541-16-000203-index.htm",
    "finalLink": "https://www.sec.gov/Archives/edgar/data/52485/000035254116000203/lnt930201610-q.htm"
  },
  {
    "date": "2016-06-30",
    "symbol": "LNT",
    "reportedCurrency": "USD",
    "cik": "0000352541",
    "fillingDate": "2016-08-02",
    "acceptedDate": "2016-08-02 13:47:00",
    "calendarYear": "2016",
    "period": "Q2",
    "revenue": 754600000,
    "costOfRevenue": 498900000,
    "grossProfit": 255700000,
    "grossProfitRatio": 0.3388550225,
    "researchAndDevelopmentExpenses": 0,
    "generalAndAdministrativeExpenses": 0,
    "sellingAndMarketingExpenses": 0,
    "sellingGeneralAndAdministrativeExpenses": 0,
    "otherExpenses": 127100000,
    "operatingExpenses": 127100000,
    "costAndExpenses": 626000000,
    "interestIncome": 0,
    "interestExpense": 48000000,
    "depreciationAndAmortization": 102100000,
    "ebitda": 255100000,
    "ebitdaratio": 0.3380598993,
    "operatingIncome": 128600000,
    "operatingIncomeRatio": 0.1704214153,
    "totalOtherIncomeExpensesNet": -23600000,
    "incomeBeforeTax": 105000000,
    "incomeBeforeTaxRatio": 0.1391465677,
    "incomeTaxExpense": 18100000,
    "netIncome": 86400000,
    "netIncomeRatio": 0.1144977472,
    "eps": 0.37,
    "epsdiluted": 0.37,
    "weightedAverageShsOut": 227000000,
    "weightedAverageShsOutDil": 227000000,
    "link": "https://www.sec.gov/Archives/edgar/data/352541/000035254116000165/0000352541-16-000165-index.htm",
    "finalLink": "https://www.sec.gov/Archives/edgar/data/52485/000035254116000165/lnt630201610-q.htm"
  },
  {
    "date": "2016-03-31",
    "symbol": "LNT",
    "reportedCurrency": "USD",
    "cik": "0000352541",
    "fillingDate": "2016-05-05",
    "acceptedDate": "2016-05-05 11:38:28",
    "calendarYear": "2016",
    "period": "Q1",
    "revenue": 843800000,
    "costOfRevenue": 569100000,
    "grossProfit": 274700000,
    "grossProfitRatio": 0.3255510785,
    "researchAndDevelopmentExpenses": 0,
    "generalAndAdministrativeExpenses": 0,
    "sellingAndMarketingExpenses": 0,
    "sellingGeneralAndAdministrativeExpenses": 0,
    "otherExpenses": 128800000,
    "operatingExpenses": 128800000,
    "costAndExpenses": 697900000,
    "interestIncome": 200000,
    "interestExpense": 48000000,
    "depreciationAndAmortization": 102500000,
    "ebitda": 272300000,
    "ebitdaratio": 0.3227068026,
    "operatingIncome": 145900000,
    "operatingIncomeRatio": 0.1729082721,
    "totalOtherIncomeExpensesNet": -24100000,
    "incomeBeforeTax": 121800000,
    "incomeBeforeTaxRatio": 0.1443470017,
    "incomeTaxExpense": 21600000,
    "netIncome": 99100000,
    "netIncomeRatio": 0.1174448922,
    "eps": 0.43,
    "epsdiluted": 0.43,
    "weightedAverageShsOut": 224243903,
    "weightedAverageShsOutDil": 226800000,
    "link": "https://www.sec.gov/Archives/edgar/data/352541/000035254116000116/0000352541-16-000116-index.htm",
    "finalLink": "https://www.sec.gov/Archives/edgar/data/52485/000035254116000116/lnt331201610-q.htm"
  },
  {
    "date": "2015-12-31",
    "symbol": "LNT",
    "reportedCurrency": "USD",
    "cik": "0000352541",
    "fillingDate": "2016-02-24",
    "acceptedDate": "2016-02-24 15:40:11",
    "calendarYear": "2015",
    "period": "Q4",
    "revenue": 740100000,
    "costOfRevenue": 534400000,
    "grossProfit": 205700000,
    "grossProfitRatio": 0.2779354141,
    "researchAndDevelopmentExpenses": 0,
    "generalAndAdministrativeExpenses": 0,
    "sellingAndMarketingExpenses": 0,
    "sellingGeneralAndAdministrativeExpenses": 0,
    "otherExpenses": 126500000,
    "operatingExpenses": 126500000,
    "costAndExpenses": 660900000,
    "interestIncome": 300000,
    "interestExpense": 60100000,
    "depreciationAndAmortization": 113800000,
    "ebitda": 222500000,
    "ebitdaratio": 0.3006350493,
    "operatingIncome": 79200000,
    "operatingIncomeRatio": 0.1070125659,
    "totalOtherIncomeExpensesNet": -30600000,
    "incomeBeforeTax": 48600000,
    "incomeBeforeTaxRatio": 0.0656668018,
    "incomeTaxExpense": 10900000,
    "netIncome": 36600000,
    "netIncomeRatio": 0.0494527767,
    "eps": 0.15,
    "epsdiluted": 0.15,
    "weightedAverageShsOut": 226600000,
    "weightedAverageShsOutDil": 226600000,
    "link": "https://www.sec.gov/Archives/edgar/data/352541/000035254116000076/0000352541-16-000076-index.htm",
    "finalLink": "https://www.sec.gov/Archives/edgar/data/52485/000035254116000076/lnt1231201510-k.htm"
  },
  {
    "date": "2015-09-30",
    "symbol": "LNT",
    "reportedCurrency": "USD",
    "cik": "0000352541",
    "fillingDate": "2015-11-06",
    "acceptedDate": "2015-11-06 13:08:25",
    "calendarYear": "2015",
    "period": "Q3",
    "revenue": 898900000,
    "costOfRevenue": 538100000,
    "grossProfit": 360800000,
    "grossProfitRatio": 0.4013794638,
    "researchAndDevelopmentExpenses": 0,
    "generalAndAdministrativeExpenses": 0,
    "sellingAndMarketingExpenses": 0,
    "sellingGeneralAndAdministrativeExpenses": 0,
    "otherExpenses": 132900000,
    "operatingExpenses": 132900000,
    "costAndExpenses": 663000000,
    "interestIncome": 100000,
    "interestExpense": 46400000,
    "depreciationAndAmortization": 99300000,
    "ebitda": 356100000,
    "ebitdaratio": 0.396150851,
    "operatingIncome": 235900000,
    "operatingIncomeRatio": 0.2624318612,
    "totalOtherIncomeExpensesNet": -25500000,
    "incomeBeforeTax": 210400000,
    "incomeBeforeTaxRatio": 0.2340638558,
    "incomeTaxExpense": 27800000,
    "netIncome": 182500000,
    "netIncomeRatio": 0.2030259206,
    "eps": 0.79,
    "epsdiluted": 0.79,
    "weightedAverageShsOut": 226400000,
    "weightedAverageShsOutDil": 226400000,
    "link": "https://www.sec.gov/Archives/edgar/data/352541/000035254115000030/0000352541-15-000030-index.htm",
    "finalLink": "https://www.sec.gov/Archives/edgar/data/52485/000035254115000030/lnt930201510-q.htm"
  },
  {
    "date": "2015-06-30",
    "symbol": "LNT",
    "reportedCurrency": "USD",
    "cik": "0000352541",
    "fillingDate": "2015-08-06",
    "acceptedDate": "2015-08-06 16:49:16",
    "calendarYear": "2015",
    "period": "Q2",
    "revenue": 717200000,
    "costOfRevenue": 481300000,
    "grossProfit": 235900000,
    "grossProfitRatio": 0.3289180145,
    "researchAndDevelopmentExpenses": 0,
    "generalAndAdministrativeExpenses": 0,
    "sellingAndMarketingExpenses": 0,
    "sellingGeneralAndAdministrativeExpenses": 0,
    "otherExpenses": 126900000,
    "operatingExpenses": 126900000,
    "costAndExpenses": 608200000,
    "interestIncome": 200000,
    "interestExpense": 46500000,
    "depreciationAndAmortization": 100400000,
    "ebitda": 229500000,
    "ebitdaratio": 0.3199944228,
    "operatingIncome": 109000000,
    "operatingIncomeRatio": 0.1519799219,
    "totalOtherIncomeExpensesNet": -26400000,
    "incomeBeforeTax": 82600000,
    "incomeBeforeTaxRatio": 0.115170106,
    "incomeTaxExpense": 11200000,
    "netIncome": 70100000,
    "netIncomeRatio": 0.0977412158,
    "eps": 0.3,
    "epsdiluted": 0.3,
    "weightedAverageShsOut": 226200000,
    "weightedAverageShsOutDil": 226200000,
    "link": "https://www.sec.gov/Archives/edgar/data/352541/000035254115000022/0000352541-15-000022-index.htm",
    "finalLink": "https://www.sec.gov/Archives/edgar/data/52485/000035254115000022/lnt630201510-q.htm"
  },
  {
    "date": "2015-03-31",
    "symbol": "LNT",
    "reportedCurrency": "USD",
    "cik": "0000352541",
    "fillingDate": "2015-05-01",
    "acceptedDate": "2015-05-01 13:54:08",
    "calendarYear": "2015",
    "period": "Q1",
    "revenue": 897400000,
    "costOfRevenue": 617800000,
    "grossProfit": 279600000,
    "grossProfitRatio": 0.3115667484,
    "researchAndDevelopmentExpenses": 0,
    "generalAndAdministrativeExpenses": 0,
    "sellingAndMarketingExpenses": 0,
    "sellingGeneralAndAdministrativeExpenses": 0,
    "otherExpenses": 126700000,
    "operatingExpenses": 126700000,
    "costAndExpenses": 744500000,
    "interestIncome": 100000,
    "interestExpense": 46600000,
    "depreciationAndAmortization": 100200000,
    "ebitda": 266500000,
    "ebitdaratio": 0.2969690216,
    "operatingIncome": 152900000,
    "operatingIncomeRatio": 0.170381101,
    "totalOtherIncomeExpensesNet": -33200000,
    "incomeBeforeTax": 119700000,
    "incomeBeforeTaxRatio": 0.1333853354,
    "incomeTaxExpense": 20500000,
    "netIncome": 99200000,
    "netIncomeRatio": 0.1105415645,
    "eps": 0.44,
    "epsdiluted": 0.44,
    "weightedAverageShsOut": 222200000,
    "weightedAverageShsOutDil": 222200000,
    "link": "https://www.sec.gov/Archives/edgar/data/352541/000035254115000011/0000352541-15-000011-index.htm",
    "finalLink": "https://www.sec.gov/Archives/edgar/data/52485/000035254115000011/lnt331201510-q.htm"
  },
  {
    "date": "2014-12-31",
    "symbol": "LNT",
    "reportedCurrency": "USD",
    "cik": "0000352541",
    "fillingDate": "2015-02-25",
    "acceptedDate": "2015-02-24 20:52:50",
    "calendarYear": "2014",
    "period": "Q4",
    "revenue": 804100000,
    "costOfRevenue": 587800000,
    "grossProfit": 216300000,
    "grossProfitRatio": 0.2689963935,
    "researchAndDevelopmentExpenses": 0,
    "generalAndAdministrativeExpenses": 0,
    "sellingAndMarketingExpenses": 0,
    "sellingGeneralAndAdministrativeExpenses": 0,
    "otherExpenses": 125000000,
    "operatingExpenses": 125000000,
    "costAndExpenses": 712800000,
    "interestIncome": 0,
    "interestExpense": 57400000,
    "depreciationAndAmortization": 112000000,
    "ebitda": 230200000,
    "ebitdaratio": 0.2862828006,
    "operatingIncome": 91300000,
    "operatingIncomeRatio": 0.1135430917,
    "totalOtherIncomeExpensesNet": -30500000,
    "incomeBeforeTax": 60800000,
    "incomeBeforeTaxRatio": 0.075612486,
    "incomeTaxExpense": -1900000,
    "netIncome": 62500000,
    "netIncomeRatio": 0.0777266509,
    "eps": 0.27,
    "epsdiluted": 0.27,
    "weightedAverageShsOut": 221600000,
    "weightedAverageShsOutDil": 221600000,
    "link": "https://www.sec.gov/Archives/edgar/data/352541/000035254115000005/0000352541-15-000005-index.htm",
    "finalLink": "https://www.sec.gov/Archives/edgar/data/52485/000035254115000005/lnt1231201410-k.htm"
  },
  {
    "date": "2014-09-30",
    "symbol": "LNT",
    "reportedCurrency": "USD",
    "cik": "0000352541",
    "fillingDate": "2014-11-07",
    "acceptedDate": "2014-11-07 14:40:47",
    "calendarYear": "2014",
    "period": "Q3",
    "revenue": 843100000,
    "costOfRevenue": 525600000,
    "grossProfit": 317500000,
    "grossProfitRatio": 0.3765864073,
    "researchAndDevelopmentExpenses": 0,
    "generalAndAdministrativeExpenses": 0,
    "sellingAndMarketingExpenses": 0,
    "sellingGeneralAndAdministrativeExpenses": 0,
    "otherExpenses": 122700000,
    "operatingExpenses": 122700000,
    "costAndExpenses": 648300000,
    "interestIncome": 200000,
    "interestExpense": 44600000,
    "depreciationAndAmortization": 97100000,
    "ebitda": 311900000,
    "ebitdaratio": 0.3699442534,
    "operatingIncome": 194800000,
    "operatingIncomeRatio": 0.2310520697,
    "totalOtherIncomeExpensesNet": -24600000,
    "incomeBeforeTax": 170200000,
    "incomeBeforeTaxRatio": 0.2018740363,
    "incomeTaxExpense": 12400000,
    "netIncome": 155900000,
    "netIncomeRatio": 0.1849128217,
    "eps": 0.69,
    "epsdiluted": 0.69,
    "weightedAverageShsOut": 221600000,
    "weightedAverageShsOutDil": 221600000,
    "link": "https://www.sec.gov/Archives/edgar/data/352541/000035254114000025/0000352541-14-000025-index.htm",
    "finalLink": "https://www.sec.gov/Archives/edgar/data/52485/000035254114000025/lnt930201410-q.htm"
  },
  {
    "date": "2014-06-30",
    "symbol": "LNT",
    "reportedCurrency": "USD",
    "cik": "0000352541",
    "fillingDate": "2014-08-07",
    "acceptedDate": "2014-08-07 12:19:38",
    "calendarYear": "2014",
    "period": "Q2",
    "revenue": 750300000,
    "costOfRevenue": 527100000,
    "grossProfit": 223200000,
    "grossProfitRatio": 0.2974810076,
    "researchAndDevelopmentExpenses": 0,
    "generalAndAdministrativeExpenses": 0,
    "sellingAndMarketingExpenses": 0,
    "sellingGeneralAndAdministrativeExpenses": 0,
    "otherExpenses": 119900000,
    "operatingExpenses": 119900000,
    "costAndExpenses": 647000000,
    "interestIncome": 0,
    "interestExpense": 45200000,
    "depreciationAndAmortization": 95800000,
    "ebitda": 218700000,
    "ebitdaratio": 0.2914834066,
    "operatingIncome": 103300000,
    "operatingIncomeRatio": 0.137678262,
    "totalOtherIncomeExpensesNet": -25500000,
    "incomeBeforeTax": 77800000,
    "incomeBeforeTaxRatio": 0.1036918566,
    "incomeTaxExpense": 13200000,
    "netIncome": 64300000,
    "netIncomeRatio": 0.0856990537,
    "eps": 0.28,
    "epsdiluted": 0.28,
    "weightedAverageShsOut": 221600000,
    "weightedAverageShsOutDil": 221600000,
    "link": "https://www.sec.gov/Archives/edgar/data/352541/000035254114000019/0000352541-14-000019-index.htm",
    "finalLink": "https://www.sec.gov/Archives/edgar/data/52485/000035254114000019/lnt630201410-q.htm"
  },
  {
    "date": "2014-03-31",
    "symbol": "LNT",
    "reportedCurrency": "USD",
    "cik": "0000352541",
    "fillingDate": "2014-05-02",
    "acceptedDate": "2014-05-02 14:06:14",
    "calendarYear": "2014",
    "period": "Q1",
    "revenue": 952800000,
    "costOfRevenue": 677000000,
    "grossProfit": 275800000,
    "grossProfitRatio": 0.2894626364,
    "researchAndDevelopmentExpenses": 0,
    "generalAndAdministrativeExpenses": 0,
    "sellingAndMarketingExpenses": 0,
    "sellingGeneralAndAdministrativeExpenses": 0,
    "otherExpenses": 121600000,
    "operatingExpenses": 121600000,
    "costAndExpenses": 798600000,
    "interestIncome": 1700000,
    "interestExpense": 45200000,
    "depreciationAndAmortization": 95500000,
    "ebitda": 271900000,
    "ebitdaratio": 0.2853694374,
    "operatingIncome": 154200000,
    "operatingIncomeRatio": 0.1618387909,
    "totalOtherIncomeExpensesNet": -23000000,
    "incomeBeforeTax": 131200000,
    "incomeBeforeTaxRatio": 0.1376994123,
    "incomeTaxExpense": 20600000,
    "netIncome": 110600000,
    "netIncomeRatio": 0.1160789253,
    "eps": 0.49,
    "epsdiluted": 0.49,
    "weightedAverageShsOut": 221600000,
    "weightedAverageShsOutDil": 221600000,
    "link": "https://www.sec.gov/Archives/edgar/data/352541/000035254114000011/0000352541-14-000011-index.htm",
    "finalLink": "https://www.sec.gov/Archives/edgar/data/52485/000035254114000011/lnt331201410-q.htm"
  },
  {
    "date": "2013-12-31",
    "symbol": "LNT",
    "reportedCurrency": "USD",
    "cik": "0000352541",
    "fillingDate": "2014-02-25",
    "acceptedDate": "2014-02-25 16:20:51",
    "calendarYear": "2013",
    "period": "Q4",
    "revenue": 832600000,
    "costOfRevenue": 605200000,
    "grossProfit": 227400000,
    "grossProfitRatio": 0.2731203459,
    "researchAndDevelopmentExpenses": 0,
    "generalAndAdministrativeExpenses": 0,
    "sellingAndMarketingExpenses": 0,
    "sellingGeneralAndAdministrativeExpenses": 0,
    "otherExpenses": 118800000,
    "operatingExpenses": 118800000,
    "costAndExpenses": 724000000,
    "interestIncome": 6600000,
    "interestExpense": 55700000,
    "depreciationAndAmortization": 104600000,
    "ebitda": 243100000,
    "ebitdaratio": 0.2919769397,
    "operatingIncome": 108600000,
    "operatingIncomeRatio": 0.1304347826,
    "totalOtherIncomeExpensesNet": -25800000,
    "incomeBeforeTax": 82800000,
    "incomeBeforeTaxRatio": 0.0994475138,
    "incomeTaxExpense": 13700000,
    "netIncome": 68100000,
    "netIncomeRatio": 0.0817919769,
    "eps": 0.3,
    "epsdiluted": 0.3,
    "weightedAverageShsOut": 218267852,
    "weightedAverageShsOutDil": 221600000,
    "link": "https://www.sec.gov/Archives/edgar/data/352541/000035254114000006/0000352541-14-000006-index.htm",
    "finalLink": "https://www.sec.gov/Archives/edgar/data/52485/000035254114000006/lnt1231201310-k.htm"
  },
  {
    "date": "2013-09-30",
    "symbol": "LNT",
    "reportedCurrency": "USD",
    "cik": "0000352541",
    "fillingDate": "2013-11-07",
    "acceptedDate": "2013-11-07 11:59:26",
    "calendarYear": "2013",
    "period": "Q3",
    "revenue": 866600000,
    "costOfRevenue": 548200000,
    "grossProfit": 318400000,
    "grossProfitRatio": 0.3674128779,
    "researchAndDevelopmentExpenses": 0,
    "generalAndAdministrativeExpenses": 0,
    "sellingAndMarketingExpenses": 0,
    "sellingGeneralAndAdministrativeExpenses": 0,
    "otherExpenses": 117000000,
    "operatingExpenses": 117000000,
    "costAndExpenses": 665200000,
    "interestIncome": 600000,
    "interestExpense": 42500000,
    "depreciationAndAmortization": 101900000,
    "ebitda": 323500000,
    "ebitdaratio": 0.373297946,
    "operatingIncome": 201400000,
    "operatingIncomeRatio": 0.2324024925,
    "totalOtherIncomeExpensesNet": -22300000,
    "incomeBeforeTax": 179100000,
    "incomeBeforeTaxRatio": 0.2066697438,
    "incomeTaxExpense": 17600000,
    "netIncome": 160200000,
    "netIncomeRatio": 0.1848603739,
    "eps": 0.71,
    "epsdiluted": 0.71,
    "weightedAverageShsOut": 221600000,
    "weightedAverageShsOutDil": 221600000,
    "link": "https://www.sec.gov/Archives/edgar/data/352541/000035254113000026/0000352541-13-000026-index.htm",
    "finalLink": "https://www.sec.gov/Archives/edgar/data/52485/000035254113000026/lnt930201310-q.htm"
  },
  {
    "date": "2013-06-30",
    "symbol": "LNT",
    "reportedCurrency": "USD",
    "cik": "0000352541",
    "fillingDate": "2013-08-02",
    "acceptedDate": "2013-08-02 16:06:23",
    "calendarYear": "2013",
    "period": "Q2",
    "revenue": 718000000,
    "costOfRevenue": 498800000,
    "grossProfit": 219200000,
    "grossProfitRatio": 0.3052924791,
    "researchAndDevelopmentExpenses": 0,
    "generalAndAdministrativeExpenses": 0,
    "sellingAndMarketingExpenses": 0,
    "sellingGeneralAndAdministrativeExpenses": -17900000,
    "otherExpenses": 116000000,
    "operatingExpenses": 98100000,
    "costAndExpenses": 596900000,
    "interestIncome": 300000,
    "interestExpense": 42500000,
    "depreciationAndAmortization": 92700000,
    "ebitda": 214100000,
    "ebitdaratio": 0.298189415,
    "operatingIncome": 103200000,
    "operatingIncomeRatio": 0.1437325905,
    "totalOtherIncomeExpensesNet": -24300000,
    "incomeBeforeTax": 78900000,
    "incomeBeforeTaxRatio": 0.1098885794,
    "incomeTaxExpense": 10500000,
    "netIncome": 67800000,
    "netIncomeRatio": 0.0944289694,
    "eps": 0.29,
    "epsdiluted": 0.3,
    "weightedAverageShsOut": 221600000,
    "weightedAverageShsOutDil": 221887338,
    "link": "https://www.sec.gov/Archives/edgar/data/352541/000035254113000020/0000352541-13-000020-index.htm",
    "finalLink": "https://www.sec.gov/Archives/edgar/data/52485/000035254113000020/lnt630201310-q.htm"
  },
  {
    "date": "2013-03-31",
    "symbol": "LNT",
    "reportedCurrency": "USD",
    "cik": "0000352541",
    "fillingDate": "2013-05-03",
    "acceptedDate": "2013-05-03 13:39:44",
    "calendarYear": "2013",
    "period": "Q1",
    "revenue": 859600000,
    "costOfRevenue": 620200000,
    "grossProfit": 239400000,
    "grossProfitRatio": 0.2785016287,
    "researchAndDevelopmentExpenses": 0,
    "generalAndAdministrativeExpenses": 0,
    "sellingAndMarketingExpenses": 0,
    "sellingGeneralAndAdministrativeExpenses": -16300000,
    "otherExpenses": 118700000,
    "operatingExpenses": 102400000,
    "costAndExpenses": 722600000,
    "interestIncome": 800000,
    "interestExpense": 42600000,
    "depreciationAndAmortization": 92600000,
    "ebitda": 230400000,
    "ebitdaratio": 0.2680316426,
    "operatingIncome": 120700000,
    "operatingIncomeRatio": 0.1404141461,
    "totalOtherIncomeExpensesNet": -25500000,
    "incomeBeforeTax": 95200000,
    "incomeBeforeTaxRatio": 0.1107491857,
    "incomeTaxExpense": 12100000,
    "netIncome": 80100000,
    "netIncomeRatio": 0.0931828758,
    "eps": 0.32,
    "epsdiluted": 0.32,
    "weightedAverageShsOut": 221600000,
    "weightedAverageShsOutDil": 221600000,
    "link": "https://www.sec.gov/Archives/edgar/data/352541/000035254113000012/0000352541-13-000012-index.htm",
    "finalLink": "https://www.sec.gov/Archives/edgar/data/52485/000035254113000012/lnt331201310-q.htm"
  },
  {
    "date": "2012-12-31",
    "symbol": "LNT",
    "reportedCurrency": "USD",
    "cik": "0000352541",
    "fillingDate": "2013-02-26",
    "acceptedDate": "2013-02-26 17:15:59",
    "calendarYear": "2012",
    "period": "Q4",
    "revenue": 750900000,
    "costOfRevenue": 539600000,
    "grossProfit": 211300000,
    "grossProfitRatio": 0.2813956585,
    "researchAndDevelopmentExpenses": 0,
    "generalAndAdministrativeExpenses": 0,
    "sellingAndMarketingExpenses": 0,
    "sellingGeneralAndAdministrativeExpenses": 0,
    "otherExpenses": 109700000,
    "operatingExpenses": 109700000,
    "costAndExpenses": 630900000,
    "interestIncome": 1600000,
    "interestExpense": 48700000,
    "depreciationAndAmortization": 140000000,
    "ebitda": 269400000,
    "ebitdaratio": 0.3587694766,
    "operatingIncome": 101600000,
    "operatingIncomeRatio": 0.1353043015,
    "totalOtherIncomeExpensesNet": -20900000,
    "incomeBeforeTax": 80700000,
    "incomeBeforeTaxRatio": 0.1074710348,
    "incomeTaxExpense": 5600000,
    "netIncome": 72300000,
    "netIncomeRatio": 0.0962844586,
    "eps": 0.31,
    "epsdiluted": 0.31,
    "weightedAverageShsOut": 221544000,
    "weightedAverageShsOutDil": 221564000,
    "link": "https://www.sec.gov/Archives/edgar/data/352541/000035254113000007/0000352541-13-000007-index.htm",
    "finalLink": "https://www.sec.gov/Archives/edgar/data/52485/000035254113000007/lnt1231201210-k.htm"
  },
  {
    "date": "2012-09-30",
    "symbol": "LNT",
    "reportedCurrency": "USD",
    "cik": "0000352541",
    "fillingDate": "2012-11-09",
    "acceptedDate": "2012-11-09 11:38:52",
    "calendarYear": "2012",
    "period": "Q3",
    "revenue": 887600000,
    "costOfRevenue": 566600000,
    "grossProfit": 321000000,
    "grossProfitRatio": 0.3616493916,
    "researchAndDevelopmentExpenses": 0,
    "generalAndAdministrativeExpenses": 0,
    "sellingAndMarketingExpenses": 0,
    "sellingGeneralAndAdministrativeExpenses": -16200000,
    "otherExpenses": 107300000,
    "operatingExpenses": 91100000,
    "costAndExpenses": 673900000,
    "interestIncome": 700000,
    "interestExpense": 38300000,
    "depreciationAndAmortization": 83600000,
    "ebitda": 314200000,
    "ebitdaratio": 0.353988283,
    "operatingIncome": 213700000,
    "operatingIncomeRatio": 0.2407616043,
    "totalOtherIncomeExpensesNet": -21400000,
    "incomeBeforeTax": 192300000,
    "incomeBeforeTaxRatio": 0.2166516449,
    "incomeTaxExpense": 39300000,
    "netIncome": 154700000,
    "netIncomeRatio": 0.1742902208,
    "eps": 0.68,
    "epsdiluted": 0.68,
    "weightedAverageShsOut": 221536000,
    "weightedAverageShsOutDil": 221558000,
    "link": "https://www.sec.gov/Archives/edgar/data/352541/000035254112000017/0000352541-12-000017-index.htm",
    "finalLink": "https://www.sec.gov/Archives/edgar/data/52485/000035254112000017/lnt930201210-q.htm"
  },
  {
    "date": "2012-06-30",
    "symbol": "LNT",
    "reportedCurrency": "USD",
    "cik": "0000352541",
    "fillingDate": "2012-08-03",
    "acceptedDate": "2012-08-03 15:12:38",
    "calendarYear": "2012",
    "period": "Q2",
    "revenue": 690300000,
    "costOfRevenue": 337600000,
    "grossProfit": 352700000,
    "grossProfitRatio": 0.5109372736,
    "researchAndDevelopmentExpenses": 0,
    "generalAndAdministrativeExpenses": 0,
    "sellingAndMarketingExpenses": 0,
    "sellingGeneralAndAdministrativeExpenses": 0,
    "otherExpenses": 243900000,
    "operatingExpenses": 243900000,
    "costAndExpenses": 581500000,
    "interestIncome": 600000,
    "interestExpense": 38600000,
    "depreciationAndAmortization": 94300000,
    "ebitda": 206000000,
    "ebitdaratio": 0.2984209764,
    "operatingIncome": 108800000,
    "operatingIncomeRatio": 0.1576126322,
    "totalOtherIncomeExpensesNet": -22600000,
    "incomeBeforeTax": 86200000,
    "incomeBeforeTaxRatio": 0.1248732435,
    "incomeTaxExpense": 16800000,
    "netIncome": 69800000,
    "netIncomeRatio": 0.101115457,
    "eps": 0.3,
    "epsdiluted": 0.3,
    "weightedAverageShsOut": 221512000,
    "weightedAverageShsOutDil": 221538000,
    "link": "https://www.sec.gov/Archives/edgar/data/352541/000035254112000008/0000352541-12-000008-index.htm",
    "finalLink": "https://www.sec.gov/Archives/edgar/data/52485/000035254112000008/lnt630201210-q.htm"
  },
  {
    "date": "2012-03-31",
    "symbol": "LNT",
    "reportedCurrency": "USD",
    "cik": "0000352541",
    "fillingDate": "2012-05-04",
    "acceptedDate": "2012-05-04 14:52:20",
    "calendarYear": "2012",
    "period": "Q1",
    "revenue": 765700000,
    "costOfRevenue": 407600000,
    "grossProfit": 358100000,
    "grossProfitRatio": 0.4676766358,
    "researchAndDevelopmentExpenses": 0,
    "generalAndAdministrativeExpenses": 0,
    "sellingAndMarketingExpenses": 0,
    "sellingGeneralAndAdministrativeExpenses": 0,
    "otherExpenses": 262500000,
    "operatingExpenses": 262500000,
    "costAndExpenses": 670100000,
    "interestIncome": 1100000,
    "interestExpense": 38900000,
    "depreciationAndAmortization": 83600000,
    "ebitda": 192900000,
    "ebitdaratio": 0.2519263419,
    "operatingIncome": 95600000,
    "operatingIncomeRatio": 0.1248530756,
    "totalOtherIncomeExpensesNet": -24600000,
    "incomeBeforeTax": 71000000,
    "incomeBeforeTaxRatio": 0.0927256106,
    "incomeTaxExpense": 27700000,
    "netIncome": 38900000,
    "netIncomeRatio": 0.0508031866,
    "eps": 0.16,
    "epsdiluted": 0.16,
    "weightedAverageShsOut": 221432000,
    "weightedAverageShsOutDil": 221482000,
    "link": "https://www.sec.gov/Archives/edgar/data/352541/000119312512211596/0001193125-12-211596-index.htm",
    "finalLink": "https://www.sec.gov/Archives/edgar/data/52485/000119312512211596/d328162d10q.htm"
  },
  {
    "date": "2011-12-31",
    "symbol": "LNT",
    "reportedCurrency": "USD",
    "cik": "0000352541",
    "fillingDate": "2012-02-27",
    "acceptedDate": "2012-02-27 16:20:49",
    "calendarYear": "2011",
    "period": "Q4",
    "revenue": 879200000,
    "costOfRevenue": 391900000,
    "grossProfit": 487300000,
    "grossProfitRatio": 0.5542538672,
    "researchAndDevelopmentExpenses": 0,
    "generalAndAdministrativeExpenses": 0,
    "sellingAndMarketingExpenses": 0,
    "sellingGeneralAndAdministrativeExpenses": 0,
    "otherExpenses": 393800000,
    "operatingExpenses": 393800000,
    "costAndExpenses": 785700000,
    "interestIncome": 2000000,
    "interestExpense": 38600000,
    "depreciationAndAmortization": 81500000,
    "ebitda": 190100000,
    "ebitdaratio": 0.2162192903,
    "operatingIncome": 93500000,
    "operatingIncomeRatio": 0.1063466788,
    "totalOtherIncomeExpensesNet": -23500000,
    "incomeBeforeTax": 70000000,
    "incomeBeforeTaxRatio": 0.0796178344,
    "incomeTaxExpense": 9000000,
    "netIncome": 61000000,
    "netIncomeRatio": 0.0693812557,
    "eps": 0.28,
    "epsdiluted": 0.28,
    "weightedAverageShsOut": 110626000000,
    "weightedAverageShsOutDil": 110678000000,
    "link": "https://www.sec.gov/Archives/edgar/data/352541/000119312512081622/0001193125-12-081622-index.htm",
    "finalLink": "https://www.sec.gov/Archives/edgar/data/52485/000119312512081622/d258440d10k.htm"
  },
  {
    "date": "2011-09-30",
    "symbol": "LNT",
    "reportedCurrency": "USD",
    "cik": "0000352541",
    "fillingDate": "2011-11-03",
    "acceptedDate": "2011-11-03 17:17:58",
    "calendarYear": "2011",
    "period": "Q3",
    "revenue": 1021600000,
    "costOfRevenue": 404200000,
    "grossProfit": 617400000,
    "grossProfitRatio": 0.6043461237,
    "researchAndDevelopmentExpenses": 0,
    "generalAndAdministrativeExpenses": 0,
    "sellingAndMarketingExpenses": 0,
    "sellingGeneralAndAdministrativeExpenses": 0,
    "otherExpenses": 432300000,
    "operatingExpenses": 432300000,
    "costAndExpenses": 836500000,
    "interestIncome": 600000,
    "interestExpense": 38800000,
    "depreciationAndAmortization": 81300000,
    "ebitda": 304200000,
    "ebitdaratio": 0.2977682067,
    "operatingIncome": 185100000,
    "operatingIncomeRatio": 0.1811863743,
    "totalOtherIncomeExpensesNet": -1000000,
    "incomeBeforeTax": 184100000,
    "incomeBeforeTaxRatio": 0.1802075176,
    "incomeTaxExpense": 43300000,
    "netIncome": 125900000,
    "netIncomeRatio": 0.1232380579,
    "eps": 0.55,
    "epsdiluted": 0.55,
    "weightedAverageShsOut": 221294000,
    "weightedAverageShsOutDil": 221390000,
    "link": "https://www.sec.gov/Archives/edgar/data/352541/000119312511295400/0001193125-11-295400-index.htm",
    "finalLink": "https://www.sec.gov/Archives/edgar/data/52485/000119312511295400/d231054d10q.htm"
  },
  {
    "date": "2011-06-30",
    "symbol": "LNT",
    "reportedCurrency": "USD",
    "cik": "0000352541",
    "fillingDate": "2011-08-05",
    "acceptedDate": "2011-08-05 09:31:28",
    "calendarYear": "2011",
    "period": "Q2",
    "revenue": 819500000,
    "costOfRevenue": 362800000,
    "grossProfit": 456700000,
    "grossProfitRatio": 0.5572910311,
    "researchAndDevelopmentExpenses": 0,
    "generalAndAdministrativeExpenses": 0,
    "sellingAndMarketingExpenses": 0,
    "sellingGeneralAndAdministrativeExpenses": 0,
    "otherExpenses": 279100000,
    "operatingExpenses": 279100000,
    "costAndExpenses": 747500000,
    "interestIncome": 800000,
    "interestExpense": 40400000,
    "depreciationAndAmortization": 82200000,
    "ebitda": 167300000,
    "ebitdaratio": 0.2041488713,
    "operatingIncome": 72000000,
    "operatingIncomeRatio": 0.0878584503,
    "totalOtherIncomeExpensesNet": -28700000,
    "incomeBeforeTax": 43300000,
    "incomeBeforeTaxRatio": 0.0528370958,
    "incomeTaxExpense": -11200000,
    "netIncome": 55300000,
    "netIncomeRatio": 0.0674801708,
    "eps": 0.23,
    "epsdiluted": 0.23,
    "weightedAverageShsOut": 221959022,
    "weightedAverageShsOutDil": 221959022,
    "link": "https://www.sec.gov/Archives/edgar/data/352541/000119312511211511/0001193125-11-211511-index.htm",
    "finalLink": "https://www.sec.gov/Archives/edgar/data/52485/000119312511211511/d10q.htm"
  },
  {
    "date": "2011-03-31",
    "symbol": "LNT",
    "reportedCurrency": "USD",
    "cik": "0000352541",
    "fillingDate": "2011-05-05",
    "acceptedDate": "2011-05-05 12:12:51",
    "calendarYear": "2011",
    "period": "Q1",
    "revenue": 945000000,
    "costOfRevenue": 481800000,
    "grossProfit": 463200000,
    "grossProfitRatio": 0.4901587302,
    "researchAndDevelopmentExpenses": 0,
    "generalAndAdministrativeExpenses": 0,
    "sellingAndMarketingExpenses": 0,
    "sellingGeneralAndAdministrativeExpenses": 0,
    "otherExpenses": 335400000,
    "operatingExpenses": 335400000,
    "costAndExpenses": 817200000,
    "interestIncome": 800000,
    "interestExpense": 40500000,
    "depreciationAndAmortization": 78800000,
    "ebitda": 220400000,
    "ebitdaratio": 0.2332275132,
    "operatingIncome": 127800000,
    "operatingIncomeRatio": 0.1352380952,
    "totalOtherIncomeExpensesNet": -27200000,
    "incomeBeforeTax": 100600000,
    "incomeBeforeTaxRatio": 0.1064550265,
    "incomeTaxExpense": 22400000,
    "netIncome": 79700000,
    "netIncomeRatio": 0.0843386243,
    "eps": 0.33,
    "epsdiluted": 0.33,
    "weightedAverageShsOut": 221138000,
    "weightedAverageShsOutDil": 221264000,
    "link": "https://www.sec.gov/Archives/edgar/data/352541/000119312511127887/0001193125-11-127887-index.htm",
    "finalLink": "https://www.sec.gov/Archives/edgar/data/52485/000119312511127887/d10q.htm"
  },
  {
    "date": "2010-12-31",
    "symbol": "LNT",
    "reportedCurrency": "USD",
    "cik": "0000352541",
    "fillingDate": "2011-02-28",
    "acceptedDate": "2011-02-28 15:15:04",
    "calendarYear": "2010",
    "period": "Q4",
    "revenue": 832600000,
    "costOfRevenue": 402800000,
    "grossProfit": 429800000,
    "grossProfitRatio": 0.5162142686,
    "researchAndDevelopmentExpenses": 0,
    "generalAndAdministrativeExpenses": 0,
    "sellingAndMarketingExpenses": 0,
    "sellingGeneralAndAdministrativeExpenses": 0,
    "otherExpenses": 330000000,
    "operatingExpenses": 330000000,
    "costAndExpenses": 732800000,
    "interestIncome": 3100000,
    "interestExpense": 40800000,
    "depreciationAndAmortization": 76400000,
    "ebitda": 191400000,
    "ebitdaratio": 0.2298822964,
    "operatingIncome": 99800000,
    "operatingIncomeRatio": 0.1198654816,
    "totalOtherIncomeExpensesNet": -24700000,
    "incomeBeforeTax": 75100000,
    "incomeBeforeTaxRatio": 0.0901993755,
    "incomeTaxExpense": 23400000,
    "netIncome": 52000000,
    "netIncomeRatio": 0.0624549604,
    "eps": 0.24,
    "epsdiluted": 0.24,
    "weightedAverageShsOut": 110442000000,
    "weightedAverageShsOutDil": 110521000000,
    "link": "https://www.sec.gov/Archives/edgar/data/352541/000119312511049662/0001193125-11-049662-index.htm",
    "finalLink": "https://www.sec.gov/Archives/edgar/data/52485/000119312511049662/d10k.htm"
  },
  {
    "date": "2010-09-30",
    "symbol": "LNT",
    "reportedCurrency": "USD",
    "cik": "0000352541",
    "fillingDate": "2010-10-29",
    "acceptedDate": "2010-10-29 10:56:57",
    "calendarYear": "2010",
    "period": "Q3",
    "revenue": 951700000,
    "costOfRevenue": 421700000,
    "grossProfit": 530000000,
    "grossProfitRatio": 0.5568981822,
    "researchAndDevelopmentExpenses": 0,
    "generalAndAdministrativeExpenses": 0,
    "sellingAndMarketingExpenses": 0,
    "sellingGeneralAndAdministrativeExpenses": 0,
    "otherExpenses": 283400000,
    "operatingExpenses": 283400000,
    "costAndExpenses": 705100000,
    "interestIncome": 600000,
    "interestExpense": 41900000,
    "depreciationAndAmortization": 75500000,
    "ebitda": 337000000,
    "ebitdaratio": 0.3541031838,
    "operatingIncome": 246600000,
    "operatingIncomeRatio": 0.2591152674,
    "totalOtherIncomeExpensesNet": -27000000,
    "incomeBeforeTax": 219600000,
    "incomeBeforeTaxRatio": 0.2307449827,
    "incomeTaxExpense": 64100000,
    "netIncome": 153700000,
    "netIncomeRatio": 0.1615004728,
    "eps": 0.68,
    "epsdiluted": 0.68,
    "weightedAverageShsOut": 220938000,
    "weightedAverageShsOutDil": 221088000,
    "link": "https://www.sec.gov/Archives/edgar/data/352541/000119312510240771/0001193125-10-240771-index.htm",
    "finalLink": "https://www.sec.gov/Archives/edgar/data/52485/000119312510240771/d10q.htm"
  },
  {
    "date": "2010-06-30",
    "symbol": "LNT",
    "reportedCurrency": "USD",
    "cik": "0000352541",
    "fillingDate": "2010-08-05",
    "acceptedDate": "2010-08-05 14:11:01",
    "calendarYear": "2010",
    "period": "Q2",
    "revenue": 741600000,
    "costOfRevenue": 365500000,
    "grossProfit": 376100000,
    "grossProfitRatio": 0.5071467098,
    "researchAndDevelopmentExpenses": 0,
    "generalAndAdministrativeExpenses": 0,
    "sellingAndMarketingExpenses": 0,
    "sellingGeneralAndAdministrativeExpenses": 0,
    "otherExpenses": 275400000,
    "operatingExpenses": 275400000,
    "costAndExpenses": 640900000,
    "interestIncome": 500000,
    "interestExpense": 39600000,
    "depreciationAndAmortization": 65500000,
    "ebitda": 180800000,
    "ebitdaratio": 0.2437971953,
    "operatingIncome": 100700000,
    "operatingIncomeRatio": 0.1357874865,
    "totalOtherIncomeExpensesNet": -25000000,
    "incomeBeforeTax": 75700000,
    "incomeBeforeTaxRatio": 0.1020765912,
    "incomeTaxExpense": 23000000,
    "netIncome": 52500000,
    "netIncomeRatio": 0.0707928803,
    "eps": 0.22,
    "epsdiluted": 0.22,
    "weightedAverageShsOut": 220818000,
    "weightedAverageShsOutDil": 220980000,
    "link": "https://www.sec.gov/Archives/edgar/data/352541/000119312510179039/0001193125-10-179039-index.htm",
    "finalLink": "https://www.sec.gov/Archives/edgar/data/52485/000119312510179039/d10q.htm"
  },
  {
    "date": "2010-03-31",
    "symbol": "LNT",
    "reportedCurrency": "USD",
    "cik": "0000352541",
    "fillingDate": "2010-05-05",
    "acceptedDate": "2010-05-04 18:19:40",
    "calendarYear": "2010",
    "period": "Q1",
    "revenue": 891300000,
    "costOfRevenue": 492400000,
    "grossProfit": 398900000,
    "grossProfitRatio": 0.4475485246,
    "researchAndDevelopmentExpenses": 0,
    "generalAndAdministrativeExpenses": 0,
    "sellingAndMarketingExpenses": 0,
    "sellingGeneralAndAdministrativeExpenses": 0,
    "otherExpenses": 289700000,
    "operatingExpenses": 289700000,
    "costAndExpenses": 782100000,
    "interestIncome": 800000,
    "interestExpense": 40700000,
    "depreciationAndAmortization": 74900000,
    "ebitda": 198400000,
    "ebitdaratio": 0.2225962078,
    "operatingIncome": 109000000,
    "operatingIncomeRatio": 0.1222932795,
    "totalOtherIncomeExpensesNet": -26000000,
    "incomeBeforeTax": 83000000,
    "incomeBeforeTaxRatio": 0.0931224055,
    "incomeTaxExpense": 34900000,
    "netIncome": 48100000,
    "netIncomeRatio": 0.0539661169,
    "eps": 0.2,
    "epsdiluted": 0.2,
    "weightedAverageShsOut": 220736000,
    "weightedAverageShsOutDil": 220902000,
    "link": "https://www.sec.gov/Archives/edgar/data/352541/000119312510106871/0001193125-10-106871-index.htm",
    "finalLink": "https://www.sec.gov/Archives/edgar/data/52485/000119312510106871/d10q.htm"
  },
  {
    "date": "2009-12-31",
    "symbol": "LNT",
    "reportedCurrency": "USD",
    "cik": "0000352541",
    "fillingDate": "2010-02-26",
    "acceptedDate": "2010-02-26 16:12:12",
    "calendarYear": "2009",
    "period": "Q4",
    "revenue": 854900000,
    "costOfRevenue": 410300000,
    "grossProfit": 444600000,
    "grossProfitRatio": 0.5200608258,
    "researchAndDevelopmentExpenses": 0,
    "generalAndAdministrativeExpenses": 0,
    "sellingAndMarketingExpenses": 0,
    "sellingGeneralAndAdministrativeExpenses": 0,
    "otherExpenses": 343800000,
    "operatingExpenses": 343800000,
    "costAndExpenses": 754100000,
    "interestIncome": 500000,
    "interestExpense": 41100000,
    "depreciationAndAmortization": 83100000,
    "ebitda": 198500000,
    "ebitdaratio": 0.2321908995,
    "operatingIncome": 100800000,
    "operatingIncomeRatio": 0.1179085273,
    "totalOtherIncomeExpensesNet": -26500000,
    "incomeBeforeTax": 74300000,
    "incomeBeforeTaxRatio": 0.0869107498,
    "incomeTaxExpense": 17300000,
    "netIncome": 58300000,
    "netIncomeRatio": 0.0681951105,
    "eps": 0.26,
    "epsdiluted": 0.26,
    "weightedAverageShsOut": 110268000000,
    "weightedAverageShsOutDil": 110352000000,
    "link": "https://www.sec.gov/Archives/edgar/data/352541/000035254110000009/0000352541-10-000009-index.htm",
    "finalLink": "https://www.sec.gov/Archives/edgar/data/52485/000035254110000009/form10k123109.htm"
  },
  {
    "date": "2009-09-30",
    "symbol": "LNT",
    "reportedCurrency": "USD",
    "cik": "0000352541",
    "fillingDate": "2009-10-30",
    "acceptedDate": "2009-10-30 10:59:24",
    "calendarYear": "2009",
    "period": "Q3",
    "revenue": 884000000,
    "costOfRevenue": 405300000,
    "grossProfit": 478700000,
    "grossProfitRatio": 0.5415158371,
    "researchAndDevelopmentExpenses": 0,
    "generalAndAdministrativeExpenses": 0,
    "sellingAndMarketingExpenses": 0,
    "sellingGeneralAndAdministrativeExpenses": 0,
    "otherExpenses": 319300000,
    "operatingExpenses": 319300000,
    "costAndExpenses": 724600000,
    "interestIncome": 1200000,
    "interestExpense": 42400000,
    "depreciationAndAmortization": 69900000,
    "ebitda": 50400000,
    "ebitdaratio": 0.0570135747,
    "operatingIncome": 159400000,
    "operatingIncomeRatio": 0.1803167421,
    "totalOtherIncomeExpensesNet": -220600000,
    "incomeBeforeTax": -61200000,
    "incomeBeforeTaxRatio": -0.0692307692,
    "incomeTaxExpense": -22200000,
    "netIncome": -39700000,
    "netIncomeRatio": -0.0449095023,
    "eps": -0.2,
    "epsdiluted": -0.2,
    "weightedAverageShsOut": 220576000,
    "weightedAverageShsOutDil": 220576000,
    "link": "https://www.sec.gov/Archives/edgar/data/352541/000035254109000015/0000352541-09-000015-index.htm",
    "finalLink": "https://www.sec.gov/Archives/edgar/data/52485/000035254109000015/form10q093009.htm"
  },
  {
    "date": "2009-06-30",
    "symbol": "LNT",
    "reportedCurrency": "USD",
    "cik": "0000352541",
    "fillingDate": "2009-08-06",
    "acceptedDate": "2009-08-06 14:19:53",
    "calendarYear": "2009",
    "period": "Q2",
    "revenue": 740800000,
    "costOfRevenue": 350000000,
    "grossProfit": 390800000,
    "grossProfitRatio": 0.527537797,
    "researchAndDevelopmentExpenses": 0,
    "generalAndAdministrativeExpenses": 0,
    "sellingAndMarketingExpenses": 0,
    "sellingGeneralAndAdministrativeExpenses": 0,
    "otherExpenses": 328400000,
    "operatingExpenses": 328400000,
    "costAndExpenses": 678400000,
    "interestIncome": 1500000,
    "interestExpense": 35700000,
    "depreciationAndAmortization": 76900000,
    "ebitda": 160700000,
    "ebitdaratio": 0.2169276458,
    "operatingIncome": 62400000,
    "operatingIncomeRatio": 0.0842332613,
    "totalOtherIncomeExpensesNet": -14300000,
    "incomeBeforeTax": 48100000,
    "incomeBeforeTaxRatio": 0.0649298056,
    "incomeTaxExpense": 14400000,
    "netIncome": 33800000,
    "netIncomeRatio": 0.0456263499,
    "eps": 0.13,
    "epsdiluted": 0.13,
    "weightedAverageShsOut": 220532000,
    "weightedAverageShsOutDil": 220698000,
    "link": "https://www.sec.gov/Archives/edgar/data/352541/000010783209000008/0000107832-09-000008-index.htm",
    "finalLink": "https://www.sec.gov/Archives/edgar/data/52485/000010783209000008/form10q063009.htm"
  },
  {
    "date": "2009-03-31",
    "symbol": "LNT",
    "reportedCurrency": "USD",
    "cik": "0000352541",
    "fillingDate": "2009-05-04",
    "acceptedDate": "2009-05-04 10:02:53",
    "calendarYear": "2009",
    "period": "Q1",
    "revenue": 949900000,
    "costOfRevenue": 580200000,
    "grossProfit": 369700000,
    "grossProfitRatio": 0.389198863,
    "researchAndDevelopmentExpenses": 0,
    "generalAndAdministrativeExpenses": 0,
    "sellingAndMarketingExpenses": 0,
    "sellingGeneralAndAdministrativeExpenses": 0,
    "otherExpenses": 296000000,
    "operatingExpenses": 296000000,
    "costAndExpenses": 876200000,
    "interestIncome": 1700000,
    "interestExpense": 35700000,
    "depreciationAndAmortization": 75800000,
    "ebitda": 159000000,
    "ebitdaratio": 0.1673860406,
    "operatingIncome": 73700000,
    "operatingIncomeRatio": 0.0775871144,
    "totalOtherIncomeExpensesNet": -15300000,
    "incomeBeforeTax": 58400000,
    "incomeBeforeTaxRatio": 0.0614801558,
    "incomeTaxExpense": -18900000,
    "netIncome": 77300000,
    "netIncomeRatio": 0.0813769871,
    "eps": 0.33,
    "epsdiluted": 0.33,
    "weightedAverageShsOut": 220436000,
    "weightedAverageShsOutDil": 220610000,
    "link": "https://www.sec.gov/Archives/edgar/data/352541/000010783209000003/0000107832-09-000003-index.htm",
    "finalLink": "https://www.sec.gov/Archives/edgar/data/52485/000010783209000003/form10q033109.htm"
  },
  {
    "date": "2008-12-31",
    "symbol": "LNT",
    "reportedCurrency": "USD",
    "cik": "0000352541",
    "fillingDate": "2009-02-27",
    "acceptedDate": "2009-02-27 15:28:07",
    "calendarYear": "2008",
    "period": "Q4",
    "revenue": 882000000,
    "costOfRevenue": 434700000,
    "grossProfit": 447300000,
    "grossProfitRatio": 0.5071428571,
    "researchAndDevelopmentExpenses": 0,
    "generalAndAdministrativeExpenses": 0,
    "sellingAndMarketingExpenses": 0,
    "sellingGeneralAndAdministrativeExpenses": 0,
    "otherExpenses": 356300000,
    "operatingExpenses": 356300000,
    "costAndExpenses": 791000000,
    "interestIncome": 0,
    "interestExpense": 0,
    "depreciationAndAmortization": 105200000,
    "ebitda": 196200000,
    "ebitdaratio": 0.2224489796,
    "operatingIncome": 91000000,
    "operatingIncomeRatio": 0.1031746032,
    "totalOtherIncomeExpensesNet": 100000,
    "incomeBeforeTax": 91100000,
    "incomeBeforeTaxRatio": 0.1032879819,
    "incomeTaxExpense": 21400000,
    "netIncome": 50600000,
    "netIncomeRatio": 0.0573696145,
    "eps": 0.31,
    "epsdiluted": 0.31,
    "weightedAverageShsOut": 110170000000,
    "weightedAverageShsOutDil": 110308000000,
    "link": "https://www.sec.gov/Archives/edgar/data/352541/000010783209000001/0000107832-09-000001-index.htm",
    "finalLink": "https://www.sec.gov/Archives/edgar/data/52485/000010783209000001/form10k123108.htm"
  },
  {
    "date": "2008-09-30",
    "symbol": "LNT",
    "reportedCurrency": "USD",
    "cik": "0000352541",
    "fillingDate": "2008-10-31",
    "acceptedDate": "2008-10-31 17:15:10",
    "calendarYear": "2008",
    "period": "Q3",
    "revenue": 980300000,
    "costOfRevenue": 317200000,
    "grossProfit": 663100000,
    "grossProfitRatio": 0.676425584,
    "researchAndDevelopmentExpenses": 0,
    "generalAndAdministrativeExpenses": 0,
    "sellingAndMarketingExpenses": 0,
    "sellingGeneralAndAdministrativeExpenses": 0,
    "otherExpenses": 376500000,
    "operatingExpenses": 376500000,
    "costAndExpenses": 789800000,
    "interestIncome": 2800000,
    "interestExpense": 30000000,
    "depreciationAndAmortization": 69500000,
    "ebitda": 280800000,
    "ebitdaratio": 0.2864429256,
    "operatingIncome": 190500000,
    "operatingIncomeRatio": 0.1943282669,
    "totalOtherIncomeExpensesNet": -13800000,
    "incomeBeforeTax": 176700000,
    "incomeBeforeTaxRatio": 0.1802509436,
    "incomeTaxExpense": 67600000,
    "netIncome": 113100000,
    "netIncomeRatio": 0.115372845,
    "eps": 0.49,
    "epsdiluted": 0.49,
    "weightedAverageShsOut": 220364000,
    "weightedAverageShsOutDil": 220626000,
    "link": "https://www.sec.gov/Archives/edgar/data/352541/000010783208000031/0000107832-08-000031-index.htm",
    "finalLink": "https://www.sec.gov/Archives/edgar/data/52485/000010783208000031/form10q093008.htm"
  },
  {
    "date": "2008-06-30",
    "symbol": "LNT",
    "reportedCurrency": "USD",
    "cik": "0000352541",
    "fillingDate": "2008-08-06",
    "acceptedDate": "2008-08-06 15:31:40",
    "calendarYear": "2008",
    "period": "Q2",
    "revenue": 827400000,
    "costOfRevenue": 305200000,
    "grossProfit": 522200000,
    "grossProfitRatio": 0.6311336717,
    "researchAndDevelopmentExpenses": 0,
    "generalAndAdministrativeExpenses": 0,
    "sellingAndMarketingExpenses": 0,
    "sellingGeneralAndAdministrativeExpenses": 0,
    "otherExpenses": 333000000,
    "operatingExpenses": 333000000,
    "costAndExpenses": 745400000,
    "interestIncome": 4200000,
    "interestExpense": 30300000,
    "depreciationAndAmortization": 84900000,
    "ebitda": 147900000,
    "ebitdaratio": 0.1787527194,
    "operatingIncome": 82000000,
    "operatingIncomeRatio": 0.0991056321,
    "totalOtherIncomeExpensesNet": -14700000,
    "incomeBeforeTax": 67300000,
    "incomeBeforeTaxRatio": 0.0813391346,
    "incomeTaxExpense": 10800000,
    "netIncome": 65500000,
    "netIncomeRatio": 0.0791636452,
    "eps": 0.28,
    "epsdiluted": 0.28,
    "weightedAverageShsOut": 220336000,
    "weightedAverageShsOutDil": 220644000,
    "link": "https://www.sec.gov/Archives/edgar/data/352541/000010783208000029/0000107832-08-000029-index.htm",
    "finalLink": "https://www.sec.gov/Archives/edgar/data/52485/000010783208000029/form10q06308.htm"
  },
  {
    "date": "2008-03-31",
    "symbol": "LNT",
    "reportedCurrency": "USD",
    "cik": "0000352541",
    "fillingDate": "2008-05-01",
    "acceptedDate": "2008-05-01 15:33:06",
    "calendarYear": "2008",
    "period": "Q1",
    "revenue": 992000000,
    "costOfRevenue": 301500000,
    "grossProfit": 690500000,
    "grossProfitRatio": 0.6960685484,
    "researchAndDevelopmentExpenses": 0,
    "generalAndAdministrativeExpenses": 0,
    "sellingAndMarketingExpenses": 0,
    "sellingGeneralAndAdministrativeExpenses": 0,
    "otherExpenses": 565400000,
    "operatingExpenses": 565400000,
    "costAndExpenses": 866900000,
    "interestIncome": 7100000,
    "interestExpense": 29700000,
    "depreciationAndAmortization": 61600000,
    "ebitda": 204500000,
    "ebitdaratio": 0.2061491935,
    "operatingIncome": 125100000,
    "operatingIncomeRatio": 0.126108871,
    "totalOtherIncomeExpensesNet": -11900000,
    "incomeBeforeTax": 113200000,
    "incomeBeforeTaxRatio": 0.1141129032,
    "incomeTaxExpense": 40400000,
    "netIncome": 72800000,
    "netIncomeRatio": 0.0733870968,
    "eps": 0.31,
    "epsdiluted": 0.31,
    "weightedAverageShsOut": 220296000,
    "weightedAverageShsOutDil": 220608000,
    "link": "https://www.sec.gov/Archives/edgar/data/352541/000010783208000021/0000107832-08-000021-index.htm",
    "finalLink": "https://www.sec.gov/Archives/edgar/data/52485/000010783208000021/form10q033108.htm"
  },
  {
    "date": "2007-12-31",
    "symbol": "LNT",
    "reportedCurrency": "USD",
    "cik": "0000352541",
    "fillingDate": "2008-02-28",
    "acceptedDate": "2008-02-28 17:10:16",
    "calendarYear": "2007",
    "period": "Q4",
    "revenue": 871400000,
    "costOfRevenue": -18800000,
    "grossProfit": 890200000,
    "grossProfitRatio": 1.0215744779,
    "researchAndDevelopmentExpenses": 0,
    "generalAndAdministrativeExpenses": 0,
    "sellingAndMarketingExpenses": 0,
    "sellingGeneralAndAdministrativeExpenses": 0,
    "otherExpenses": 548500000,
    "operatingExpenses": 548500000,
    "costAndExpenses": 529700000,
    "interestIncome": 0,
    "interestExpense": 700000,
    "depreciationAndAmortization": 77500000,
    "ebitda": 419200000,
    "ebitdaratio": 0.4810649529,
    "operatingIncome": 341700000,
    "operatingIncomeRatio": 0.3921276107,
    "totalOtherIncomeExpensesNet": -22500000,
    "incomeBeforeTax": 319200000,
    "incomeBeforeTaxRatio": 0.366307092,
    "incomeTaxExpense": 120900000,
    "netIncome": 193200000,
    "netIncomeRatio": 0.2217121873,
    "eps": 0.88,
    "epsdiluted": 0.88,
    "weightedAverageShsOut": 84000000,
    "weightedAverageShsOutDil": 521000000,
    "link": "https://www.sec.gov/Archives/edgar/data/352541/000010783208000019/0000107832-08-000019-index.htm",
    "finalLink": "https://www.sec.gov/Archives/edgar/data/52485/000010783208000019/form10k123107.htm"
  },
  {
    "date": "2007-09-30",
    "symbol": "LNT",
    "reportedCurrency": "USD",
    "cik": "0000352541",
    "fillingDate": "2007-11-02",
    "acceptedDate": "2007-11-02 15:11:34",
    "calendarYear": "2007",
    "period": "Q3",
    "revenue": 907300000,
    "costOfRevenue": 323600000,
    "grossProfit": 583700000,
    "grossProfitRatio": 0.6433373746,
    "researchAndDevelopmentExpenses": 0,
    "generalAndAdministrativeExpenses": 0,
    "sellingAndMarketingExpenses": 0,
    "sellingGeneralAndAdministrativeExpenses": 0,
    "otherExpenses": 328200000,
    "operatingExpenses": 328200000,
    "costAndExpenses": 703700000,
    "interestIncome": 0,
    "interestExpense": 0,
    "depreciationAndAmortization": 77100000,
    "ebitda": 268900000,
    "ebitdaratio": 0.2963738565,
    "operatingIncome": 203600000,
    "operatingIncomeRatio": 0.2244020721,
    "totalOtherIncomeExpensesNet": -22200000,
    "incomeBeforeTax": 181400000,
    "incomeBeforeTaxRatio": 0.1999338697,
    "incomeTaxExpense": 65200000,
    "netIncome": 119600000,
    "netIncomeRatio": 0.1318196848,
    "eps": 0.54,
    "epsdiluted": 0.54,
    "weightedAverageShsOut": 221762000,
    "weightedAverageShsOutDil": 222112000,
    "link": "https://www.sec.gov/Archives/edgar/data/352541/000010783207000159/0000107832-07-000159-index.htm",
    "finalLink": "https://www.sec.gov/Archives/edgar/data/52485/000010783207000159/form10q093007.htm"
  },
  {
    "date": "2007-06-30",
    "symbol": "LNT",
    "reportedCurrency": "USD",
    "cik": "0000352541",
    "fillingDate": "2007-08-06",
    "acceptedDate": "2007-08-06 16:19:00",
    "calendarYear": "2007",
    "period": "Q2",
    "revenue": 746200000,
    "costOfRevenue": 292900000,
    "grossProfit": 453300000,
    "grossProfitRatio": 0.607477888,
    "researchAndDevelopmentExpenses": 0,
    "generalAndAdministrativeExpenses": 0,
    "sellingAndMarketingExpenses": 0,
    "sellingGeneralAndAdministrativeExpenses": 0,
    "otherExpenses": 356300000,
    "operatingExpenses": 356300000,
    "costAndExpenses": 649200000,
    "interestIncome": 0,
    "interestExpense": 27000000,
    "depreciationAndAmortization": 77400000,
    "ebitda": 174400000,
    "ebitdaratio": 0.233717502,
    "operatingIncome": 97000000,
    "operatingIncomeRatio": 0.1299919593,
    "totalOtherIncomeExpensesNet": -21100000,
    "incomeBeforeTax": 75900000,
    "incomeBeforeTaxRatio": 0.1017153578,
    "incomeTaxExpense": 30900000,
    "netIncome": 48600000,
    "netIncomeRatio": 0.065129992,
    "eps": 0.22,
    "epsdiluted": 0.22,
    "weightedAverageShsOut": 225556000,
    "weightedAverageShsOutDil": 226052000,
    "link": "https://www.sec.gov/Archives/edgar/data/352541/000010783207000116/0000107832-07-000116-index.htm",
    "finalLink": "https://www.sec.gov/Archives/edgar/data/52485/000010783207000116/form10q063007.htm"
  },
  {
    "date": "2007-03-31",
    "symbol": "LNT",
    "reportedCurrency": "USD",
    "cik": "0000352541",
    "fillingDate": "2007-05-04",
    "acceptedDate": "2007-05-04 13:35:04",
    "calendarYear": "2007",
    "period": "Q1",
    "revenue": 912700000,
    "costOfRevenue": 280300000,
    "grossProfit": 632400000,
    "grossProfitRatio": 0.6928892298,
    "researchAndDevelopmentExpenses": 0,
    "generalAndAdministrativeExpenses": 0,
    "sellingAndMarketingExpenses": 0,
    "sellingGeneralAndAdministrativeExpenses": 0,
    "otherExpenses": 511600000,
    "operatingExpenses": 511600000,
    "costAndExpenses": 791900000,
    "interestIncome": 0,
    "interestExpense": 0,
    "depreciationAndAmortization": 78000000,
    "ebitda": 198800000,
    "ebitdaratio": 0.2178152734,
    "operatingIncome": 120800000,
    "operatingIncomeRatio": 0.1323545524,
    "totalOtherIncomeExpensesNet": -16800000,
    "incomeBeforeTax": 104000000,
    "incomeBeforeTaxRatio": 0.1139476279,
    "incomeTaxExpense": 38800000,
    "netIncome": 63900000,
    "netIncomeRatio": 0.0700120522,
    "eps": 0.28,
    "epsdiluted": 0.28,
    "weightedAverageShsOut": 230840000,
    "weightedAverageShsOutDil": 231508000,
    "link": "https://www.sec.gov/Archives/edgar/data/352541/000010783207000078/0000107832-07-000078-index.htm",
    "finalLink": "https://www.sec.gov/Archives/edgar/data/52485/000010783207000078/form10q033107.htm"
  },
  {
    "date": "2006-12-31",
    "symbol": "LNT",
    "reportedCurrency": "USD",
    "cik": "0000352541",
    "fillingDate": "2007-03-01",
    "acceptedDate": "2007-03-01 17:21:09",
    "calendarYear": "2006",
    "period": "Q4",
    "revenue": 841300000,
    "costOfRevenue": 395200000,
    "grossProfit": 446100000,
    "grossProfitRatio": 0.5302508023,
    "researchAndDevelopmentExpenses": 0,
    "generalAndAdministrativeExpenses": 0,
    "sellingAndMarketingExpenses": 0,
    "sellingGeneralAndAdministrativeExpenses": 0,
    "otherExpenses": 340800000,
    "operatingExpenses": 340800000,
    "costAndExpenses": 736000000,
    "interestIncome": 0,
    "interestExpense": 0,
    "depreciationAndAmortization": 76300000,
    "ebitda": 181600000,
    "ebitdaratio": 0.2158564127,
    "operatingIncome": 105300000,
    "operatingIncomeRatio": 0.1251634375,
    "totalOtherIncomeExpensesNet": 191600000,
    "incomeBeforeTax": 296900000,
    "incomeBeforeTaxRatio": 0.3529062166,
    "incomeTaxExpense": 119600000,
    "netIncome": 179100000,
    "netIncomeRatio": 0.2128848211,
    "eps": 0.78,
    "epsdiluted": 0.78,
    "weightedAverageShsOut": 230840000,
    "weightedAverageShsOutDil": 230840000,
    "link": "https://www.sec.gov/Archives/edgar/data/352541/000010783207000058/0000107832-07-000058-index.htm",
    "finalLink": "https://www.sec.gov/Archives/edgar/data/52485/000010783207000058/form10k123106.htm"
  },
  {
    "date": "2006-09-30",
    "symbol": "LNT",
    "reportedCurrency": "USD",
    "cik": "0000352541",
    "fillingDate": "2006-11-03",
    "acceptedDate": "2006-11-03 15:39:23",
    "calendarYear": "2006",
    "period": "Q3",
    "revenue": 890400000,
    "costOfRevenue": 436700000,
    "grossProfit": 453700000,
    "grossProfitRatio": 0.5095462713,
    "researchAndDevelopmentExpenses": 0,
    "generalAndAdministrativeExpenses": 0,
    "sellingAndMarketingExpenses": 0,
    "sellingGeneralAndAdministrativeExpenses": 0,
    "otherExpenses": 283200000,
    "operatingExpenses": 283200000,
    "costAndExpenses": 719900000,
    "interestIncome": 0,
    "interestExpense": 2000000,
    "depreciationAndAmortization": 75300000,
    "ebitda": 245800000,
    "ebitdaratio": 0.2760557053,
    "operatingIncome": 170500000,
    "operatingIncomeRatio": 0.1914869721,
    "totalOtherIncomeExpensesNet": -28200000,
    "incomeBeforeTax": 142300000,
    "incomeBeforeTaxRatio": 0.1598158131,
    "incomeTaxExpense": 49900000,
    "netIncome": 91500000,
    "netIncomeRatio": 0.1027628032,
    "eps": 0.34,
    "epsdiluted": 0.34,
    "weightedAverageShsOut": 234220000,
    "weightedAverageShsOutDil": 234996000,
    "link": "https://www.sec.gov/Archives/edgar/data/352541/000010783206000156/0000107832-06-000156-index.htm",
    "finalLink": "https://www.sec.gov/Archives/edgar/data/52485/000010783206000156/form10q093006.htm"
  },
  {
    "date": "2006-06-30",
    "symbol": "LNT",
    "reportedCurrency": "USD",
    "cik": "0000352541",
    "fillingDate": "2006-08-04",
    "acceptedDate": "2006-08-03 18:26:09",
    "calendarYear": "2006",
    "period": "Q2",
    "revenue": 696800000,
    "costOfRevenue": 328700000,
    "grossProfit": 368100000,
    "grossProfitRatio": 0.528272101,
    "researchAndDevelopmentExpenses": 0,
    "generalAndAdministrativeExpenses": 0,
    "sellingAndMarketingExpenses": 0,
    "sellingGeneralAndAdministrativeExpenses": 0,
    "otherExpenses": 270200000,
    "operatingExpenses": 270200000,
    "costAndExpenses": 598900000,
    "interestIncome": 0,
    "interestExpense": 2000000,
    "depreciationAndAmortization": 74700000,
    "ebitda": 172600000,
    "ebitdaratio": 0.2477037887,
    "operatingIncome": 97900000,
    "operatingIncomeRatio": 0.1404994259,
    "totalOtherIncomeExpensesNet": -14400000,
    "incomeBeforeTax": 83500000,
    "incomeBeforeTaxRatio": 0.1198335247,
    "incomeTaxExpense": 32700000,
    "netIncome": 50100000,
    "netIncomeRatio": 0.0719001148,
    "eps": 0.2,
    "epsdiluted": 0.19,
    "weightedAverageShsOut": 234610000,
    "weightedAverageShsOutDil": 235378000,
    "link": "https://www.sec.gov/Archives/edgar/data/352541/000010783206000115/0000107832-06-000115-index.htm",
    "finalLink": "https://www.sec.gov/Archives/edgar/data/52485/000010783206000115/form10q063006.htm"
  },
  {
    "date": "2006-03-31",
    "symbol": "LNT",
    "reportedCurrency": "USD",
    "cik": "0000352541",
    "fillingDate": "2006-05-05",
    "acceptedDate": "2006-05-05 14:52:42",
    "calendarYear": "2006",
    "period": "Q1",
    "revenue": 930900000,
    "costOfRevenue": 528500000,
    "grossProfit": 402400000,
    "grossProfitRatio": 0.4322698464,
    "researchAndDevelopmentExpenses": 0,
    "generalAndAdministrativeExpenses": 0,
    "sellingAndMarketingExpenses": 0,
    "sellingGeneralAndAdministrativeExpenses": 0,
    "otherExpenses": 282600000,
    "operatingExpenses": 282600000,
    "costAndExpenses": 811100000,
    "interestIncome": 0,
    "interestExpense": 700000,
    "depreciationAndAmortization": 79100000,
    "ebitda": 198900000,
    "ebitdaratio": 0.2136641959,
    "operatingIncome": 119800000,
    "operatingIncomeRatio": 0.128692663,
    "totalOtherIncomeExpensesNet": -101200000,
    "incomeBeforeTax": 18600000,
    "incomeBeforeTaxRatio": 0.0199806639,
    "incomeTaxExpense": 800000,
    "netIncome": 3100000,
    "netIncomeRatio": 0.0033301106,
    "eps": -0.005,
    "epsdiluted": -0.0068,
    "weightedAverageShsOut": 117037000000,
    "weightedAverageShsOutDil": 117343000000,
    "link": "https://www.sec.gov/Archives/edgar/data/352541/000010783206000074/0000107832-06-000074-index.htm",
    "finalLink": "https://www.sec.gov/Archives/edgar/data/52485/000010783206000074/form10q033106.htm"
  },
  {
    "date": "2005-12-31",
    "symbol": "LNT",
    "reportedCurrency": "USD",
    "cik": "0000352541",
    "fillingDate": "2006-03-03",
    "acceptedDate": "2006-03-02 18:59:10",
    "calendarYear": "2005",
    "period": "Q4",
    "revenue": 906800000,
    "costOfRevenue": 754000000,
    "grossProfit": 152800000,
    "grossProfitRatio": 0.1685046317,
    "researchAndDevelopmentExpenses": 0,
    "generalAndAdministrativeExpenses": 0,
    "sellingAndMarketingExpenses": 0,
    "sellingGeneralAndAdministrativeExpenses": 0,
    "otherExpenses": 199900000,
    "operatingExpenses": 199900000,
    "costAndExpenses": 953900000,
    "interestIncome": 0,
    "interestExpense": 0,
    "depreciationAndAmortization": 94700000,
    "ebitda": 47600000,
    "ebitdaratio": 0.0524922805,
    "operatingIncome": -47100000,
    "operatingIncomeRatio": -0.051940891,
    "totalOtherIncomeExpensesNet": -61200000,
    "incomeBeforeTax": -108300000,
    "incomeBeforeTaxRatio": -0.119430966,
    "incomeTaxExpense": -47100000,
    "netIncome": -63900000,
    "netIncomeRatio": -0.0704675783,
    "eps": -0.27,
    "epsdiluted": -0.27,
    "weightedAverageShsOut": 116476000000,
    "weightedAverageShsOutDil": 116793000000,
    "link": "https://www.sec.gov/Archives/edgar/data/352541/000010783206000055/0000107832-06-000055-index.htm",
    "finalLink": "https://www.sec.gov/Archives/edgar/data/52485/000010783206000055/form10k123105.htm"
  },
  {
    "date": "2005-09-30",
    "symbol": "LNT",
    "reportedCurrency": "USD",
    "cik": "0000352541",
    "fillingDate": "2005-11-08",
    "acceptedDate": "2005-11-08 10:41:56",
    "calendarYear": "2005",
    "period": "Q3",
    "revenue": 874200000,
    "costOfRevenue": 307800000,
    "grossProfit": 566400000,
    "grossProfitRatio": 0.6479066575,
    "researchAndDevelopmentExpenses": 0,
    "generalAndAdministrativeExpenses": 0,
    "sellingAndMarketingExpenses": 0,
    "sellingGeneralAndAdministrativeExpenses": 0,
    "otherExpenses": 436100000,
    "operatingExpenses": 436100000,
    "costAndExpenses": 743900000,
    "interestIncome": 0,
    "interestExpense": 5400000,
    "depreciationAndAmortization": 95700000,
    "ebitda": 226000000,
    "ebitdaratio": 0.2585220773,
    "operatingIncome": 130300000,
    "operatingIncomeRatio": 0.1490505605,
    "totalOtherIncomeExpensesNet": -20800000,
    "incomeBeforeTax": 109500000,
    "incomeBeforeTaxRatio": 0.1252573782,
    "incomeTaxExpense": 9900000,
    "netIncome": 112500000,
    "netIncomeRatio": 0.1286890872,
    "eps": 0.48,
    "epsdiluted": 0.48,
    "weightedAverageShsOut": 233278000,
    "weightedAverageShsOutDil": 234068000,
    "link": "https://www.sec.gov/Archives/edgar/data/352541/000010783205000198/0000107832-05-000198-index.htm",
    "finalLink": "https://www.sec.gov/Archives/edgar/data/52485/000010783205000198/form10q093005.htm"
  },
  {
    "date": "2005-06-30",
    "symbol": "LNT",
    "reportedCurrency": "USD",
    "cik": "0000352541",
    "fillingDate": "2005-08-08",
    "acceptedDate": "2005-08-05 20:12:54",
    "calendarYear": "2005",
    "period": "Q2",
    "revenue": 699800000,
    "costOfRevenue": 300600000,
    "grossProfit": 399200000,
    "grossProfitRatio": 0.5704486996,
    "researchAndDevelopmentExpenses": 0,
    "generalAndAdministrativeExpenses": 0,
    "sellingAndMarketingExpenses": 0,
    "sellingGeneralAndAdministrativeExpenses": 0,
    "otherExpenses": 412200000,
    "operatingExpenses": 412200000,
    "costAndExpenses": 712800000,
    "interestIncome": 0,
    "interestExpense": 4100000,
    "depreciationAndAmortization": 94600000,
    "ebitda": 81600000,
    "ebitdaratio": 0.1166047442,
    "operatingIncome": -13000000,
    "operatingIncomeRatio": -0.0185767362,
    "totalOtherIncomeExpensesNet": -16300000,
    "incomeBeforeTax": -29300000,
    "incomeBeforeTaxRatio": -0.0418691055,
    "incomeTaxExpense": -25300000,
    "netIncome": -54000000,
    "netIncomeRatio": -0.0771649043,
    "eps": -0.25,
    "epsdiluted": -0.25,
    "weightedAverageShsOut": 232566000,
    "weightedAverageShsOutDil": 232566000,
    "link": "https://www.sec.gov/Archives/edgar/data/352541/000010783205000153/0000107832-05-000153-index.htm",
    "finalLink": "https://www.sec.gov/Archives/edgar/data/52485/000010783205000153/form10q060305.htm"
  },
  {
    "date": "2005-03-31",
    "symbol": "LNT",
    "reportedCurrency": "USD",
    "cik": "0000352541",
    "fillingDate": "2005-05-06",
    "acceptedDate": "2005-05-05 18:21:18",
    "calendarYear": "2005",
    "period": "Q1",
    "revenue": 798800000,
    "costOfRevenue": 388400000,
    "grossProfit": 410400000,
    "grossProfitRatio": 0.513770656,
    "researchAndDevelopmentExpenses": 0,
    "generalAndAdministrativeExpenses": 0,
    "sellingAndMarketingExpenses": 0,
    "sellingGeneralAndAdministrativeExpenses": 0,
    "otherExpenses": 339000000,
    "operatingExpenses": 339000000,
    "costAndExpenses": 727400000,
    "interestIncome": 0,
    "interestExpense": 0,
    "depreciationAndAmortization": 95400000,
    "ebitda": 166800000,
    "ebitdaratio": 0.2088132198,
    "operatingIncome": 71400000,
    "operatingIncomeRatio": 0.0893840761,
    "totalOtherIncomeExpensesNet": -30400000,
    "incomeBeforeTax": 41000000,
    "incomeBeforeTaxRatio": 0.0513269905,
    "incomeTaxExpense": 9600000,
    "netIncome": 7100000,
    "netIncomeRatio": 0.0088883325,
    "eps": 0.01,
    "epsdiluted": 0.01,
    "weightedAverageShsOut": 232064000,
    "weightedAverageShsOutDil": 232738000,
    "link": "https://www.sec.gov/Archives/edgar/data/352541/000010783205000092/0000107832-05-000092-index.htm",
    "finalLink": "https://www.sec.gov/Archives/edgar/data/52485/000010783205000092/form10q033105.htm"
  },
  {
    "date": "2004-12-31",
    "symbol": "LNT",
    "reportedCurrency": "USD",
    "cik": "0000352541",
    "fillingDate": "2005-03-04",
    "acceptedDate": "2005-03-04 12:55:09",
    "calendarYear": "2004",
    "period": "Q4",
    "revenue": 783565000,
    "costOfRevenue": 316756000,
    "grossProfit": 466809000,
    "grossProfitRatio": 0.595750193,
    "researchAndDevelopmentExpenses": 0,
    "generalAndAdministrativeExpenses": 0,
    "sellingAndMarketingExpenses": 0,
    "sellingGeneralAndAdministrativeExpenses": 0,
    "otherExpenses": 372340000,
    "operatingExpenses": 372340000,
    "costAndExpenses": 689096000,
    "interestIncome": 0,
    "interestExpense": 0,
    "depreciationAndAmortization": 99323000,
    "ebitda": 193792000,
    "ebitdaratio": 0.2473208987,
    "operatingIncome": 94469000,
    "operatingIncomeRatio": 0.1205630675,
    "totalOtherIncomeExpensesNet": -15888000,
    "incomeBeforeTax": 78581000,
    "incomeBeforeTaxRatio": 0.100286511,
    "incomeTaxExpense": 20298000,
    "netIncome": 42724000,
    "netIncomeRatio": 0.0545251511,
    "eps": 0.18,
    "epsdiluted": 0.18,
    "weightedAverageShsOut": 113274000000,
    "weightedAverageShsOutDil": 113701000000,
    "link": "https://www.sec.gov/Archives/edgar/data/352541/000010783205000069/0000107832-05-000069-index.htm",
    "finalLink": "https://www.sec.gov/Archives/edgar/data/52485/000010783205000069/form10k12312004.htm"
  },
  {
    "date": "2004-09-30",
    "symbol": "LNT",
    "reportedCurrency": "USD",
    "cik": "0000352541",
    "fillingDate": "2004-11-05",
    "acceptedDate": "2004-11-05 14:26:23",
    "calendarYear": "2004",
    "period": "Q3",
    "revenue": 693600000,
    "costOfRevenue": 224132000,
    "grossProfit": 469468000,
    "grossProfitRatio": 0.6768569781,
    "researchAndDevelopmentExpenses": 0,
    "generalAndAdministrativeExpenses": 0,
    "sellingAndMarketingExpenses": 0,
    "sellingGeneralAndAdministrativeExpenses": 0,
    "otherExpenses": 334300000,
    "operatingExpenses": 334300000,
    "costAndExpenses": 529500000,
    "interestIncome": 0,
    "interestExpense": 0,
    "depreciationAndAmortization": 129200000,
    "ebitda": 293300000,
    "ebitdaratio": 0.4228662053,
    "operatingIncome": 164100000,
    "operatingIncomeRatio": 0.2365916955,
    "totalOtherIncomeExpensesNet": -33800000,
    "incomeBeforeTax": 130300000,
    "incomeBeforeTaxRatio": 0.1878604383,
    "incomeTaxExpense": 37900000,
    "netIncome": 81800000,
    "netIncomeRatio": 0.1179354095,
    "eps": 0.36,
    "epsdiluted": 0.36,
    "weightedAverageShsOut": 228492000,
    "weightedAverageShsOutDil": 229406000,
    "link": "https://www.sec.gov/Archives/edgar/data/352541/000010783204000240/0000107832-04-000240-index.htm",
    "finalLink": "https://www.sec.gov/Archives/edgar/data/52485/000010783204000240/form10q093004.htm"
  },
  {
    "date": "2004-06-30",
    "symbol": "LNT",
    "reportedCurrency": "USD",
    "cik": "0000352541",
    "fillingDate": "2004-08-06",
    "acceptedDate": "2004-08-06 13:46:16",
    "calendarYear": "2004",
    "period": "Q2",
    "revenue": 599700000,
    "costOfRevenue": 220646000,
    "grossProfit": 379054000,
    "grossProfitRatio": 0.632072703,
    "researchAndDevelopmentExpenses": 0,
    "generalAndAdministrativeExpenses": 0,
    "sellingAndMarketingExpenses": 0,
    "sellingGeneralAndAdministrativeExpenses": 0,
    "otherExpenses": 296400000,
    "operatingExpenses": 296400000,
    "costAndExpenses": 517000000,
    "interestIncome": 0,
    "interestExpense": 0,
    "depreciationAndAmortization": 83034000,
    "ebitda": 161300000,
    "ebitdaratio": 0.2689678172,
    "operatingIncome": 82700000,
    "operatingIncomeRatio": 0.1379022845,
    "totalOtherIncomeExpensesNet": -32900000,
    "incomeBeforeTax": 49800000,
    "incomeBeforeTaxRatio": 0.0830415208,
    "incomeTaxExpense": 15800000,
    "netIncome": -13100000,
    "netIncomeRatio": -0.0218442555,
    "eps": -0.06,
    "epsdiluted": -0.06,
    "weightedAverageShsOut": 224158000,
    "weightedAverageShsOutDil": 224962000,
    "link": "https://www.sec.gov/Archives/edgar/data/352541/000010783204000194/0000107832-04-000194-index.htm",
    "finalLink": "https://www.sec.gov/Archives/edgar/data/52485/000010783204000194/form10q063004.htm"
  },
  {
    "date": "2004-03-31",
    "symbol": "LNT",
    "reportedCurrency": "USD",
    "cik": "0000352541",
    "fillingDate": "2004-05-07",
    "acceptedDate": "2004-05-06 21:38:39",
    "calendarYear": "2004",
    "period": "Q1",
    "revenue": 810000000,
    "costOfRevenue": 382800000,
    "grossProfit": 427200000,
    "grossProfitRatio": 0.5274074074,
    "researchAndDevelopmentExpenses": 0,
    "generalAndAdministrativeExpenses": 0,
    "sellingAndMarketingExpenses": 0,
    "sellingGeneralAndAdministrativeExpenses": 0,
    "otherExpenses": 355100000,
    "operatingExpenses": 355100000,
    "costAndExpenses": 737900000,
    "interestIncome": 0,
    "interestExpense": 0,
    "depreciationAndAmortization": 99200000,
    "ebitda": 171300000,
    "ebitdaratio": 0.2114814815,
    "operatingIncome": 72100000,
    "operatingIncomeRatio": 0.0890123457,
    "totalOtherIncomeExpensesNet": -21100000,
    "incomeBeforeTax": 51000000,
    "incomeBeforeTaxRatio": 0.062962963,
    "incomeTaxExpense": 14700000,
    "netIncome": 34100000,
    "netIncomeRatio": 0.0420987654,
    "eps": 0.16,
    "epsdiluted": 0.15,
    "weightedAverageShsOut": 222306000,
    "weightedAverageShsOutDil": 223158000,
    "link": "https://www.sec.gov/Archives/edgar/data/352541/000010783204000128/0000107832-04-000128-index.htm",
    "finalLink": "https://www.sec.gov/Archives/edgar/data/52485/000010783204000128/form10q033104.htm"
  },
  {
    "date": "2003-12-31",
    "symbol": "LNT",
    "reportedCurrency": "USD",
    "cik": "0000352541",
    "fillingDate": "2004-03-11",
    "acceptedDate": "2004-03-11 17:00:40",
    "calendarYear": "2003",
    "period": "Q4",
    "revenue": 826553000,
    "costOfRevenue": 548205000,
    "grossProfit": 278348000,
    "grossProfitRatio": 0.3367575945,
    "researchAndDevelopmentExpenses": 0,
    "generalAndAdministrativeExpenses": 0,
    "sellingAndMarketingExpenses": 0,
    "sellingGeneralAndAdministrativeExpenses": 0,
    "otherExpenses": 188494000,
    "operatingExpenses": 188494000,
    "costAndExpenses": 736699000,
    "interestIncome": 0,
    "interestExpense": 0,
    "depreciationAndAmortization": 86842000,
    "ebitda": 176696000,
    "ebitdaratio": 0.2137745553,
    "operatingIncome": 89854000,
    "operatingIncomeRatio": 0.1087093024,
    "totalOtherIncomeExpensesNet": -26368000,
    "incomeBeforeTax": 63486000,
    "incomeBeforeTaxRatio": 0.0768081418,
    "incomeTaxExpense": 15405000,
    "netIncome": 48635000,
    "netIncomeRatio": 0.0588407519,
    "eps": 0.22,
    "epsdiluted": 0.22,
    "weightedAverageShsOut": 101366000000,
    "weightedAverageShsOutDil": 101544000000,
    "link": "https://www.sec.gov/Archives/edgar/data/352541/000010783204000096/0000107832-04-000096-index.htm",
    "finalLink": "https://www.sec.gov/Archives/edgar/data/52485/000010783204000096/form10k123103.htm"
  },
  {
    "date": "2003-09-30",
    "symbol": "LNT",
    "reportedCurrency": "USD",
    "cik": "0000352541",
    "fillingDate": "2003-11-13",
    "acceptedDate": "2003-11-13 17:24:22",
    "calendarYear": "2003",
    "period": "Q3",
    "revenue": 743645000,
    "costOfRevenue": 200416000,
    "grossProfit": 543229000,
    "grossProfitRatio": 0.7304950615,
    "researchAndDevelopmentExpenses": 0,
    "generalAndAdministrativeExpenses": 0,
    "sellingAndMarketingExpenses": 0,
    "sellingGeneralAndAdministrativeExpenses": 0,
    "otherExpenses": 343969000,
    "operatingExpenses": 343969000,
    "costAndExpenses": 579377000,
    "interestIncome": 0,
    "interestExpense": 0,
    "depreciationAndAmortization": 97179000,
    "ebitda": 261447000,
    "ebitdaratio": 0.3515750123,
    "operatingIncome": 164268000,
    "operatingIncomeRatio": 0.2208957231,
    "totalOtherIncomeExpensesNet": -38081000,
    "incomeBeforeTax": 126187000,
    "incomeBeforeTaxRatio": 0.1696871491,
    "incomeTaxExpense": 42029000,
    "netIncome": 103232000,
    "netIncomeRatio": 0.1388189257,
    "eps": 0.48,
    "epsdiluted": 0.47,
    "weightedAverageShsOut": 218442000,
    "weightedAverageShsOutDil": 218866000,
    "link": "https://www.sec.gov/Archives/edgar/data/352541/000010783203000146/0000107832-03-000146-index.htm",
    "finalLink": "https://www.sec.gov/Archives/edgar/data/52485/000010783203000146/form10q0903.htm"
  },
  {
    "date": "2003-06-30",
    "symbol": "LNT",
    "reportedCurrency": "USD",
    "cik": "0000352541",
    "fillingDate": "2003-08-14",
    "acceptedDate": "2003-08-14 10:58:42",
    "calendarYear": "2003",
    "period": "Q2",
    "revenue": 646292000,
    "costOfRevenue": 175281000,
    "grossProfit": 471011000,
    "grossProfitRatio": 0.728789773,
    "researchAndDevelopmentExpenses": 0,
    "generalAndAdministrativeExpenses": 0,
    "sellingAndMarketingExpenses": 0,
    "sellingGeneralAndAdministrativeExpenses": 0,
    "otherExpenses": 414069000,
    "operatingExpenses": 414069000,
    "costAndExpenses": 589350000,
    "interestIncome": 0,
    "interestExpense": 0,
    "depreciationAndAmortization": 88869000,
    "ebitda": 147110000,
    "ebitdaratio": 0.2276215704,
    "operatingIncome": 58241000,
    "operatingIncomeRatio": 0.0901156134,
    "totalOtherIncomeExpensesNet": -40295000,
    "incomeBeforeTax": 17946000,
    "incomeBeforeTaxRatio": 0.0277676344,
    "incomeTaxExpense": 6217000,
    "netIncome": 32154000,
    "netIncomeRatio": 0.0497515055,
    "eps": 0.18,
    "epsdiluted": 0.17,
    "weightedAverageShsOut": 185822000,
    "weightedAverageShsOutDil": 186044000,
    "link": "https://www.sec.gov/Archives/edgar/data/352541/000010783203000068/0000107832-03-000068-index.htm",
    "finalLink": "https://www.sec.gov/Archives/edgar/data/52485/000010783203000068/form10q0603.txt"
  },
  {
    "date": "2003-03-31",
    "symbol": "LNT",
    "reportedCurrency": "USD",
    "cik": "0000352541",
    "fillingDate": "2003-05-15",
    "acceptedDate": "2003-05-15 16:29:45",
    "calendarYear": "2003",
    "period": "Q1",
    "revenue": 895790000,
    "costOfRevenue": 201730000,
    "grossProfit": 694060000,
    "grossProfitRatio": 0.77480213,
    "researchAndDevelopmentExpenses": 0,
    "generalAndAdministrativeExpenses": 0,
    "sellingAndMarketingExpenses": 0,
    "sellingGeneralAndAdministrativeExpenses": 0,
    "otherExpenses": 612019000,
    "operatingExpenses": 612019000,
    "costAndExpenses": 813749000,
    "interestIncome": 0,
    "interestExpense": 0,
    "depreciationAndAmortization": 98482000,
    "ebitda": 175425000,
    "ebitdaratio": 0.1958327287,
    "operatingIncome": 76943000,
    "operatingIncomeRatio": 0.0858940153,
    "totalOtherIncomeExpensesNet": -54128000,
    "incomeBeforeTax": 22815000,
    "incomeBeforeTaxRatio": 0.025469139,
    "incomeTaxExpense": 8176000,
    "netIncome": -478000,
    "netIncomeRatio": -0.0005336072,
    "eps": -0.0026,
    "epsdiluted": -0.0026,
    "weightedAverageShsOut": 185022000,
    "weightedAverageShsOutDil": 185076000,
    "link": "https://www.sec.gov/Archives/edgar/data/352541/000010783203000027/0000107832-03-000027-index.htm",
    "finalLink": "https://www.sec.gov/Archives/edgar/data/52485/000010783203000027/form10q0303.txt"
  },
  {
    "date": "2002-12-31",
    "symbol": "LNT",
    "reportedCurrency": "USD",
    "cik": "0000352541",
    "fillingDate": "2003-03-26",
    "acceptedDate": "2003-03-25 21:40:48",
    "calendarYear": "2002",
    "period": "Q4",
    "revenue": 595941000,
    "costOfRevenue": 148655000,
    "grossProfit": 447286000,
    "grossProfitRatio": 0.7505541656,
    "researchAndDevelopmentExpenses": 0,
    "generalAndAdministrativeExpenses": 0,
    "sellingAndMarketingExpenses": 0,
    "sellingGeneralAndAdministrativeExpenses": 0,
    "otherExpenses": 402555000,
    "operatingExpenses": 402555000,
    "costAndExpenses": 551210000,
    "interestIncome": 0,
    "interestExpense": 0,
    "depreciationAndAmortization": 71530000,
    "ebitda": 116261000,
    "ebitdaratio": 0.1950881044,
    "operatingIncome": 44731000,
    "operatingIncomeRatio": 0.0750594438,
    "totalOtherIncomeExpensesNet": -20818000,
    "incomeBeforeTax": 23913000,
    "incomeBeforeTaxRatio": 0.0401264555,
    "incomeTaxExpense": 8432000,
    "netIncome": 46093000,
    "netIncomeRatio": 0.0773449049,
    "eps": 0.25,
    "epsdiluted": 0.25,
    "weightedAverageShsOut": 181511763,
    "weightedAverageShsOutDil": 185467604,
    "link": "https://www.sec.gov/Archives/edgar/data/352541/000010783203000014/0000107832-03-000014-index.htm",
    "finalLink": "https://www.sec.gov/Archives/edgar/data/52485/000010783203000014/form10k123102.txt"
  },
  {
    "date": "2002-09-30",
    "symbol": "LNT",
    "reportedCurrency": "USD",
    "cik": "0000352541",
    "fillingDate": "2002-11-14",
    "acceptedDate": "2002-11-14 15:37:22",
    "calendarYear": "2002",
    "period": "Q3",
    "revenue": 761419000,
    "costOfRevenue": 216695000,
    "grossProfit": 544724000,
    "grossProfitRatio": 0.7154063663,
    "researchAndDevelopmentExpenses": 0,
    "generalAndAdministrativeExpenses": 0,
    "sellingAndMarketingExpenses": 0,
    "sellingGeneralAndAdministrativeExpenses": 0,
    "otherExpenses": 400024000,
    "operatingExpenses": 400024000,
    "costAndExpenses": 616719000,
    "interestIncome": 0,
    "interestExpense": 0,
    "depreciationAndAmortization": 59967000,
    "ebitda": 203999000,
    "ebitdaratio": 0.2679195029,
    "operatingIncome": 132419000,
    "operatingIncomeRatio": 0.1739108165,
    "totalOtherIncomeExpensesNet": -57996000,
    "incomeBeforeTax": 74423000,
    "incomeBeforeTaxRatio": 0.0977425045,
    "incomeTaxExpense": 27767000,
    "netIncome": 44730000,
    "netIncomeRatio": 0.058745579,
    "eps": 0.25,
    "epsdiluted": 0.25,
    "weightedAverageShsOut": 182364000,
    "weightedAverageShsOutDil": 182516000,
    "link": "https://www.sec.gov/Archives/edgar/data/352541/000010783202000073/0000107832-02-000073-index.htm",
    "finalLink": "https://www.sec.gov/Archives/edgar/data/52485/000010783202000073/september10q2002.txt"
  },
  {
    "date": "2002-06-30",
    "symbol": "LNT",
    "reportedCurrency": "USD",
    "cik": "0000352541",
    "fillingDate": "2002-08-09",
    "acceptedDate": "2002-08-09 17:06:18",
    "calendarYear": "2002",
    "period": "Q2",
    "revenue": 615215000,
    "costOfRevenue": 165829000,
    "grossProfit": 449386000,
    "grossProfitRatio": 0.7304535813,
    "researchAndDevelopmentExpenses": 0,
    "generalAndAdministrativeExpenses": 0,
    "sellingAndMarketingExpenses": 0,
    "sellingGeneralAndAdministrativeExpenses": 0,
    "otherExpenses": 385599000,
    "operatingExpenses": 385599000,
    "costAndExpenses": 551428000,
    "interestIncome": 0,
    "interestExpense": 0,
    "depreciationAndAmortization": 105151000,
    "ebitda": 168938000,
    "ebitdaratio": 0.2745999366,
    "operatingIncome": 63787000,
    "operatingIncomeRatio": 0.1036824525,
    "totalOtherIncomeExpensesNet": -55743000,
    "incomeBeforeTax": 8044000,
    "incomeBeforeTaxRatio": 0.0130751038,
    "incomeTaxExpense": 1729000,
    "netIncome": 6315000,
    "netIncomeRatio": 0.0102647042,
    "eps": 0.035,
    "epsdiluted": 0.035,
    "weightedAverageShsOut": 181106000,
    "weightedAverageShsOutDil": 181106000,
    "link": "https://www.sec.gov/Archives/edgar/data/352541/000010783202000057/0000107832-02-000057-index.htm",
    "finalLink": "https://www.sec.gov/Archives/edgar/data/52485/000010783202000057/june10q2002.txt"
  },
  {
    "date": "2002-03-31",
    "symbol": "LNT",
    "reportedCurrency": "USD",
    "cik": "0000352541",
    "fillingDate": "2002-05-15",
    "acceptedDate": "2002-05-15 11:30:19",
    "calendarYear": "2002",
    "period": "Q1",
    "revenue": 636237000,
    "costOfRevenue": 134947000,
    "grossProfit": 501290000,
    "grossProfitRatio": 0.7878982203,
    "researchAndDevelopmentExpenses": 0,
    "generalAndAdministrativeExpenses": 0,
    "sellingAndMarketingExpenses": 0,
    "sellingGeneralAndAdministrativeExpenses": 0,
    "otherExpenses": 438857000,
    "operatingExpenses": 438857000,
    "costAndExpenses": 573804000,
    "interestIncome": 0,
    "interestExpense": 0,
    "depreciationAndAmortization": 86605000,
    "ebitda": 129295000,
    "ebitdaratio": 0.2032182976,
    "operatingIncome": 42690000,
    "operatingIncomeRatio": 0.0670976381,
    "totalOtherIncomeExpensesNet": -47540000,
    "incomeBeforeTax": -4850000,
    "incomeBeforeTaxRatio": -0.0076229455,
    "incomeTaxExpense": 2941000,
    "netIncome": 9743000,
    "netIncomeRatio": 0.015313476,
    "eps": 0.055,
    "epsdiluted": 0.055,
    "weightedAverageShsOut": 179928424,
    "weightedAverageShsOutDil": 180108048,
    "link": "https://www.sec.gov/Archives/edgar/data/352541/000010783202000044/0000107832-02-000044-index.htm",
    "finalLink": "https://www.sec.gov/Archives/edgar/data/52485/000010783202000044/march10q2002.txt"
  },
  {
    "date": "2001-12-31",
    "symbol": "LNT",
    "reportedCurrency": "USD",
    "cik": "0000352541",
    "fillingDate": "2002-03-27",
    "acceptedDate": "2002-03-27 00:00:00",
    "calendarYear": "2001",
    "period": "Q4",
    "revenue": 646521000,
    "costOfRevenue": 147791000,
    "grossProfit": 498730000,
    "grossProfitRatio": 0.7714057239,
    "researchAndDevelopmentExpenses": 0,
    "generalAndAdministrativeExpenses": 0,
    "sellingAndMarketingExpenses": 0,
    "sellingGeneralAndAdministrativeExpenses": 0,
    "otherExpenses": 419726000,
    "operatingExpenses": 419726000,
    "costAndExpenses": 567517000,
    "interestIncome": 0,
    "interestExpense": 0,
    "depreciationAndAmortization": 112159000,
    "ebitda": 191163000,
    "ebitdaratio": 0.2956794907,
    "operatingIncome": 79004000,
    "operatingIncomeRatio": 0.1221986602,
    "totalOtherIncomeExpensesNet": -12613000,
    "incomeBeforeTax": 66391000,
    "incomeBeforeTaxRatio": 0.1026896265,
    "incomeTaxExpense": 131000,
    "netIncome": 53392000,
    "netIncomeRatio": 0.082583551,
    "eps": 0.3,
    "epsdiluted": 0.3,
    "weightedAverageShsOut": 168897925,
    "weightedAverageShsOutDil": 177145455,
    "link": "https://www.sec.gov/Archives/edgar/data/352541/000010783202000027/0000107832-02-000027-index.htm",
    "finalLink": "https://www.sec.gov/Archives/edgar/data/52485/000010783202000027/annual10k2001.txt"
  },
  {
    "date": "2001-09-30",
    "symbol": "LNT",
    "reportedCurrency": "USD",
    "cik": "0000352541",
    "fillingDate": "2001-11-14",
    "acceptedDate": "2001-11-14 00:00:00",
    "calendarYear": "2001",
    "period": "Q3",
    "revenue": 666265000,
    "costOfRevenue": 203071000,
    "grossProfit": 463194000,
    "grossProfitRatio": 0.6952098639,
    "researchAndDevelopmentExpenses": 0,
    "generalAndAdministrativeExpenses": 0,
    "sellingAndMarketingExpenses": 0,
    "sellingGeneralAndAdministrativeExpenses": 0,
    "otherExpenses": 329468000,
    "operatingExpenses": 329468000,
    "costAndExpenses": 532539000,
    "interestIncome": 0,
    "interestExpense": 0,
    "depreciationAndAmortization": 63618000,
    "ebitda": 214365000,
    "ebitdaratio": 0.3217413492,
    "operatingIncome": 133726000,
    "operatingIncomeRatio": 0.2007099277,
    "totalOtherIncomeExpensesNet": -30466000,
    "incomeBeforeTax": 103260000,
    "incomeBeforeTaxRatio": 0.1549833775,
    "incomeTaxExpense": 33929000,
    "netIncome": 69331000,
    "netIncomeRatio": 0.1040591957,
    "eps": 0.44,
    "epsdiluted": 0.44,
    "weightedAverageShsOut": 158700000,
    "weightedAverageShsOutDil": 158700000,
    "link": "https://www.sec.gov/Archives/edgar/data/352541/000010783201500099/0000107832-01-500099-index.htm",
    "finalLink": "https://www.sec.gov/Archives/edgar/data/52485/000010783201500099/september10q2001.txt"
  },
  {
    "date": "2001-06-30",
    "symbol": "LNT",
    "reportedCurrency": "USD",
    "cik": "0000352541",
    "fillingDate": "2002-01-30",
    "acceptedDate": "2002-01-30 00:00:00",
    "calendarYear": "2001",
    "period": "Q2",
    "revenue": 611841000,
    "costOfRevenue": 189076000,
    "grossProfit": 422765000,
    "grossProfitRatio": 0.6909720009,
    "researchAndDevelopmentExpenses": 0,
    "generalAndAdministrativeExpenses": 0,
    "sellingAndMarketingExpenses": 0,
    "sellingGeneralAndAdministrativeExpenses": 0,
    "otherExpenses": 354747000,
    "operatingExpenses": 354747000,
    "costAndExpenses": 543823000,
    "interestIncome": 0,
    "interestExpense": 0,
    "depreciationAndAmortization": 94665000,
    "ebitda": 162683000,
    "ebitdaratio": 0.2658909749,
    "operatingIncome": 68018000,
    "operatingIncomeRatio": 0.1111694051,
    "totalOtherIncomeExpensesNet": -33402000,
    "incomeBeforeTax": 34616000,
    "incomeBeforeTaxRatio": 0.0565767904,
    "incomeTaxExpense": 11316000,
    "netIncome": 23300000,
    "netIncomeRatio": 0.0380817892,
    "eps": 0.14,
    "epsdiluted": 0.14,
    "weightedAverageShsOut": 160689655,
    "weightedAverageShsOutDil": 160689655,
    "link": "https://www.sec.gov/Archives/edgar/data/352541/000010783202000007/0000107832-02-000007-index.htm",
    "finalLink": "https://www.sec.gov/Archives/edgar/data/52485/000010783202000007/june10qa2001.txt"
  },
  {
    "date": "2001-03-31",
    "symbol": "LNT",
    "reportedCurrency": "USD",
    "cik": "0000352541",
    "fillingDate": "2001-05-11",
    "acceptedDate": "2001-05-11 00:00:00",
    "calendarYear": "2001",
    "period": "Q1",
    "revenue": 852713000,
    "costOfRevenue": 173917000,
    "grossProfit": 678796000,
    "grossProfitRatio": 0.7960427483,
    "researchAndDevelopmentExpenses": 0,
    "generalAndAdministrativeExpenses": 0,
    "sellingAndMarketingExpenses": 0,
    "sellingGeneralAndAdministrativeExpenses": 0,
    "otherExpenses": 589520000,
    "operatingExpenses": 589520000,
    "costAndExpenses": 763437000,
    "interestIncome": 0,
    "interestExpense": 0,
    "depreciationAndAmortization": 97995000,
    "ebitda": 187271000,
    "ebitdaratio": 0.219617855,
    "operatingIncome": 89276000,
    "operatingIncomeRatio": 0.1046964219,
    "totalOtherIncomeExpensesNet": -37633000,
    "incomeBeforeTax": 51643000,
    "incomeBeforeTaxRatio": 0.0605631672,
    "incomeTaxExpense": 18258000,
    "netIncome": 33385000,
    "netIncomeRatio": 0.0391515082,
    "eps": 0.21,
    "epsdiluted": 0.21,
    "weightedAverageShsOut": 158976190,
    "weightedAverageShsOutDil": 158976190,
    "link": "https://www.sec.gov/Archives/edgar/data/352541/000010783201500034/0000107832-01-500034-index.htm",
    "finalLink": "https://www.sec.gov/Archives/edgar/data/52485/000010783201500034/main10q.txt"
  },
  {
    "date": "2000-12-31",
    "symbol": "LNT",
    "reportedCurrency": "USD",
    "cik": "0000352541",
    "fillingDate": "2001-03-29",
    "acceptedDate": "2001-03-29 00:00:00",
    "calendarYear": "2000",
    "period": "Q4",
    "revenue": 553147000,
    "costOfRevenue": 146759000,
    "grossProfit": 406388000,
    "grossProfitRatio": 0.734683547,
    "researchAndDevelopmentExpenses": 0,
    "generalAndAdministrativeExpenses": 0,
    "sellingAndMarketingExpenses": 0,
    "sellingGeneralAndAdministrativeExpenses": 0,
    "otherExpenses": 313910000,
    "operatingExpenses": 313910000,
    "costAndExpenses": 460669000,
    "interestIncome": 0,
    "interestExpense": 0,
    "depreciationAndAmortization": 100398000,
    "ebitda": 192876000,
    "ebitdaratio": 0.3486885041,
    "operatingIncome": 92478000,
    "operatingIncomeRatio": 0.1671852148,
    "totalOtherIncomeExpensesNet": -6725000,
    "incomeBeforeTax": 85753000,
    "incomeBeforeTaxRatio": 0.1550275063,
    "incomeTaxExpense": 24937000,
    "netIncome": 60816000,
    "netIncomeRatio": 0.1099454575,
    "eps": 0.38,
    "epsdiluted": 0.38,
    "weightedAverageShsOut": 157537762,
    "weightedAverageShsOutDil": 158976190,
    "link": "https://www.sec.gov/Archives/edgar/data/352541/000010783201500009/0000107832-01-500009-index.htm",
    "finalLink": "https://www.sec.gov/Archives/edgar/data/52485/000010783201500009/mainbackup.txt"
  },
  {
    "date": "2000-09-30",
    "symbol": "LNT",
    "reportedCurrency": "USD",
    "cik": "0000352541",
    "fillingDate": "2000-11-13",
    "acceptedDate": "2000-11-13 00:00:00",
    "calendarYear": "2000",
    "period": "Q3",
    "revenue": 658422000,
    "costOfRevenue": 166158000,
    "grossProfit": 492264000,
    "grossProfitRatio": 0.7476420897,
    "researchAndDevelopmentExpenses": 0,
    "generalAndAdministrativeExpenses": 0,
    "sellingAndMarketingExpenses": 0,
    "sellingGeneralAndAdministrativeExpenses": 0,
    "otherExpenses": 352243000,
    "operatingExpenses": 352243000,
    "costAndExpenses": 518401000,
    "interestIncome": 0,
    "interestExpense": 0,
    "depreciationAndAmortization": 90786000,
    "ebitda": 252618000,
    "ebitdaratio": 0.38367187,
    "operatingIncome": 140021000,
    "operatingIncomeRatio": 0.2126614846,
    "totalOtherIncomeExpensesNet": 294922000,
    "incomeBeforeTax": 434943000,
    "incomeBeforeTaxRatio": 0.6605839416,
    "incomeTaxExpense": 175403000,
    "netIncome": 276248000,
    "netIncomeRatio": 0.4195607073,
    "eps": 1.75,
    "epsdiluted": 1.75,
    "weightedAverageShsOut": 158008000,
    "weightedAverageShsOutDil": 158320000,
    "link": "https://www.sec.gov/Archives/edgar/data/352541/000010783200000118/0000107832-00-000118-index.htm",
    "finalLink": "https://www.sec.gov/Archives/edgar/data/52485/000010783200000118/0000107832-00-000118-0001.txt"
  },
  {
    "date": "2000-06-30",
    "symbol": "LNT",
    "reportedCurrency": "USD",
    "cik": "0000352541",
    "fillingDate": "2000-08-11",
    "acceptedDate": "2000-08-11 00:00:00",
    "calendarYear": "2000",
    "period": "Q2",
    "revenue": 572565000,
    "costOfRevenue": 138905000,
    "grossProfit": 433660000,
    "grossProfitRatio": 0.7573987233,
    "researchAndDevelopmentExpenses": 0,
    "generalAndAdministrativeExpenses": 0,
    "sellingAndMarketingExpenses": 0,
    "sellingGeneralAndAdministrativeExpenses": 0,
    "otherExpenses": 373493000,
    "operatingExpenses": 373493000,
    "costAndExpenses": 512398000,
    "interestIncome": 0,
    "interestExpense": 0,
    "depreciationAndAmortization": 87660000,
    "ebitda": 147827000,
    "ebitdaratio": 0.258183787,
    "operatingIncome": 60167000,
    "operatingIncomeRatio": 0.1050832657,
    "totalOtherIncomeExpensesNet": 8149000,
    "incomeBeforeTax": 68316000,
    "incomeBeforeTaxRatio": 0.1193157109,
    "incomeTaxExpense": 26038000,
    "netIncome": 42278000,
    "netIncomeRatio": 0.0738396514,
    "eps": 0.23,
    "epsdiluted": 0.23,
    "weightedAverageShsOut": 158024000,
    "weightedAverageShsOutDil": 158024000,
    "link": "https://www.sec.gov/Archives/edgar/data/352541/000010783200000096/0000107832-00-000096-index.htm",
    "finalLink": "https://www.sec.gov/Archives/edgar/data/52485/000010783200000096/0000107832-00-000096-0001.txt"
  },
  {
    "date": "2000-03-31",
    "symbol": "LNT",
    "reportedCurrency": "USD",
    "cik": "0000352541",
    "fillingDate": "2000-05-11",
    "acceptedDate": "2000-05-11 00:00:00",
    "calendarYear": "2000",
    "period": "Q1",
    "revenue": 620850000,
    "costOfRevenue": 131617000,
    "grossProfit": 489233000,
    "grossProfitRatio": 0.7880051542,
    "researchAndDevelopmentExpenses": 0,
    "generalAndAdministrativeExpenses": 0,
    "sellingAndMarketingExpenses": 0,
    "sellingGeneralAndAdministrativeExpenses": 0,
    "otherExpenses": 400843000,
    "operatingExpenses": 400843000,
    "costAndExpenses": 532460000,
    "interestIncome": 0,
    "interestExpense": 0,
    "depreciationAndAmortization": 88032000,
    "ebitda": 176422000,
    "ebitdaratio": 0.2841620359,
    "operatingIncome": 88390000,
    "operatingIncomeRatio": 0.1423693324,
    "totalOtherIncomeExpensesNet": -56632000,
    "incomeBeforeTax": 31758000,
    "incomeBeforeTaxRatio": 0.0511524523,
    "incomeTaxExpense": 12438000,
    "netIncome": 19320000,
    "netIncomeRatio": 0.0311186277,
    "eps": 0.12,
    "epsdiluted": 0.12,
    "weightedAverageShsOut": 157992000,
    "weightedAverageShsOutDil": 157992000,
    "link": "https://www.sec.gov/Archives/edgar/data/352541/000010783200000057/0000107832-00-000057-index.html",
    "finalLink": "https://www.sec.gov/Archives/edgar/data/52485/000010783200000057/"
  },
  {
    "date": "1999-12-31",
    "symbol": "LNT",
    "reportedCurrency": "USD",
    "cik": "0000352541",
    "fillingDate": "2000-03-29",
    "acceptedDate": "2000-03-29 00:00:00",
    "calendarYear": "1999",
    "period": "Q4",
    "revenue": 566663000,
    "costOfRevenue": 181470000,
    "grossProfit": 385193000,
    "grossProfitRatio": 0.6797567514,
    "researchAndDevelopmentExpenses": 0,
    "generalAndAdministrativeExpenses": 0,
    "sellingAndMarketingExpenses": 0,
    "sellingGeneralAndAdministrativeExpenses": 0,
    "otherExpenses": 292658000,
    "operatingExpenses": 292658000,
    "costAndExpenses": 474128000,
    "interestIncome": 0,
    "interestExpense": 0,
    "depreciationAndAmortization": 69817000,
    "ebitda": 162352000,
    "ebitdaratio": 0.2865053833,
    "operatingIncome": 92535000,
    "operatingIncomeRatio": 0.1632981155,
    "totalOtherIncomeExpensesNet": -18868000,
    "incomeBeforeTax": 73667000,
    "incomeBeforeTaxRatio": 0.1300014294,
    "incomeTaxExpense": 28886000,
    "netIncome": 44781000,
    "netIncomeRatio": 0.0790258055,
    "eps": 0.28,
    "epsdiluted": 0.28,
    "weightedAverageShsOut": 157430988,
    "weightedAverageShsOutDil": 157992000,
    "link": "https://www.sec.gov/Archives/edgar/data/352541/000010783200000027/0000107832-00-000027-index.html",
    "finalLink": "https://www.sec.gov/Archives/edgar/data/52485/000010783200000027/"
  },
  {
    "date": "1999-09-30",
    "symbol": "LNT",
    "reportedCurrency": "USD",
    "cik": "0000352541",
    "fillingDate": "1999-11-12",
    "acceptedDate": "1999-11-12 00:00:00",
    "calendarYear": "1999",
    "period": "Q3",
    "revenue": 598300000,
    "costOfRevenue": 169600000,
    "grossProfit": 428700000,
    "grossProfitRatio": 0.7165301688,
    "researchAndDevelopmentExpenses": 0,
    "generalAndAdministrativeExpenses": 0,
    "sellingAndMarketingExpenses": 0,
    "sellingGeneralAndAdministrativeExpenses": 0,
    "otherExpenses": 298000000,
    "operatingExpenses": 298000000,
    "costAndExpenses": 467600000,
    "interestIncome": 0,
    "interestExpense": 0,
    "depreciationAndAmortization": 85700000,
    "ebitda": 684000000,
    "ebitdaratio": 1.1432391777,
    "operatingIncome": 130700000,
    "operatingIncomeRatio": 0.2184522815,
    "totalOtherIncomeExpensesNet": -16600000,
    "incomeBeforeTax": 114100000,
    "incomeBeforeTaxRatio": 0.1907070032,
    "incomeTaxExpense": 42600000,
    "netIncome": 71500000,
    "netIncomeRatio": 0.1195052649,
    "eps": 0.46,
    "epsdiluted": 0.46,
    "weightedAverageShsOut": 157138000,
    "weightedAverageShsOutDil": 157142000,
    "link": "https://www.sec.gov/Archives/edgar/data/352541/000010783299000013/0000107832-99-000013-index.html",
    "finalLink": "https://www.sec.gov/Archives/edgar/data/52485/000010783299000013/"
  },
  {
    "date": "1999-06-30",
    "symbol": "LNT",
    "reportedCurrency": "USD",
    "cik": "0000352541",
    "fillingDate": "1999-08-16",
    "acceptedDate": "1999-08-16 00:00:00",
    "calendarYear": "1999",
    "period": "Q2",
    "revenue": 486200000,
    "costOfRevenue": 148500000,
    "grossProfit": 337700000,
    "grossProfitRatio": 0.6945701357,
    "researchAndDevelopmentExpenses": 0,
    "generalAndAdministrativeExpenses": 0,
    "sellingAndMarketingExpenses": 0,
    "sellingGeneralAndAdministrativeExpenses": 0,
    "otherExpenses": 277400000,
    "operatingExpenses": 277400000,
    "costAndExpenses": 425900000,
    "interestIncome": 0,
    "interestExpense": 0,
    "depreciationAndAmortization": 42900000,
    "ebitda": 140214000,
    "ebitdaratio": 0.2883874949,
    "operatingIncome": 60214000,
    "operatingIncomeRatio": 0.1238461538,
    "totalOtherIncomeExpensesNet": 2486000,
    "incomeBeforeTax": 62700000,
    "incomeBeforeTaxRatio": 0.128959276,
    "incomeTaxExpense": 24200000,
    "netIncome": 38500000,
    "netIncomeRatio": 0.0791855204,
    "eps": 0.25,
    "epsdiluted": 0.25,
    "weightedAverageShsOut": 156428000,
    "weightedAverageShsOutDil": 156428000,
    "link": "https://www.sec.gov/Archives/edgar/data/352541/000089706999000422/0000897069-99-000422-index.html",
    "finalLink": "https://www.sec.gov/Archives/edgar/data/52485/000089706999000422/"
  },
  {
    "date": "1999-03-31",
    "symbol": "LNT",
    "reportedCurrency": "USD",
    "cik": "0000352541",
    "fillingDate": "1999-05-17",
    "acceptedDate": "1999-05-17 00:00:00",
    "calendarYear": "1999",
    "period": "Q1",
    "revenue": 546800000,
    "costOfRevenue": 198800000,
    "grossProfit": 348000000,
    "grossProfitRatio": 0.636430139,
    "researchAndDevelopmentExpenses": 0,
    "generalAndAdministrativeExpenses": 0,
    "sellingAndMarketingExpenses": 0,
    "sellingGeneralAndAdministrativeExpenses": 0,
    "otherExpenses": 255000000,
    "operatingExpenses": 255000000,
    "costAndExpenses": 453800000,
    "interestIncome": 0,
    "interestExpense": 0,
    "depreciationAndAmortization": 79700000,
    "ebitda": 179555000,
    "ebitdaratio": 0.328374177,
    "operatingIncome": 93055000,
    "operatingIncomeRatio": 0.1701810534,
    "totalOtherIncomeExpensesNet": -26455000,
    "incomeBeforeTax": 66600000,
    "incomeBeforeTaxRatio": 0.1217995611,
    "incomeTaxExpense": 24900000,
    "netIncome": 41700000,
    "netIncomeRatio": 0.0762618873,
    "eps": 0.27,
    "epsdiluted": 0.27,
    "weightedAverageShsOut": 155560000,
    "weightedAverageShsOutDil": 155560000,
    "link": "https://www.sec.gov/Archives/edgar/data/352541/000089706999000316/0000897069-99-000316-index.html",
    "finalLink": "https://www.sec.gov/Archives/edgar/data/52485/"
  },
  {
    "date": "1998-12-31",
    "symbol": "LNT",
    "reportedCurrency": "USD",
    "cik": "0000352541",
    "fillingDate": "1999-03-31",
    "acceptedDate": "1999-03-31 00:00:00",
    "calendarYear": "1998",
    "period": "Q4",
    "revenue": 528200000,
    "costOfRevenue": 182300000,
    "grossProfit": 345900000,
    "grossProfitRatio": 0.6548655812,
    "researchAndDevelopmentExpenses": 0,
    "generalAndAdministrativeExpenses": 0,
    "sellingAndMarketingExpenses": 0,
    "sellingGeneralAndAdministrativeExpenses": 0,
    "otherExpenses": 291400000,
    "operatingExpenses": 291400000,
    "costAndExpenses": 473700000,
    "interestIncome": 0,
    "interestExpense": 0,
    "depreciationAndAmortization": 68100000,
    "ebitda": 122600000,
    "ebitdaratio": 0.2321090496,
    "operatingIncome": 54500000,
    "operatingIncomeRatio": 0.1031806134,
    "totalOtherIncomeExpensesNet": -25100000,
    "incomeBeforeTax": 29400000,
    "incomeBeforeTaxRatio": 0.0556607346,
    "incomeTaxExpense": 4200000,
    "netIncome": 25200000,
    "netIncomeRatio": 0.0477092011,
    "eps": 0.16,
    "epsdiluted": 0.16,
    "weightedAverageShsOut": 154005677,
    "weightedAverageShsOutDil": 154444444,
    "link": "https://www.sec.gov/Archives/edgar/data/352541/000089706999000197/0000897069-99-000197-index.html",
    "finalLink": "https://www.sec.gov/Archives/edgar/data/52485/"
  },
  {
    "date": "1998-09-30",
    "symbol": "LNT",
    "reportedCurrency": "USD",
    "cik": "0000352541",
    "fillingDate": "1998-11-16",
    "acceptedDate": "1998-11-16 00:00:00",
    "calendarYear": "1998",
    "period": "Q3",
    "revenue": 555400000,
    "costOfRevenue": 167500000,
    "grossProfit": 387900000,
    "grossProfitRatio": 0.6984155564,
    "researchAndDevelopmentExpenses": 0,
    "generalAndAdministrativeExpenses": 0,
    "sellingAndMarketingExpenses": 0,
    "sellingGeneralAndAdministrativeExpenses": 0,
    "otherExpenses": 265700000,
    "operatingExpenses": 265700000,
    "costAndExpenses": 433200000,
    "interestIncome": 0,
    "interestExpense": 0,
    "depreciationAndAmortization": 0,
    "ebitda": 555300000,
    "ebitdaratio": 0.9998199496,
    "operatingIncome": 122200000,
    "operatingIncomeRatio": 0.220021606,
    "totalOtherIncomeExpensesNet": -32800000,
    "incomeBeforeTax": 89400000,
    "incomeBeforeTaxRatio": 0.1609650702,
    "incomeTaxExpense": 37700000,
    "netIncome": 51700000,
    "netIncomeRatio": 0.0930860641,
    "eps": 0.34,
    "epsdiluted": 0.34,
    "weightedAverageShsOut": 154328358,
    "weightedAverageShsOutDil": 154328358,
    "link": "https://www.sec.gov/Archives/edgar/data/352541/000089706998000568/0000897069-98-000568-index.html",
    "finalLink": "https://www.sec.gov/Archives/edgar/data/52485/"
  },
  {
    "date": "1998-06-30",
    "symbol": "LNT",
    "reportedCurrency": "USD",
    "cik": "0000352541",
    "fillingDate": "1998-08-14",
    "acceptedDate": "1998-08-14 00:00:00",
    "calendarYear": "1998",
    "period": "Q2",
    "revenue": 491000000,
    "costOfRevenue": 166800000,
    "grossProfit": 324200000,
    "grossProfitRatio": 0.6602851324,
    "researchAndDevelopmentExpenses": 0,
    "generalAndAdministrativeExpenses": 0,
    "sellingAndMarketingExpenses": 0,
    "sellingGeneralAndAdministrativeExpenses": 0,
    "otherExpenses": 291800000,
    "operatingExpenses": 291800000,
    "costAndExpenses": 458600000,
    "interestIncome": 0,
    "interestExpense": 0,
    "depreciationAndAmortization": 84600000,
    "ebitda": 117000000,
    "ebitdaratio": 0.2382892057,
    "operatingIncome": 32400000,
    "operatingIncomeRatio": 0.06598778,
    "totalOtherIncomeExpensesNet": -43400000,
    "incomeBeforeTax": -11000000,
    "incomeBeforeTaxRatio": -0.0224032587,
    "incomeTaxExpense": -1400000,
    "netIncome": -9600000,
    "netIncomeRatio": -0.0195519348,
    "eps": -0.06,
    "epsdiluted": -0.06,
    "weightedAverageShsOut": 160000000,
    "weightedAverageShsOutDil": 160000000,
    "link": "https://www.sec.gov/Archives/edgar/data/352541/000089706998000422/0000897069-98-000422-index.html",
    "finalLink": "https://www.sec.gov/Archives/edgar/data/52485/"
  },
  {
    "date": "1998-03-31",
    "symbol": "LNT",
    "reportedCurrency": "USD",
    "cik": "0000352541",
    "fillingDate": "1998-05-15",
    "acceptedDate": "1998-05-15 00:00:00",
    "calendarYear": "1998",
    "period": "Q1",
    "revenue": 222500000,
    "costOfRevenue": 88200000,
    "grossProfit": 134300000,
    "grossProfitRatio": 0.6035955056,
    "researchAndDevelopmentExpenses": 0,
    "generalAndAdministrativeExpenses": 0,
    "sellingAndMarketingExpenses": 0,
    "sellingGeneralAndAdministrativeExpenses": 0,
    "otherExpenses": 102900000,
    "operatingExpenses": 102900000,
    "costAndExpenses": 191100000,
    "interestIncome": 0,
    "interestExpense": 0,
    "depreciationAndAmortization": 29500000,
    "ebitda": 60900000,
    "ebitdaratio": 0.2737078652,
    "operatingIncome": 31400000,
    "operatingIncomeRatio": 0.1411235955,
    "totalOtherIncomeExpensesNet": 15300000,
    "incomeBeforeTax": 46700000,
    "incomeBeforeTaxRatio": 0.2098876404,
    "incomeTaxExpense": 17800000,
    "netIncome": 28900000,
    "netIncomeRatio": 0.1298876404,
    "eps": 0.26,
    "epsdiluted": 0.26,
    "weightedAverageShsOut": 61578000,
    "weightedAverageShsOutDil": 61578000,
    "link": "https://www.sec.gov/Archives/edgar/data/352541/000089706998000302/0000897069-98-000302-index.html",
    "finalLink": "https://www.sec.gov/Archives/edgar/data/352541/"
  },
  {
    "date": "1997-12-31",
    "symbol": "LNT",
    "reportedCurrency": "USD",
    "cik": "0000352541",
    "fillingDate": "1998-04-15",
    "acceptedDate": "1998-04-15 00:00:00",
    "calendarYear": "1997",
    "period": "Q4",
    "revenue": 236400000,
    "costOfRevenue": 84800000,
    "grossProfit": 151600000,
    "grossProfitRatio": 0.641285956,
    "researchAndDevelopmentExpenses": 0,
    "generalAndAdministrativeExpenses": 0,
    "sellingAndMarketingExpenses": 0,
    "sellingGeneralAndAdministrativeExpenses": 0,
    "otherExpenses": 115500000,
    "operatingExpenses": 115500000,
    "costAndExpenses": 200300000,
    "interestIncome": 0,
    "interestExpense": 0,
    "depreciationAndAmortization": 34100000,
    "ebitda": 69000000,
    "ebitdaratio": 0.2918781726,
    "operatingIncome": 36100000,
    "operatingIncomeRatio": 0.1527072758,
    "totalOtherIncomeExpensesNet": -13800000,
    "incomeBeforeTax": 22300000,
    "incomeBeforeTaxRatio": 0.0943316413,
    "incomeTaxExpense": 5800000,
    "netIncome": 16500000,
    "netIncomeRatio": 0.0697969543,
    "eps": 0.27,
    "epsdiluted": 0.27,
    "weightedAverageShsOut": 61960784,
    "weightedAverageShsOutDil": 61960784,
    "link": "https://www.sec.gov/Archives/edgar/data/352541/000089706998000229/0000897069-98-000229-index.html",
    "finalLink": "https://www.sec.gov/Archives/edgar/data/352541/"
  },
  {
    "date": "1997-09-30",
    "symbol": "LNT",
    "reportedCurrency": "USD",
    "cik": "0000352541",
    "fillingDate": "1997-11-14",
    "acceptedDate": "1997-11-14 00:00:00",
    "calendarYear": "1997",
    "period": "Q3",
    "revenue": 214500000,
    "costOfRevenue": 159800000,
    "grossProfit": 54700000,
    "grossProfitRatio": 0.255011655,
    "researchAndDevelopmentExpenses": 0,
    "generalAndAdministrativeExpenses": 0,
    "sellingAndMarketingExpenses": 0,
    "sellingGeneralAndAdministrativeExpenses": -164100000,
    "otherExpenses": 276700000,
    "operatingExpenses": 112600000,
    "costAndExpenses": 436500000,
    "interestIncome": 0,
    "interestExpense": 0,
    "depreciationAndAmortization": 29200000,
    "ebitda": 184900000,
    "ebitdaratio": 0.862004662,
    "operatingIncome": 120400000,
    "operatingIncomeRatio": 0.5613053613,
    "totalOtherIncomeExpensesNet": -29400000,
    "incomeBeforeTax": 91000000,
    "incomeBeforeTaxRatio": 0.4242424242,
    "incomeTaxExpense": 36000000,
    "netIncome": 55000000,
    "netIncomeRatio": 0.2564102564,
    "eps": 0.23,
    "epsdiluted": 0.23,
    "weightedAverageShsOut": 61600000,
    "weightedAverageShsOutDil": 61600000,
    "link": "https://www.sec.gov/Archives/edgar/data/352541/000089706997000464/0000897069-97-000464-index.html",
    "finalLink": "https://www.sec.gov/Archives/edgar/data/107832/"
  },
  {
    "date": "1997-06-30",
    "symbol": "LNT",
    "reportedCurrency": "USD",
    "cik": "0000352541",
    "fillingDate": "1997-08-13",
    "acceptedDate": "1997-08-13 00:00:00",
    "calendarYear": "1997",
    "period": "Q2",
    "revenue": 206600000,
    "costOfRevenue": 75900000,
    "grossProfit": 130700000,
    "grossProfitRatio": 0.6326234269,
    "researchAndDevelopmentExpenses": 0,
    "generalAndAdministrativeExpenses": 0,
    "sellingAndMarketingExpenses": 0,
    "sellingGeneralAndAdministrativeExpenses": 0,
    "otherExpenses": 111000000,
    "operatingExpenses": 111000000,
    "costAndExpenses": 186900000,
    "interestIncome": 0,
    "interestExpense": 0,
    "depreciationAndAmortization": 24700000,
    "ebitda": 44400000,
    "ebitdaratio": 0.2149080348,
    "operatingIncome": 19700000,
    "operatingIncomeRatio": 0.0953533398,
    "totalOtherIncomeExpensesNet": 11400000,
    "incomeBeforeTax": 31100000,
    "incomeBeforeTaxRatio": 0.1505324298,
    "incomeTaxExpense": 10200000,
    "netIncome": 20900000,
    "netIncomeRatio": 0.1011616651,
    "eps": 0.15,
    "epsdiluted": 0.15,
    "weightedAverageShsOut": 61408451,
    "weightedAverageShsOutDil": 61408451,
    "link": "https://www.sec.gov/Archives/edgar/data/352541/000089706997000335/0000897069-97-000335-index.html",
    "finalLink": "https://www.sec.gov/Archives/edgar/data/107832/"
  },
  {
    "date": "1997-03-31",
    "symbol": "LNT",
    "reportedCurrency": "USD",
    "cik": "0000352541",
    "fillingDate": "1997-05-15",
    "acceptedDate": "1997-05-15 00:00:00",
    "calendarYear": "1997",
    "period": "Q1",
    "revenue": 261700000,
    "costOfRevenue": 110400000,
    "grossProfit": 151300000,
    "grossProfitRatio": 0.5781429117,
    "researchAndDevelopmentExpenses": 0,
    "generalAndAdministrativeExpenses": 0,
    "sellingAndMarketingExpenses": 0,
    "sellingGeneralAndAdministrativeExpenses": 0,
    "otherExpenses": 110600000,
    "operatingExpenses": 110600000,
    "costAndExpenses": 221000000,
    "interestIncome": 0,
    "interestExpense": 0,
    "depreciationAndAmortization": 0,
    "ebitda": 261700000,
    "ebitdaratio": 1,
    "operatingIncome": 40700000,
    "operatingIncomeRatio": 0.1555215896,
    "totalOtherIncomeExpensesNet": -6900000,
    "incomeBeforeTax": 33800000,
    "incomeBeforeTaxRatio": 0.1291555216,
    "incomeTaxExpense": 12000000,
    "netIncome": 21800000,
    "netIncomeRatio": 0.0833014903,
    "eps": 0.36,
    "epsdiluted": 0.36,
    "weightedAverageShsOut": 61408451,
    "weightedAverageShsOutDil": 61408451,
    "link": "https://www.sec.gov/Archives/edgar/data/352541/000089706997000234/0000897069-97-000234-index.html",
    "finalLink": "https://www.sec.gov/Archives/edgar/data/107832/"
  },
  {
    "date": "1996-12-31",
    "symbol": "LNT",
    "reportedCurrency": "USD",
    "cik": "0000352541",
    "fillingDate": "1997-03-19",
    "acceptedDate": "1997-03-19 00:00:00",
    "calendarYear": "1996",
    "period": "Q4",
    "revenue": 251500000,
    "costOfRevenue": 92600000,
    "grossProfit": 158900000,
    "grossProfitRatio": 0.6318091451,
    "researchAndDevelopmentExpenses": 0,
    "generalAndAdministrativeExpenses": 0,
    "sellingAndMarketingExpenses": 0,
    "sellingGeneralAndAdministrativeExpenses": 0,
    "otherExpenses": 131400000,
    "operatingExpenses": 131400000,
    "costAndExpenses": 224000000,
    "interestIncome": 0,
    "interestExpense": 0,
    "depreciationAndAmortization": 20100000,
    "ebitda": 47600000,
    "ebitdaratio": 0.1892644135,
    "operatingIncome": 27500000,
    "operatingIncomeRatio": 0.1093439364,
    "totalOtherIncomeExpensesNet": -9800000,
    "incomeBeforeTax": 17700000,
    "incomeBeforeTaxRatio": 0.0703777336,
    "incomeTaxExpense": 6600000,
    "netIncome": 11000000,
    "netIncomeRatio": 0.0437375746,
    "eps": 0.18,
    "epsdiluted": 0.18,
    "weightedAverageShsOut": 61408451,
    "weightedAverageShsOutDil": 61408451,
    "link": "https://www.sec.gov/Archives/edgar/data/352541/000089706997000126/0000897069-97-000126-index.html",
    "finalLink": "https://www.sec.gov/Archives/edgar/data/107832/"
  },
  {
    "date": "1996-09-30",
    "symbol": "LNT",
    "reportedCurrency": "USD",
    "cik": "0000352541",
    "fillingDate": "1996-11-14",
    "acceptedDate": "1996-11-14 00:00:00",
    "calendarYear": "1996",
    "period": "Q3",
    "revenue": 212200000,
    "costOfRevenue": 59000000,
    "grossProfit": 153200000,
    "grossProfitRatio": 0.7219604147,
    "researchAndDevelopmentExpenses": 0,
    "generalAndAdministrativeExpenses": 0,
    "sellingAndMarketingExpenses": 0,
    "sellingGeneralAndAdministrativeExpenses": 0,
    "otherExpenses": 124300000,
    "operatingExpenses": 124300000,
    "costAndExpenses": 183300000,
    "interestIncome": 0,
    "interestExpense": 0,
    "depreciationAndAmortization": 22600000,
    "ebitda": 51500000,
    "ebitdaratio": 0.2426955702,
    "operatingIncome": 28900000,
    "operatingIncomeRatio": 0.1361922714,
    "totalOtherIncomeExpensesNet": -7700000,
    "incomeBeforeTax": 21200000,
    "incomeBeforeTaxRatio": 0.0999057493,
    "incomeTaxExpense": 7300000,
    "netIncome": 12700000,
    "netIncomeRatio": 0.0598491989,
    "eps": 0.21,
    "epsdiluted": 0.21,
    "weightedAverageShsOut": 61951220,
    "weightedAverageShsOutDil": 61951220,
    "link": "https://www.sec.gov/Archives/edgar/data/352541/000089706996000389/0000897069-96-000389-index.html",
    "finalLink": "https://www.sec.gov/Archives/edgar/data/352541/"
  },
  {
    "date": "1996-06-30",
    "symbol": "LNT",
    "reportedCurrency": "USD",
    "cik": "0000352541",
    "fillingDate": "1996-08-16",
    "acceptedDate": "1996-08-16 00:00:00",
    "calendarYear": "1996",
    "period": "Q2",
    "revenue": 208300000,
    "costOfRevenue": 59400000,
    "grossProfit": 148900000,
    "grossProfitRatio": 0.7148343735,
    "researchAndDevelopmentExpenses": 0,
    "generalAndAdministrativeExpenses": 0,
    "sellingAndMarketingExpenses": 0,
    "sellingGeneralAndAdministrativeExpenses": 0,
    "otherExpenses": 117700000,
    "operatingExpenses": 117700000,
    "costAndExpenses": 177100000,
    "interestIncome": 0,
    "interestExpense": 0,
    "depreciationAndAmortization": 17100000,
    "ebitda": 48300000,
    "ebitdaratio": 0.2318771003,
    "operatingIncome": 31200000,
    "operatingIncomeRatio": 0.1497839654,
    "totalOtherIncomeExpensesNet": -4300000,
    "incomeBeforeTax": 26900000,
    "incomeBeforeTaxRatio": 0.1291406625,
    "incomeTaxExpense": 10400000,
    "netIncome": 16500000,
    "netIncomeRatio": 0.079212674,
    "eps": 0.27,
    "epsdiluted": 0.27,
    "weightedAverageShsOut": 61111111,
    "weightedAverageShsOutDil": 61111111,
    "link": "https://www.sec.gov/Archives/edgar/data/352541/000089706996000274/0000897069-96-000274-index.html",
    "finalLink": "https://www.sec.gov/Archives/edgar/data/352541/0000897069-96-000274.txt"
  },
  {
    "date": "1996-03-31",
    "symbol": "LNT",
    "reportedCurrency": "USD",
    "cik": "0000352541",
    "fillingDate": "1996-05-15",
    "acceptedDate": "1996-05-15 00:00:00",
    "calendarYear": "1996",
    "period": "Q1",
    "revenue": 260800000,
    "costOfRevenue": 89300000,
    "grossProfit": 171500000,
    "grossProfitRatio": 0.6575920245,
    "researchAndDevelopmentExpenses": 0,
    "generalAndAdministrativeExpenses": 0,
    "sellingAndMarketingExpenses": 0,
    "sellingGeneralAndAdministrativeExpenses": 0,
    "otherExpenses": 117500000,
    "operatingExpenses": 117500000,
    "costAndExpenses": 206800000,
    "interestIncome": 0,
    "interestExpense": 0,
    "depreciationAndAmortization": 21300000,
    "ebitda": 75300000,
    "ebitdaratio": 0.2887269939,
    "operatingIncome": 54000000,
    "operatingIncomeRatio": 0.2070552147,
    "totalOtherIncomeExpensesNet": -4800000,
    "incomeBeforeTax": 49200000,
    "incomeBeforeTaxRatio": 0.1886503067,
    "incomeTaxExpense": 17500000,
    "netIncome": 31700000,
    "netIncomeRatio": 0.1215490798,
    "eps": 0.52,
    "epsdiluted": 0.52,
    "weightedAverageShsOut": 61553398,
    "weightedAverageShsOutDil": 61553398,
    "link": "https://www.sec.gov/Archives/edgar/data/352541/000089706996000128/0000897069-96-000128-index.html",
    "finalLink": "https://www.sec.gov/Archives/edgar/data/352541/"
  },
  {
    "date": "1995-12-31",
    "symbol": "LNT",
    "reportedCurrency": "USD",
    "cik": "0000352541",
    "fillingDate": "1996-03-29",
    "acceptedDate": "1996-03-29 00:00:00",
    "calendarYear": "1995",
    "period": "Q4",
    "revenue": 197800000,
    "costOfRevenue": 63200000,
    "grossProfit": 134600000,
    "grossProfitRatio": 0.6804853387,
    "researchAndDevelopmentExpenses": 0,
    "generalAndAdministrativeExpenses": 0,
    "sellingAndMarketingExpenses": 0,
    "sellingGeneralAndAdministrativeExpenses": 0,
    "otherExpenses": 90200000,
    "operatingExpenses": 90200000,
    "costAndExpenses": 153400000,
    "interestIncome": 0,
    "interestExpense": 0,
    "depreciationAndAmortization": 21000000,
    "ebitda": 65400000,
    "ebitdaratio": 0.3306370071,
    "operatingIncome": 44400000,
    "operatingIncomeRatio": 0.2244691608,
    "totalOtherIncomeExpensesNet": -12000000,
    "incomeBeforeTax": 32400000,
    "incomeBeforeTaxRatio": 0.16380182,
    "incomeTaxExpense": 8100000,
    "netIncome": 11100000,
    "netIncomeRatio": 0.0561172902,
    "eps": 0.18,
    "epsdiluted": 0.18,
    "weightedAverageShsOut": 61553398,
    "weightedAverageShsOutDil": 61553398,
    "link": "https://www.sec.gov/Archives/edgar/data/352541/000089706996000074/0000897069-96-000074-index.html",
    "finalLink": "https://www.sec.gov/Archives/edgar/data/352541/"
  },
  {
    "date": "1995-09-30",
    "symbol": "LNT",
    "reportedCurrency": "USD",
    "cik": "0000352541",
    "fillingDate": "1995-10-30",
    "acceptedDate": "1995-10-30 00:00:00",
    "calendarYear": "1995",
    "period": "Q3",
    "revenue": 201400000,
    "costOfRevenue": 58200000,
    "grossProfit": 143200000,
    "grossProfitRatio": 0.7110228401,
    "researchAndDevelopmentExpenses": 0,
    "generalAndAdministrativeExpenses": 0,
    "sellingAndMarketingExpenses": 0,
    "sellingGeneralAndAdministrativeExpenses": 0,
    "otherExpenses": 102300000,
    "operatingExpenses": 102300000,
    "costAndExpenses": 160500000,
    "interestIncome": 0,
    "interestExpense": 0,
    "depreciationAndAmortization": 23000000,
    "ebitda": 63900000,
    "ebitdaratio": 0.3172790467,
    "operatingIncome": 40900000,
    "operatingIncomeRatio": 0.2030784508,
    "totalOtherIncomeExpensesNet": -8300000,
    "incomeBeforeTax": 32600000,
    "incomeBeforeTaxRatio": 0.1618669315,
    "incomeTaxExpense": 11900000,
    "netIncome": 20700000,
    "netIncomeRatio": 0.1027805362,
    "eps": 0.34,
    "epsdiluted": 0.34,
    "weightedAverageShsOut": 60882353,
    "weightedAverageShsOutDil": 60882353,
    "link": "https://www.sec.gov/Archives/edgar/data/352541/000089706995000160/0000897069-95-000160-index.html",
    "finalLink": "https://www.sec.gov/Archives/edgar/data/352541/"
  }
]