[
  {
    "date": "2025-08-01",
    "symbol": "LOW",
    "reportedCurrency": "USD",
    "cik": "0000060667",
    "fillingDate": "2025-08-28",
    "acceptedDate": "2025-08-28 16:35:06",
    "calendarYear": "2025",
    "period": "Q2",
    "revenue": 23959000000,
    "costOfRevenue": 16315000000,
    "grossProfit": 7644000000,
    "grossProfitRatio": 0.3190450353,
    "researchAndDevelopmentExpenses": 0,
    "generalAndAdministrativeExpenses": 0,
    "sellingAndMarketingExpenses": 0,
    "sellingGeneralAndAdministrativeExpenses": 4175000000,
    "otherExpenses": 0,
    "operatingExpenses": 4175000000,
    "costAndExpenses": 20490000000,
    "interestIncome": 42000000,
    "interestExpense": 355000000,
    "depreciationAndAmortization": 457000000,
    "ebitda": 3926000000,
    "ebitdaratio": 0.1638632664,
    "operatingIncome": 3469000000,
    "operatingIncomeRatio": 0.1447890146,
    "totalOtherIncomeExpensesNet": -313000000,
    "incomeBeforeTax": 3156000000,
    "incomeBeforeTaxRatio": 0.1317250303,
    "incomeTaxExpense": 758000000,
    "netIncome": 2398000000,
    "netIncomeRatio": 0.1000876497,
    "eps": 4.28,
    "epsdiluted": 4.27,
    "weightedAverageShsOut": 559000000,
    "weightedAverageShsOutDil": 560000000,
    "link": "https://www.sec.gov/Archives/edgar/data/60667/000006066725000174/0000060667-25-000174-index.htm",
    "finalLink": "https://www.sec.gov/Archives/edgar/data/60667/000006066725000174/low-20250801.htm"
  },
  {
    "date": "2025-05-02",
    "symbol": "LOW",
    "reportedCurrency": "USD",
    "cik": "0000060667",
    "fillingDate": "2025-05-29",
    "acceptedDate": "2025-05-29 16:32:21",
    "calendarYear": "2025",
    "period": "Q1",
    "revenue": 20930000000,
    "costOfRevenue": 14390000000,
    "grossProfit": 6540000000,
    "grossProfitRatio": 0.3124701386,
    "researchAndDevelopmentExpenses": 0,
    "generalAndAdministrativeExpenses": 0,
    "sellingAndMarketingExpenses": 0,
    "sellingGeneralAndAdministrativeExpenses": 4046000000,
    "otherExpenses": 0,
    "operatingExpenses": 4046000000,
    "costAndExpenses": 18436000000,
    "interestIncome": 25000000,
    "interestExpense": 361000000,
    "depreciationAndAmortization": 507000000,
    "ebitda": 3025000000,
    "ebitdaratio": 0.1445293837,
    "operatingIncome": 2494000000,
    "operatingIncomeRatio": 0.1191591018,
    "totalOtherIncomeExpensesNet": -337000000,
    "incomeBeforeTax": 2157000000,
    "incomeBeforeTaxRatio": 0.1030578118,
    "incomeTaxExpense": 516000000,
    "netIncome": 1641000000,
    "netIncomeRatio": 0.0784042045,
    "eps": 2.93,
    "epsdiluted": 2.92,
    "weightedAverageShsOut": 559000000,
    "weightedAverageShsOutDil": 560000000,
    "link": "https://www.sec.gov/Archives/edgar/data/60667/000006066725000104/0000060667-25-000104-index.htm",
    "finalLink": "https://www.sec.gov/Archives/edgar/data/60667/000006066725000104/low-20250502.htm"
  },
  {
    "date": "2025-01-31",
    "symbol": "LOW",
    "reportedCurrency": "USD",
    "cik": "0000060667",
    "fillingDate": "2025-03-24",
    "acceptedDate": "2025-03-24 16:33:13",
    "calendarYear": "2024",
    "period": "Q4",
    "revenue": 18553000000,
    "costOfRevenue": 12901000000,
    "grossProfit": 5652000000,
    "grossProfitRatio": 0.3046407589,
    "researchAndDevelopmentExpenses": 0,
    "generalAndAdministrativeExpenses": 0,
    "sellingAndMarketingExpenses": 0,
    "sellingGeneralAndAdministrativeExpenses": 3902000000,
    "otherExpenses": 0,
    "operatingExpenses": 3902000000,
    "costAndExpenses": 16803000000,
    "interestIncome": 35000000,
    "interestExpense": 363000000,
    "depreciationAndAmortization": 511000000,
    "ebitda": 2376000000,
    "ebitdaratio": 0.128065542,
    "operatingIncome": 1750000000,
    "operatingIncomeRatio": 0.094324368,
    "totalOtherIncomeExpensesNet": -248000000,
    "incomeBeforeTax": 1502000000,
    "incomeBeforeTaxRatio": 0.0809572576,
    "incomeTaxExpense": 378000000,
    "netIncome": 1124000000,
    "netIncomeRatio": 0.0605831941,
    "eps": 2,
    "epsdiluted": 2,
    "weightedAverageShsOut": 562000000,
    "weightedAverageShsOutDil": 563000000,
    "link": "https://www.sec.gov/Archives/edgar/data/60667/000006066725000049/0000060667-25-000049-index.htm",
    "finalLink": "https://www.sec.gov/Archives/edgar/data/60667/000006066725000049/low-20250131.htm"
  },
  {
    "date": "2024-11-01",
    "symbol": "LOW",
    "reportedCurrency": "USD",
    "cik": "0000060667",
    "fillingDate": "2024-11-27",
    "acceptedDate": "2024-11-27 16:14:48",
    "calendarYear": "2024",
    "period": "Q3",
    "revenue": 20170000000,
    "costOfRevenue": 13807000000,
    "grossProfit": 6363000000,
    "grossProfitRatio": 0.3154685176,
    "researchAndDevelopmentExpenses": 0,
    "generalAndAdministrativeExpenses": 0,
    "sellingAndMarketingExpenses": 0,
    "sellingGeneralAndAdministrativeExpenses": 3881000000,
    "otherExpenses": 0,
    "operatingExpenses": 3881000000,
    "costAndExpenses": 17688000000,
    "interestIncome": 50000000,
    "interestExpense": 367000000,
    "depreciationAndAmortization": 494000000,
    "ebitda": 3080000000,
    "ebitdaratio": 0.1527020327,
    "operatingIncome": 2482000000,
    "operatingIncomeRatio": 0.1230540407,
    "totalOtherIncomeExpensesNet": -263000000,
    "incomeBeforeTax": 2219000000,
    "incomeBeforeTaxRatio": 0.1100148736,
    "incomeTaxExpense": 524000000,
    "netIncome": 1695000000,
    "netIncomeRatio": 0.0840356966,
    "eps": 2.99,
    "epsdiluted": 2.99,
    "weightedAverageShsOut": 565000000,
    "weightedAverageShsOutDil": 566000000,
    "link": "https://www.sec.gov/Archives/edgar/data/60667/000006066724000169/0000060667-24-000169-index.htm",
    "finalLink": "https://www.sec.gov/Archives/edgar/data/60667/000006066724000169/low-20241101.htm"
  },
  {
    "date": "2024-08-02",
    "symbol": "LOW",
    "reportedCurrency": "USD",
    "cik": "0000060667",
    "fillingDate": "2024-08-29",
    "acceptedDate": "2024-08-29 16:32:21",
    "calendarYear": "2024",
    "period": "Q2",
    "revenue": 23586000000,
    "costOfRevenue": 16114000000,
    "grossProfit": 7472000000,
    "grossProfitRatio": 0.3167981006,
    "researchAndDevelopmentExpenses": 0,
    "generalAndAdministrativeExpenses": 0,
    "sellingAndMarketingExpenses": 0,
    "sellingGeneralAndAdministrativeExpenses": 4068000000,
    "otherExpenses": 0,
    "operatingExpenses": 4068000000,
    "costAndExpenses": 20182000000,
    "interestIncome": 52000000,
    "interestExpense": 369000000,
    "depreciationAndAmortization": 481000000,
    "ebitda": 3980000000,
    "ebitdaratio": 0.1687441703,
    "operatingIncome": 3404000000,
    "operatingIncomeRatio": 0.1443229034,
    "totalOtherIncomeExpensesNet": -274000000,
    "incomeBeforeTax": 3130000000,
    "incomeBeforeTaxRatio": 0.1327058424,
    "incomeTaxExpense": 747000000,
    "netIncome": 2383000000,
    "netIncomeRatio": 0.101034512,
    "eps": 4.18,
    "epsdiluted": 4.17,
    "weightedAverageShsOut": 568000000,
    "weightedAverageShsOutDil": 570000000,
    "link": "https://www.sec.gov/Archives/edgar/data/60667/000006066724000140/0000060667-24-000140-index.htm",
    "finalLink": "https://www.sec.gov/Archives/edgar/data/60667/000006066724000140/low-20240802.htm"
  },
  {
    "date": "2024-05-03",
    "symbol": "LOW",
    "reportedCurrency": "USD",
    "cik": "0000060667",
    "fillingDate": "2024-05-30",
    "acceptedDate": "2024-05-30 16:25:58",
    "calendarYear": "2024",
    "period": "Q1",
    "revenue": 21364000000,
    "costOfRevenue": 14702000000,
    "grossProfit": 6662000000,
    "grossProfitRatio": 0.3118329901,
    "researchAndDevelopmentExpenses": 0,
    "generalAndAdministrativeExpenses": 0,
    "sellingAndMarketingExpenses": 0,
    "sellingGeneralAndAdministrativeExpenses": 4009000000,
    "otherExpenses": 0,
    "operatingExpenses": 4009000000,
    "costAndExpenses": 18711000000,
    "interestIncome": 21000000,
    "interestExpense": 370000000,
    "depreciationAndAmortization": 486000000,
    "ebitda": 3157000000,
    "ebitdaratio": 0.1477719528,
    "operatingIncome": 2653000000,
    "operatingIncomeRatio": 0.124180865,
    "totalOtherIncomeExpensesNet": -352000000,
    "incomeBeforeTax": 2301000000,
    "incomeBeforeTaxRatio": 0.1077045497,
    "incomeTaxExpense": 546000000,
    "netIncome": 1755000000,
    "netIncomeRatio": 0.0821475379,
    "eps": 3.06,
    "epsdiluted": 3.06,
    "weightedAverageShsOut": 571000000,
    "weightedAverageShsOutDil": 572000000,
    "link": "https://www.sec.gov/Archives/edgar/data/60667/000006066724000085/0000060667-24-000085-index.htm",
    "finalLink": "https://www.sec.gov/Archives/edgar/data/60667/000006066724000085/low-20240503.htm"
  },
  {
    "date": "2024-02-02",
    "symbol": "LOW",
    "reportedCurrency": "USD",
    "cik": "0000060667",
    "fillingDate": "2024-03-25",
    "acceptedDate": "2024-03-25 16:18:34",
    "calendarYear": "2023",
    "period": "Q4",
    "revenue": 18602000000,
    "costOfRevenue": 13018000000,
    "grossProfit": 5584000000,
    "grossProfitRatio": 0.300182776,
    "researchAndDevelopmentExpenses": 0,
    "generalAndAdministrativeExpenses": 0,
    "sellingAndMarketingExpenses": 0,
    "sellingGeneralAndAdministrativeExpenses": 3818000000,
    "otherExpenses": 0,
    "operatingExpenses": 3818000000,
    "costAndExpenses": 16836000000,
    "interestIncome": 23000000,
    "interestExpense": 362000000,
    "depreciationAndAmortization": 496000000,
    "ebitda": 2196000000,
    "ebitdaratio": 0.1180518224,
    "operatingIncome": 1766000000,
    "operatingIncomeRatio": 0.0949360284,
    "totalOtherIncomeExpensesNet": -427000000,
    "incomeBeforeTax": 1339000000,
    "incomeBeforeTaxRatio": 0.0719815074,
    "incomeTaxExpense": 319000000,
    "netIncome": 1020000000,
    "netIncomeRatio": 0.0548328137,
    "eps": 1.77,
    "epsdiluted": 1.77,
    "weightedAverageShsOut": 574000000,
    "weightedAverageShsOutDil": 575000000,
    "link": "https://www.sec.gov/Archives/edgar/data/60667/000006066724000033/0000060667-24-000033-index.htm",
    "finalLink": "https://www.sec.gov/Archives/edgar/data/60667/000006066724000033/low-20240202.htm"
  },
  {
    "date": "2023-11-03",
    "symbol": "LOW",
    "reportedCurrency": "USD",
    "cik": "0000060667",
    "fillingDate": "2023-11-29",
    "acceptedDate": "2023-11-29 16:16:49",
    "calendarYear": "2023",
    "period": "Q3",
    "revenue": 20471000000,
    "costOfRevenue": 14014000000,
    "grossProfit": 6457000000,
    "grossProfitRatio": 0.3154218162,
    "researchAndDevelopmentExpenses": 0,
    "generalAndAdministrativeExpenses": 0,
    "sellingAndMarketingExpenses": 0,
    "sellingGeneralAndAdministrativeExpenses": 3761000000,
    "otherExpenses": 0,
    "operatingExpenses": 3761000000,
    "costAndExpenses": 17775000000,
    "interestIncome": 27000000,
    "interestExpense": 372000000,
    "depreciationAndAmortization": 486000000,
    "ebitda": 3209000000,
    "ebitdaratio": 0.1567583411,
    "operatingIncome": 2696000000,
    "operatingIncomeRatio": 0.1316985003,
    "totalOtherIncomeExpensesNet": -345000000,
    "incomeBeforeTax": 2351000000,
    "incomeBeforeTaxRatio": 0.114845391,
    "incomeTaxExpense": 578000000,
    "netIncome": 1773000000,
    "netIncomeRatio": 0.0866103268,
    "eps": 3.07,
    "epsdiluted": 3.07,
    "weightedAverageShsOut": 576000000,
    "weightedAverageShsOutDil": 577000000,
    "link": "https://www.sec.gov/Archives/edgar/data/60667/000006066723000164/0000060667-23-000164-index.htm",
    "finalLink": "https://www.sec.gov/Archives/edgar/data/60667/000006066723000164/low-20231103.htm"
  },
  {
    "date": "2023-08-04",
    "symbol": "LOW",
    "reportedCurrency": "USD",
    "cik": "0000060667",
    "fillingDate": "2023-08-30",
    "acceptedDate": "2023-08-30 16:16:05",
    "calendarYear": "2023",
    "period": "Q2",
    "revenue": 24956000000,
    "costOfRevenue": 16984000000,
    "grossProfit": 7972000000,
    "grossProfitRatio": 0.3194422183,
    "researchAndDevelopmentExpenses": 0,
    "generalAndAdministrativeExpenses": 0,
    "sellingAndMarketingExpenses": 0,
    "sellingGeneralAndAdministrativeExpenses": 4086000000,
    "otherExpenses": 0,
    "operatingExpenses": 4086000000,
    "costAndExpenses": 21070000000,
    "interestIncome": 35000000,
    "interestExpense": 376000000,
    "depreciationAndAmortization": 609000000,
    "ebitda": 4530000000,
    "ebitdaratio": 0.1815194743,
    "operatingIncome": 3886000000,
    "operatingIncomeRatio": 0.1557140567,
    "totalOtherIncomeExpensesNet": -341000000,
    "incomeBeforeTax": 3545000000,
    "incomeBeforeTaxRatio": 0.142050008,
    "incomeTaxExpense": 872000000,
    "netIncome": 2673000000,
    "netIncomeRatio": 0.107108511,
    "eps": 4.57,
    "epsdiluted": 4.56,
    "weightedAverageShsOut": 584000000,
    "weightedAverageShsOutDil": 585000000,
    "link": "https://www.sec.gov/Archives/edgar/data/60667/000006066723000139/0000060667-23-000139-index.htm",
    "finalLink": "https://www.sec.gov/Archives/edgar/data/60667/000006066723000139/low-20230804.htm"
  },
  {
    "date": "2023-05-05",
    "symbol": "LOW",
    "reportedCurrency": "USD",
    "cik": "0000060667",
    "fillingDate": "2023-06-01",
    "acceptedDate": "2023-06-01 16:16:15",
    "calendarYear": "2023",
    "period": "Q1",
    "revenue": 22347000000,
    "costOfRevenue": 15235000000,
    "grossProfit": 7112000000,
    "grossProfitRatio": 0.3182530094,
    "researchAndDevelopmentExpenses": 0,
    "generalAndAdministrativeExpenses": 0,
    "sellingAndMarketingExpenses": 0,
    "sellingGeneralAndAdministrativeExpenses": 3926000000,
    "otherExpenses": 0,
    "operatingExpenses": 3926000000,
    "costAndExpenses": 19161000000,
    "interestIncome": 16000000,
    "interestExpense": 365000000,
    "depreciationAndAmortization": 573000000,
    "ebitda": 3877000000,
    "ebitdaratio": 0.1734908489,
    "operatingIncome": 3186000000,
    "operatingIncomeRatio": 0.1425694724,
    "totalOtherIncomeExpensesNet": -247000000,
    "incomeBeforeTax": 2939000000,
    "incomeBeforeTaxRatio": 0.1315165347,
    "incomeTaxExpense": 679000000,
    "netIncome": 2260000000,
    "netIncomeRatio": 0.101132143,
    "eps": 3.78,
    "epsdiluted": 3.78,
    "weightedAverageShsOut": 596000000,
    "weightedAverageShsOutDil": 597000000,
    "link": "https://www.sec.gov/Archives/edgar/data/60667/000006066723000114/0000060667-23-000114-index.htm",
    "finalLink": "https://www.sec.gov/Archives/edgar/data/60667/000006066723000114/low-20230505.htm"
  },
  {
    "date": "2023-02-03",
    "symbol": "LOW",
    "reportedCurrency": "USD",
    "cik": "0000060667",
    "fillingDate": "2023-03-27",
    "acceptedDate": "2023-03-27 16:46:36",
    "calendarYear": "2022",
    "period": "Q4",
    "revenue": 22445000000,
    "costOfRevenue": 15610000000,
    "grossProfit": 6835000000,
    "grossProfitRatio": 0.3045221653,
    "researchAndDevelopmentExpenses": 0,
    "generalAndAdministrativeExpenses": 0,
    "sellingAndMarketingExpenses": 0,
    "sellingGeneralAndAdministrativeExpenses": 2630000000,
    "otherExpenses": 0,
    "operatingExpenses": 2630000000,
    "costAndExpenses": 18240000000,
    "interestIncome": 16000000,
    "interestExpense": 333000000,
    "depreciationAndAmortization": 599000000,
    "ebitda": 2314000000,
    "ebitdaratio": 0.103096458,
    "operatingIncome": 4205000000,
    "operatingIncomeRatio": 0.1873468479,
    "totalOtherIncomeExpensesNet": -2823000000,
    "incomeBeforeTax": 1382000000,
    "incomeBeforeTaxRatio": 0.0615727333,
    "incomeTaxExpense": 425000000,
    "netIncome": 958000000,
    "netIncomeRatio": 0.0426821118,
    "eps": 1.58,
    "epsdiluted": 1.58,
    "weightedAverageShsOut": 603000000,
    "weightedAverageShsOutDil": 605000000,
    "link": "https://www.sec.gov/Archives/edgar/data/60667/000006066723000034/0000060667-23-000034-index.htm",
    "finalLink": "https://www.sec.gov/Archives/edgar/data/60667/000006066723000034/low-20230203.htm"
  },
  {
    "date": "2022-10-28",
    "symbol": "LOW",
    "reportedCurrency": "USD",
    "cik": "0000060667",
    "fillingDate": "2022-11-23",
    "acceptedDate": "2022-11-23 16:16:18",
    "calendarYear": "2022",
    "period": "Q3",
    "revenue": 23479000000,
    "costOfRevenue": 16112000000,
    "grossProfit": 7367000000,
    "grossProfitRatio": 0.3137697517,
    "researchAndDevelopmentExpenses": 0,
    "generalAndAdministrativeExpenses": 0,
    "sellingAndMarketingExpenses": 0,
    "sellingGeneralAndAdministrativeExpenses": 6443000000,
    "otherExpenses": 0,
    "operatingExpenses": 6443000000,
    "costAndExpenses": 22555000000,
    "interestIncome": 14000000,
    "interestExpense": 305000000,
    "depreciationAndAmortization": 632000000,
    "ebitda": 1566000000,
    "ebitdaratio": 0.0666979003,
    "operatingIncome": 924000000,
    "operatingIncomeRatio": 0.0393543166,
    "totalOtherIncomeExpensesNet": -295000000,
    "incomeBeforeTax": 629000000,
    "incomeBeforeTaxRatio": 0.0267898974,
    "incomeTaxExpense": 475000000,
    "netIncome": 154000000,
    "netIncomeRatio": 0.0065590528,
    "eps": 0.25,
    "epsdiluted": 0.25,
    "weightedAverageShsOut": 618000000,
    "weightedAverageShsOutDil": 620000000,
    "link": "https://www.sec.gov/Archives/edgar/data/60667/000006066722000170/0000060667-22-000170-index.htm",
    "finalLink": "https://www.sec.gov/Archives/edgar/data/60667/000006066722000170/low-20221028.htm"
  },
  {
    "date": "2022-07-29",
    "symbol": "LOW",
    "reportedCurrency": "USD",
    "cik": "0000060667",
    "fillingDate": "2022-08-25",
    "acceptedDate": "2022-08-25 17:03:34",
    "calendarYear": "2022",
    "period": "Q2",
    "revenue": 27476000000,
    "costOfRevenue": 18792000000,
    "grossProfit": 8684000000,
    "grossProfitRatio": 0.3160576503,
    "researchAndDevelopmentExpenses": 0,
    "generalAndAdministrativeExpenses": 0,
    "sellingAndMarketingExpenses": 0,
    "sellingGeneralAndAdministrativeExpenses": 4455000000,
    "otherExpenses": 0,
    "operatingExpenses": 4455000000,
    "costAndExpenses": 23247000000,
    "interestIncome": 5000000,
    "interestExpense": 263000000,
    "depreciationAndAmortization": 642000000,
    "ebitda": 4870000000,
    "ebitdaratio": 0.1772455962,
    "operatingIncome": 4229000000,
    "operatingIncomeRatio": 0.153916145,
    "totalOtherIncomeExpensesNet": -264000000,
    "incomeBeforeTax": 3965000000,
    "incomeBeforeTaxRatio": 0.1443077595,
    "incomeTaxExpense": 973000000,
    "netIncome": 2992000000,
    "netIncomeRatio": 0.1088950357,
    "eps": 4.68,
    "epsdiluted": 4.67,
    "weightedAverageShsOut": 638000000,
    "weightedAverageShsOutDil": 639000000,
    "link": "https://www.sec.gov/Archives/edgar/data/60667/000006066722000139/0000060667-22-000139-index.htm",
    "finalLink": "https://www.sec.gov/Archives/edgar/data/60667/000006066722000139/low-20220729.htm"
  },
  {
    "date": "2022-04-29",
    "symbol": "LOW",
    "reportedCurrency": "USD",
    "cik": "0000060667",
    "fillingDate": "2022-05-26",
    "acceptedDate": "2022-05-26 16:20:54",
    "calendarYear": "2022",
    "period": "Q1",
    "revenue": 23659000000,
    "costOfRevenue": 16054000000,
    "grossProfit": 7605000000,
    "grossProfitRatio": 0.3214421573,
    "researchAndDevelopmentExpenses": 0,
    "generalAndAdministrativeExpenses": 0,
    "sellingAndMarketingExpenses": 0,
    "sellingGeneralAndAdministrativeExpenses": 4303000000,
    "otherExpenses": 0,
    "operatingExpenses": 4303000000,
    "costAndExpenses": 20357000000,
    "interestIncome": 2000000,
    "interestExpense": 237000000,
    "depreciationAndAmortization": 638000000,
    "ebitda": 3934000000,
    "ebitdaratio": 0.1662792172,
    "operatingIncome": 3302000000,
    "operatingIncomeRatio": 0.1395663384,
    "totalOtherIncomeExpensesNet": -243000000,
    "incomeBeforeTax": 3059000000,
    "incomeBeforeTaxRatio": 0.1292954056,
    "incomeTaxExpense": 726000000,
    "netIncome": 2333000000,
    "netIncomeRatio": 0.0986094087,
    "eps": 3.52,
    "epsdiluted": 3.51,
    "weightedAverageShsOut": 660000000,
    "weightedAverageShsOutDil": 662000000,
    "link": "https://www.sec.gov/Archives/edgar/data/60667/000006066722000079/0000060667-22-000079-index.htm",
    "finalLink": "https://www.sec.gov/Archives/edgar/data/60667/000006066722000079/low-20220429.htm"
  },
  {
    "date": "2022-01-28",
    "symbol": "LOW",
    "reportedCurrency": "USD",
    "cik": "0000060667",
    "fillingDate": "2022-03-21",
    "acceptedDate": "2022-03-21 16:47:51",
    "calendarYear": "2021",
    "period": "Q4",
    "revenue": 21339000000,
    "costOfRevenue": 14749000000,
    "grossProfit": 6590000000,
    "grossProfitRatio": 0.3088242186,
    "researchAndDevelopmentExpenses": 0,
    "generalAndAdministrativeExpenses": 0,
    "sellingAndMarketingExpenses": 0,
    "sellingGeneralAndAdministrativeExpenses": 4741000000,
    "otherExpenses": 0,
    "operatingExpenses": 4741000000,
    "costAndExpenses": 19490000000,
    "interestIncome": 2000000,
    "interestExpense": 221000000,
    "depreciationAndAmortization": 628000000,
    "ebitda": 2463000000,
    "ebitdaratio": 0.1154224659,
    "operatingIncome": 1849000000,
    "operatingIncomeRatio": 0.0866488589,
    "totalOtherIncomeExpensesNet": -235000000,
    "incomeBeforeTax": 1614000000,
    "incomeBeforeTaxRatio": 0.0756361591,
    "incomeTaxExpense": 408000000,
    "netIncome": 1206000000,
    "netIncomeRatio": 0.0565162379,
    "eps": 1.79,
    "epsdiluted": 1.78,
    "weightedAverageShsOut": 673000000,
    "weightedAverageShsOutDil": 676000000,
    "link": "https://www.sec.gov/Archives/edgar/data/60667/000006066722000038/0000060667-22-000038-index.htm",
    "finalLink": "https://www.sec.gov/Archives/edgar/data/60667/000006066722000038/low-20220128.htm"
  },
  {
    "date": "2021-10-29",
    "symbol": "LOW",
    "reportedCurrency": "USD",
    "cik": "0000060667",
    "fillingDate": "2021-11-24",
    "acceptedDate": "2021-11-24 16:38:03",
    "calendarYear": "2021",
    "period": "Q3",
    "revenue": 22918000000,
    "costOfRevenue": 15756000000,
    "grossProfit": 7162000000,
    "grossProfitRatio": 0.3125054542,
    "researchAndDevelopmentExpenses": 0,
    "generalAndAdministrativeExpenses": 0,
    "sellingAndMarketingExpenses": 0,
    "sellingGeneralAndAdministrativeExpenses": 4373000000,
    "otherExpenses": 0,
    "operatingExpenses": 4373000000,
    "costAndExpenses": 20129000000,
    "interestIncome": 3000000,
    "interestExpense": 218000000,
    "depreciationAndAmortization": 612000000,
    "ebitda": 3396000000,
    "ebitdaratio": 0.1481804695,
    "operatingIncome": 2789000000,
    "operatingIncomeRatio": 0.1216947378,
    "totalOtherIncomeExpensesNet": -223000000,
    "incomeBeforeTax": 2566000000,
    "incomeBeforeTaxRatio": 0.1119643948,
    "incomeTaxExpense": 670000000,
    "netIncome": 1896000000,
    "netIncomeRatio": 0.0827297321,
    "eps": 2.74,
    "epsdiluted": 2.73,
    "weightedAverageShsOut": 690000000,
    "weightedAverageShsOutDil": 690000000,
    "link": "https://www.sec.gov/Archives/edgar/data/60667/000006066721000168/0000060667-21-000168-index.htm",
    "finalLink": "https://www.sec.gov/Archives/edgar/data/60667/000006066721000168/low-20211029.htm"
  },
  {
    "date": "2021-07-30",
    "symbol": "LOW",
    "reportedCurrency": "USD",
    "cik": "0000060667",
    "fillingDate": "2021-08-26",
    "acceptedDate": "2021-08-26 17:27:47",
    "calendarYear": "2021",
    "period": "Q2",
    "revenue": 27570000000,
    "costOfRevenue": 18667000000,
    "grossProfit": 8903000000,
    "grossProfitRatio": 0.3229234675,
    "researchAndDevelopmentExpenses": 0,
    "generalAndAdministrativeExpenses": 0,
    "sellingAndMarketingExpenses": 0,
    "sellingGeneralAndAdministrativeExpenses": 4693000000,
    "otherExpenses": 0,
    "operatingExpenses": 4693000000,
    "costAndExpenses": 23360000000,
    "interestIncome": 3000000,
    "interestExpense": 213000000,
    "depreciationAndAmortization": 592000000,
    "ebitda": 4799000000,
    "ebitdaratio": 0.1740660138,
    "operatingIncome": 4210000000,
    "operatingIncomeRatio": 0.1527022125,
    "totalOtherIncomeExpensesNet": -216000000,
    "incomeBeforeTax": 3994000000,
    "incomeBeforeTaxRatio": 0.1448676097,
    "incomeTaxExpense": 976000000,
    "netIncome": 3018000000,
    "netIncomeRatio": 0.1094668118,
    "eps": 4.27,
    "epsdiluted": 4.25,
    "weightedAverageShsOut": 705000000,
    "weightedAverageShsOutDil": 707000000,
    "link": "https://www.sec.gov/Archives/edgar/data/60667/000006066721000149/0000060667-21-000149-index.htm",
    "finalLink": "https://www.sec.gov/Archives/edgar/data/60667/000006066721000149/low-20210730.htm"
  },
  {
    "date": "2021-04-30",
    "symbol": "LOW",
    "reportedCurrency": "USD",
    "cik": "0000060667",
    "fillingDate": "2021-05-27",
    "acceptedDate": "2021-05-27 16:51:54",
    "calendarYear": "2021",
    "period": "Q1",
    "revenue": 24422000000,
    "costOfRevenue": 16683000000,
    "grossProfit": 7739000000,
    "grossProfitRatio": 0.3168864139,
    "researchAndDevelopmentExpenses": 0,
    "generalAndAdministrativeExpenses": 0,
    "sellingAndMarketingExpenses": 0,
    "sellingGeneralAndAdministrativeExpenses": 4494000000,
    "otherExpenses": 0,
    "operatingExpenses": 4494000000,
    "costAndExpenses": 21177000000,
    "interestIncome": 3000000,
    "interestExpense": 208000000,
    "depreciationAndAmortization": 567000000,
    "ebitda": 3809000000,
    "ebitdaratio": 0.1559659324,
    "operatingIncome": 3245000000,
    "operatingIncomeRatio": 0.1328720007,
    "totalOtherIncomeExpensesNet": -211000000,
    "incomeBeforeTax": 3034000000,
    "incomeBeforeTaxRatio": 0.1242322496,
    "incomeTaxExpense": 713000000,
    "netIncome": 2321000000,
    "netIncomeRatio": 0.0950372615,
    "eps": 3.22,
    "epsdiluted": 3.21,
    "weightedAverageShsOut": 718000000,
    "weightedAverageShsOutDil": 720000000,
    "link": "https://www.sec.gov/Archives/edgar/data/60667/000006066721000074/0000060667-21-000074-index.htm",
    "finalLink": "https://www.sec.gov/Archives/edgar/data/60667/000006066721000074/low-20210430.htm"
  },
  {
    "date": "2021-01-29",
    "symbol": "LOW",
    "reportedCurrency": "USD",
    "cik": "0000060667",
    "fillingDate": "2021-03-22",
    "acceptedDate": "2021-03-22 17:06:03",
    "calendarYear": "2020",
    "period": "Q4",
    "revenue": 20311000000,
    "costOfRevenue": 14246000000,
    "grossProfit": 6065000000,
    "grossProfitRatio": 0.2986066663,
    "researchAndDevelopmentExpenses": 0,
    "generalAndAdministrativeExpenses": 0,
    "sellingAndMarketingExpenses": 0,
    "sellingGeneralAndAdministrativeExpenses": 4338000000,
    "otherExpenses": 0,
    "operatingExpenses": 4338000000,
    "costAndExpenses": 18584000000,
    "interestIncome": 6000000,
    "interestExpense": 210000000,
    "depreciationAndAmortization": 565000000,
    "ebitda": 2095000000,
    "ebitdaratio": 0.1031460785,
    "operatingIncome": 1727000000,
    "operatingIncomeRatio": 0.0850278174,
    "totalOtherIncomeExpensesNet": -407000000,
    "incomeBeforeTax": 1320000000,
    "incomeBeforeTaxRatio": 0.0649894146,
    "incomeTaxExpense": 342000000,
    "netIncome": 978000000,
    "netIncomeRatio": 0.0481512481,
    "eps": 1.33,
    "epsdiluted": 1.32,
    "weightedAverageShsOut": 734000000,
    "weightedAverageShsOutDil": 735000000,
    "link": "https://www.sec.gov/Archives/edgar/data/60667/000006066721000026/0000060667-21-000026-index.htm",
    "finalLink": "https://www.sec.gov/Archives/edgar/data/60667/000006066721000026/low-20210129.htm"
  },
  {
    "date": "2020-10-30",
    "symbol": "LOW",
    "reportedCurrency": "USD",
    "cik": "0000060667",
    "fillingDate": "2020-11-25",
    "acceptedDate": "2020-11-25 16:34:04",
    "calendarYear": "2020",
    "period": "Q3",
    "revenue": 22309000000,
    "costOfRevenue": 15364000000,
    "grossProfit": 6945000000,
    "grossProfitRatio": 0.311309337,
    "researchAndDevelopmentExpenses": 0,
    "generalAndAdministrativeExpenses": 0,
    "sellingAndMarketingExpenses": 0,
    "sellingGeneralAndAdministrativeExpenses": 4469000000,
    "otherExpenses": 0,
    "operatingExpenses": 4469000000,
    "costAndExpenses": 19833000000,
    "interestIncome": 6000000,
    "interestExpense": 222000000,
    "depreciationAndAmortization": 527000000,
    "ebitda": 1643000000,
    "ebitdaratio": 0.0736474069,
    "operatingIncome": 2476000000,
    "operatingIncomeRatio": 0.1109865973,
    "totalOtherIncomeExpensesNet": -1582000000,
    "incomeBeforeTax": 894000000,
    "incomeBeforeTaxRatio": 0.0400735129,
    "incomeTaxExpense": 202000000,
    "netIncome": 692000000,
    "netIncomeRatio": 0.0310188713,
    "eps": 0.92,
    "epsdiluted": 0.91,
    "weightedAverageShsOut": 752000000,
    "weightedAverageShsOutDil": 754000000,
    "link": "https://www.sec.gov/Archives/edgar/data/60667/000006066720000175/0000060667-20-000175-index.htm",
    "finalLink": "https://www.sec.gov/Archives/edgar/data/60667/000006066720000175/low-20201030.htm"
  },
  {
    "date": "2020-07-31",
    "symbol": "LOW",
    "reportedCurrency": "USD",
    "cik": "0000060667",
    "fillingDate": "2020-08-26",
    "acceptedDate": "2020-08-26 17:07:36",
    "calendarYear": "2020",
    "period": "Q2",
    "revenue": 27302000000,
    "costOfRevenue": 18325000000,
    "grossProfit": 8977000000,
    "grossProfitRatio": 0.3288037506,
    "researchAndDevelopmentExpenses": 0,
    "generalAndAdministrativeExpenses": 0,
    "sellingAndMarketingExpenses": 0,
    "sellingGeneralAndAdministrativeExpenses": 4582000000,
    "otherExpenses": 0,
    "operatingExpenses": 4582000000,
    "costAndExpenses": 22907000000,
    "interestIncome": 8000000,
    "interestExpense": 221000000,
    "depreciationAndAmortization": 492000000,
    "ebitda": 4451000000,
    "ebitdaratio": 0.1630283496,
    "operatingIncome": 4395000000,
    "operatingIncomeRatio": 0.1609772178,
    "totalOtherIncomeExpensesNet": -657000000,
    "incomeBeforeTax": 3738000000,
    "incomeBeforeTaxRatio": 0.1369130467,
    "incomeTaxExpense": 910000000,
    "netIncome": 2828000000,
    "netIncomeRatio": 0.1035821552,
    "eps": 3.74,
    "epsdiluted": 3.74,
    "weightedAverageShsOut": 752000000,
    "weightedAverageShsOutDil": 753000000,
    "link": "https://www.sec.gov/Archives/edgar/data/60667/000006066720000138/0000060667-20-000138-index.htm",
    "finalLink": "https://www.sec.gov/Archives/edgar/data/60667/000006066720000138/low-20200731.htm"
  },
  {
    "date": "2020-05-01",
    "symbol": "LOW",
    "reportedCurrency": "USD",
    "cik": "0000060667",
    "fillingDate": "2020-05-28",
    "acceptedDate": "2020-05-28 16:54:03",
    "calendarYear": "2020",
    "period": "Q1",
    "revenue": 19675000000,
    "costOfRevenue": 13488000000,
    "grossProfit": 6187000000,
    "grossProfitRatio": 0.3144599746,
    "researchAndDevelopmentExpenses": 0,
    "generalAndAdministrativeExpenses": 0,
    "sellingAndMarketingExpenses": 0,
    "sellingGeneralAndAdministrativeExpenses": 3875000000,
    "otherExpenses": 0,
    "operatingExpenses": 3875000000,
    "costAndExpenses": 17363000000,
    "interestIncome": 5000000,
    "interestExpense": 205000000,
    "depreciationAndAmortization": 489000000,
    "ebitda": 2480000000,
    "ebitdaratio": 0.1260482846,
    "operatingIncome": 2312000000,
    "operatingIncomeRatio": 0.1175095299,
    "totalOtherIncomeExpensesNet": -526000000,
    "incomeBeforeTax": 1786000000,
    "incomeBeforeTaxRatio": 0.0907750953,
    "incomeTaxExpense": 449000000,
    "netIncome": 1337000000,
    "netIncomeRatio": 0.0679542567,
    "eps": 1.76,
    "epsdiluted": 1.76,
    "weightedAverageShsOut": 755000000,
    "weightedAverageShsOutDil": 756000000,
    "link": "https://www.sec.gov/Archives/edgar/data/60667/000006066720000085/0000060667-20-000085-index.htm",
    "finalLink": "https://www.sec.gov/Archives/edgar/data/60667/000006066720000085/form10q_05012020.htm"
  },
  {
    "date": "2020-01-31",
    "symbol": "LOW",
    "reportedCurrency": "USD",
    "cik": "0000060667",
    "fillingDate": "2020-03-23",
    "acceptedDate": "2020-03-23 17:05:45",
    "calendarYear": "2019",
    "period": "Q4",
    "revenue": 16027000000,
    "costOfRevenue": 11384000000,
    "grossProfit": 4643000000,
    "grossProfitRatio": 0.2896986336,
    "researchAndDevelopmentExpenses": 0,
    "generalAndAdministrativeExpenses": 0,
    "sellingAndMarketingExpenses": 0,
    "sellingGeneralAndAdministrativeExpenses": 3500000000,
    "otherExpenses": 0,
    "operatingExpenses": 3500000000,
    "costAndExpenses": 14884000000,
    "interestIncome": 3000000,
    "interestExpense": 184000000,
    "depreciationAndAmortization": 508000000,
    "ebitda": 1467000000,
    "ebitdaratio": 0.091533038,
    "operatingIncome": 1143000000,
    "operatingIncomeRatio": 0.0713171523,
    "totalOtherIncomeExpensesNet": -368000000,
    "incomeBeforeTax": 775000000,
    "incomeBeforeTaxRatio": 0.0483558994,
    "incomeTaxExpense": 266000000,
    "netIncome": 509000000,
    "netIncomeRatio": 0.0317589068,
    "eps": 0.67,
    "epsdiluted": 0.66,
    "weightedAverageShsOut": 763000000,
    "weightedAverageShsOutDil": 764000000,
    "link": "https://www.sec.gov/Archives/edgar/data/60667/000006066720000036/0000060667-20-000036-index.htm",
    "finalLink": "https://www.sec.gov/Archives/edgar/data/60667/000006066720000036/form10k01312020.htm"
  },
  {
    "date": "2019-11-01",
    "symbol": "LOW",
    "reportedCurrency": "USD",
    "cik": "0000060667",
    "fillingDate": "2019-12-04",
    "acceptedDate": "2019-12-03 18:44:52",
    "calendarYear": "2019",
    "period": "Q3",
    "revenue": 17388000000,
    "costOfRevenue": 12058000000,
    "grossProfit": 5330000000,
    "grossProfitRatio": 0.3065332413,
    "researchAndDevelopmentExpenses": 0,
    "generalAndAdministrativeExpenses": 0,
    "sellingAndMarketingExpenses": 0,
    "sellingGeneralAndAdministrativeExpenses": 3719000000,
    "otherExpenses": 0,
    "operatingExpenses": 3719000000,
    "costAndExpenses": 15777000000,
    "interestIncome": 5000000,
    "interestExpense": 178000000,
    "depreciationAndAmortization": 458000000,
    "ebitda": 2017000000,
    "ebitdaratio": 0.1159995399,
    "operatingIncome": 1611000000,
    "operatingIncomeRatio": 0.0926501035,
    "totalOtherIncomeExpensesNet": -230000000,
    "incomeBeforeTax": 1381000000,
    "incomeBeforeTaxRatio": 0.0794225903,
    "incomeTaxExpense": 332000000,
    "netIncome": 1049000000,
    "netIncomeRatio": 0.0603289625,
    "eps": 1.36,
    "epsdiluted": 1.36,
    "weightedAverageShsOut": 769000000,
    "weightedAverageShsOutDil": 770000000,
    "link": "https://www.sec.gov/Archives/edgar/data/60667/000006066719000184/0000060667-19-000184-index.htm",
    "finalLink": "https://www.sec.gov/Archives/edgar/data/60667/000006066719000184/form10q11012019.htm"
  },
  {
    "date": "2019-08-02",
    "symbol": "LOW",
    "reportedCurrency": "USD",
    "cik": "0000060667",
    "fillingDate": "2019-09-03",
    "acceptedDate": "2019-09-03 17:06:52",
    "calendarYear": "2019",
    "period": "Q2",
    "revenue": 20992000000,
    "costOfRevenue": 14563000000,
    "grossProfit": 6429000000,
    "grossProfitRatio": 0.3062595274,
    "researchAndDevelopmentExpenses": 0,
    "generalAndAdministrativeExpenses": 0,
    "sellingAndMarketingExpenses": 0,
    "sellingGeneralAndAdministrativeExpenses": 4048000000,
    "otherExpenses": 0,
    "operatingExpenses": 4048000000,
    "costAndExpenses": 18611000000,
    "interestIncome": 12000000,
    "interestExpense": 180000000,
    "depreciationAndAmortization": 689000000,
    "ebitda": 3081000000,
    "ebitdaratio": 0.1467701982,
    "operatingIncome": 2381000000,
    "operatingIncomeRatio": 0.1134241616,
    "totalOtherIncomeExpensesNet": -169000000,
    "incomeBeforeTax": 2212000000,
    "incomeBeforeTaxRatio": 0.1053734756,
    "incomeTaxExpense": 536000000,
    "netIncome": 1676000000,
    "netIncomeRatio": 0.079839939,
    "eps": 2.14,
    "epsdiluted": 2.14,
    "weightedAverageShsOut": 781000000,
    "weightedAverageShsOutDil": 781000000,
    "link": "https://www.sec.gov/Archives/edgar/data/60667/000006066719000138/0000060667-19-000138-index.htm",
    "finalLink": "https://www.sec.gov/Archives/edgar/data/60667/000006066719000138/form10q08022019.htm"
  },
  {
    "date": "2019-05-03",
    "symbol": "LOW",
    "reportedCurrency": "USD",
    "cik": "0000060667",
    "fillingDate": "2019-06-03",
    "acceptedDate": "2019-06-03 08:05:24",
    "calendarYear": "2019",
    "period": "Q1",
    "revenue": 17741000000,
    "costOfRevenue": 12462000000,
    "grossProfit": 5279000000,
    "grossProfitRatio": 0.2975593259,
    "researchAndDevelopmentExpenses": 0,
    "generalAndAdministrativeExpenses": 0,
    "sellingAndMarketingExpenses": 0,
    "sellingGeneralAndAdministrativeExpenses": 3862000000,
    "otherExpenses": 0,
    "operatingExpenses": 3862000000,
    "costAndExpenses": 16324000000,
    "interestIncome": 7000000,
    "interestExpense": 169000000,
    "depreciationAndAmortization": 451000000,
    "ebitda": 1875000000,
    "ebitdaratio": 0.1056873908,
    "operatingIncome": 1417000000,
    "operatingIncomeRatio": 0.0798714841,
    "totalOtherIncomeExpensesNet": -162000000,
    "incomeBeforeTax": 1255000000,
    "incomeBeforeTaxRatio": 0.0707400936,
    "incomeTaxExpense": 209000000,
    "netIncome": 1046000000,
    "netIncomeRatio": 0.0589594724,
    "eps": 1.31,
    "epsdiluted": 1.31,
    "weightedAverageShsOut": 796000000,
    "weightedAverageShsOutDil": 797000000,
    "link": "https://www.sec.gov/Archives/edgar/data/60667/000006066719000086/0000060667-19-000086-index.htm",
    "finalLink": "https://www.sec.gov/Archives/edgar/data/60667/000006066719000086/form10q_05032019.htm"
  },
  {
    "date": "2019-02-01",
    "symbol": "LOW",
    "reportedCurrency": "USD",
    "cik": "0000060667",
    "fillingDate": "2019-04-02",
    "acceptedDate": "2019-04-01 19:26:18",
    "calendarYear": "2018",
    "period": "Q4",
    "revenue": 15647000000,
    "costOfRevenue": 11117000000,
    "grossProfit": 4530000000,
    "grossProfitRatio": 0.2895123666,
    "researchAndDevelopmentExpenses": 0,
    "generalAndAdministrativeExpenses": 0,
    "sellingAndMarketingExpenses": 0,
    "sellingGeneralAndAdministrativeExpenses": 3520000000,
    "otherExpenses": 0,
    "operatingExpenses": 3520000000,
    "costAndExpenses": 14637000000,
    "interestIncome": 7000000,
    "interestExpense": 161000000,
    "depreciationAndAmortization": 401000000,
    "ebitda": -162000000,
    "ebitdaratio": -0.0103534224,
    "operatingIncome": 1010000000,
    "operatingIncomeRatio": 0.0645491148,
    "totalOtherIncomeExpensesNet": -1735000000,
    "incomeBeforeTax": -725000000,
    "incomeBeforeTaxRatio": -0.0463347607,
    "incomeTaxExpense": 99000000,
    "netIncome": -824000000,
    "netIncomeRatio": -0.0526618521,
    "eps": -1.03,
    "epsdiluted": -1.03,
    "weightedAverageShsOut": 801000000,
    "weightedAverageShsOutDil": 801000000,
    "link": "https://www.sec.gov/Archives/edgar/data/60667/000006066719000042/0000060667-19-000042-index.htm",
    "finalLink": "https://www.sec.gov/Archives/edgar/data/60667/000006066719000042/form10k_02012019.htm"
  },
  {
    "date": "2018-11-02",
    "symbol": "LOW",
    "reportedCurrency": "USD",
    "cik": "0000060667",
    "fillingDate": "2018-12-06",
    "acceptedDate": "2018-12-06 09:03:40",
    "calendarYear": "2018",
    "period": "Q3",
    "revenue": 17415000000,
    "costOfRevenue": 12461000000,
    "grossProfit": 4954000000,
    "grossProfitRatio": 0.2844674131,
    "researchAndDevelopmentExpenses": 0,
    "generalAndAdministrativeExpenses": 0,
    "sellingAndMarketingExpenses": 0,
    "sellingGeneralAndAdministrativeExpenses": 3997000000,
    "otherExpenses": 0,
    "operatingExpenses": 3997000000,
    "costAndExpenses": 16458000000,
    "interestIncome": 9000000,
    "interestExpense": 160000000,
    "depreciationAndAmortization": 455000000,
    "ebitda": 1419000000,
    "ebitdaratio": 0.0814814815,
    "operatingIncome": 957000000,
    "operatingIncomeRatio": 0.054952627,
    "totalOtherIncomeExpensesNet": -153000000,
    "incomeBeforeTax": 804000000,
    "incomeBeforeTaxRatio": 0.0461670973,
    "incomeTaxExpense": 175000000,
    "netIncome": 629000000,
    "netIncomeRatio": 0.0361182888,
    "eps": 0.78,
    "epsdiluted": 0.78,
    "weightedAverageShsOut": 806000000,
    "weightedAverageShsOutDil": 807000000,
    "link": "https://www.sec.gov/Archives/edgar/data/60667/000006066718000203/0000060667-18-000203-index.htm",
    "finalLink": "https://www.sec.gov/Archives/edgar/data/60667/000006066718000203/form10q_11022018.htm"
  },
  {
    "date": "2018-08-03",
    "symbol": "LOW",
    "reportedCurrency": "USD",
    "cik": "0000060667",
    "fillingDate": "2018-09-04",
    "acceptedDate": "2018-09-04 16:34:23",
    "calendarYear": "2018",
    "period": "Q2",
    "revenue": 20888000000,
    "costOfRevenue": 14339000000,
    "grossProfit": 6549000000,
    "grossProfitRatio": 0.3135292991,
    "researchAndDevelopmentExpenses": 0,
    "generalAndAdministrativeExpenses": 0,
    "sellingAndMarketingExpenses": 0,
    "sellingGeneralAndAdministrativeExpenses": 4156000000,
    "otherExpenses": 0,
    "operatingExpenses": 4156000000,
    "costAndExpenses": 18495000000,
    "interestIncome": 9000000,
    "interestExpense": 160000000,
    "depreciationAndAmortization": 364000000,
    "ebitda": 2534000000,
    "ebitdaratio": 0.1213136729,
    "operatingIncome": 2393000000,
    "operatingIncomeRatio": 0.1145633857,
    "totalOtherIncomeExpensesNet": -383000000,
    "incomeBeforeTax": 2010000000,
    "incomeBeforeTaxRatio": 0.096227499,
    "incomeTaxExpense": 490000000,
    "netIncome": 1520000000,
    "netIncomeRatio": 0.072769054,
    "eps": 1.86,
    "epsdiluted": 1.86,
    "weightedAverageShsOut": 813000000,
    "weightedAverageShsOutDil": 814000000,
    "link": "https://www.sec.gov/Archives/edgar/data/60667/000006066718000157/0000060667-18-000157-index.htm",
    "finalLink": "https://www.sec.gov/Archives/edgar/data/60667/000006066718000157/form10q_08032018.htm"
  },
  {
    "date": "2018-05-04",
    "symbol": "LOW",
    "reportedCurrency": "USD",
    "cik": "0000060667",
    "fillingDate": "2018-06-05",
    "acceptedDate": "2018-06-05 16:46:44",
    "calendarYear": "2018",
    "period": "Q1",
    "revenue": 17360000000,
    "costOfRevenue": 11961000000,
    "grossProfit": 5399000000,
    "grossProfitRatio": 0.3110023041,
    "researchAndDevelopmentExpenses": 0,
    "generalAndAdministrativeExpenses": 0,
    "sellingAndMarketingExpenses": 0,
    "sellingGeneralAndAdministrativeExpenses": 3934000000,
    "otherExpenses": 0,
    "operatingExpenses": 3934000000,
    "costAndExpenses": 15895000000,
    "interestIncome": 3000000,
    "interestExpense": 163000000,
    "depreciationAndAmortization": 387000000,
    "ebitda": 1855000000,
    "ebitdaratio": 0.1068548387,
    "operatingIncome": 1465000000,
    "operatingIncomeRatio": 0.0843894009,
    "totalOtherIncomeExpensesNet": -160000000,
    "incomeBeforeTax": 1305000000,
    "incomeBeforeTaxRatio": 0.0751728111,
    "incomeTaxExpense": 317000000,
    "netIncome": 988000000,
    "netIncomeRatio": 0.0569124424,
    "eps": 1.19,
    "epsdiluted": 1.19,
    "weightedAverageShsOut": 825000000,
    "weightedAverageShsOutDil": 826000000,
    "link": "https://www.sec.gov/Archives/edgar/data/60667/000006066718000117/0000060667-18-000117-index.htm",
    "finalLink": "https://www.sec.gov/Archives/edgar/data/60667/000006066718000117/form10q_05042018.htm"
  },
  {
    "date": "2018-02-02",
    "symbol": "LOW",
    "reportedCurrency": "USD",
    "cik": "0000060667",
    "fillingDate": "2018-04-02",
    "acceptedDate": "2018-04-02 16:36:28",
    "calendarYear": "2017",
    "period": "Q4",
    "revenue": 15494000000,
    "costOfRevenue": 10635000000,
    "grossProfit": 4859000000,
    "grossProfitRatio": 0.3136052666,
    "researchAndDevelopmentExpenses": 0,
    "generalAndAdministrativeExpenses": 0,
    "sellingAndMarketingExpenses": 0,
    "sellingGeneralAndAdministrativeExpenses": 3761000000,
    "otherExpenses": 0,
    "operatingExpenses": 3761000000,
    "costAndExpenses": 14396000000,
    "interestIncome": 6000000,
    "interestExpense": 162000000,
    "depreciationAndAmortization": 392000000,
    "ebitda": 1498000000,
    "ebitdaratio": 0.0966825868,
    "operatingIncome": 1098000000,
    "operatingIncomeRatio": 0.0708661417,
    "totalOtherIncomeExpensesNet": -154000000,
    "incomeBeforeTax": 944000000,
    "incomeBeforeTaxRatio": 0.0609268104,
    "incomeTaxExpense": 390000000,
    "netIncome": 554000000,
    "netIncomeRatio": 0.0357557764,
    "eps": 0.67,
    "epsdiluted": 0.67,
    "weightedAverageShsOut": 828000000,
    "weightedAverageShsOutDil": 829000000,
    "link": "https://www.sec.gov/Archives/edgar/data/60667/000006066718000051/0000060667-18-000051-index.htm",
    "finalLink": "https://www.sec.gov/Archives/edgar/data/60667/000006066718000051/form10k_02022018.htm"
  },
  {
    "date": "2017-11-03",
    "symbol": "LOW",
    "reportedCurrency": "USD",
    "cik": "0000060667",
    "fillingDate": "2017-12-05",
    "acceptedDate": "2017-12-05 16:10:08",
    "calendarYear": "2017",
    "period": "Q3",
    "revenue": 16770000000,
    "costOfRevenue": 11415000000,
    "grossProfit": 5355000000,
    "grossProfitRatio": 0.3193202147,
    "researchAndDevelopmentExpenses": 0,
    "generalAndAdministrativeExpenses": 0,
    "sellingAndMarketingExpenses": 0,
    "sellingGeneralAndAdministrativeExpenses": 3808000000,
    "otherExpenses": 0,
    "operatingExpenses": 3808000000,
    "costAndExpenses": 15223000000,
    "interestIncome": 2000000,
    "interestExpense": 162000000,
    "depreciationAndAmortization": 380000000,
    "ebitda": 1929000000,
    "ebitdaratio": 0.1150268336,
    "operatingIncome": 1547000000,
    "operatingIncomeRatio": 0.092248062,
    "totalOtherIncomeExpensesNet": -160000000,
    "incomeBeforeTax": 1387000000,
    "incomeBeforeTaxRatio": 0.0827072153,
    "incomeTaxExpense": 515000000,
    "netIncome": 872000000,
    "netIncomeRatio": 0.0519976148,
    "eps": 1.05,
    "epsdiluted": 1.05,
    "weightedAverageShsOut": 831000000,
    "weightedAverageShsOutDil": 832000000,
    "link": "https://www.sec.gov/Archives/edgar/data/60667/000006066717000176/0000060667-17-000176-index.htm",
    "finalLink": "https://www.sec.gov/Archives/edgar/data/60667/000006066717000176/form10q_11032017.htm"
  },
  {
    "date": "2017-08-04",
    "symbol": "LOW",
    "reportedCurrency": "USD",
    "cik": "0000060667",
    "fillingDate": "2017-09-05",
    "acceptedDate": "2017-09-05 17:00:34",
    "calendarYear": "2017",
    "period": "Q2",
    "revenue": 19495000000,
    "costOfRevenue": 13182000000,
    "grossProfit": 6313000000,
    "grossProfitRatio": 0.3238266222,
    "researchAndDevelopmentExpenses": 0,
    "generalAndAdministrativeExpenses": 0,
    "sellingAndMarketingExpenses": 0,
    "sellingGeneralAndAdministrativeExpenses": 3931000000,
    "otherExpenses": 0,
    "operatingExpenses": 3931000000,
    "costAndExpenses": 17113000000,
    "interestIncome": 5000000,
    "interestExpense": 165000000,
    "depreciationAndAmortization": 379000000,
    "ebitda": 2767000000,
    "ebitdaratio": 0.1419338292,
    "operatingIncome": 2382000000,
    "operatingIncomeRatio": 0.1221851757,
    "totalOtherIncomeExpensesNet": -159000000,
    "incomeBeforeTax": 2223000000,
    "incomeBeforeTaxRatio": 0.1140292383,
    "incomeTaxExpense": 804000000,
    "netIncome": 1419000000,
    "netIncomeRatio": 0.0727878943,
    "eps": 1.68,
    "epsdiluted": 1.68,
    "weightedAverageShsOut": 841000000,
    "weightedAverageShsOutDil": 842000000,
    "link": "https://www.sec.gov/Archives/edgar/data/60667/000006066717000130/0000060667-17-000130-index.htm",
    "finalLink": "https://www.sec.gov/Archives/edgar/data/60667/000006066717000130/form10q_08042017.htm"
  },
  {
    "date": "2017-05-05",
    "symbol": "LOW",
    "reportedCurrency": "USD",
    "cik": "0000060667",
    "fillingDate": "2017-06-06",
    "acceptedDate": "2017-06-06 16:42:04",
    "calendarYear": "2017",
    "period": "Q1",
    "revenue": 16860000000,
    "costOfRevenue": 11425000000,
    "grossProfit": 5435000000,
    "grossProfitRatio": 0.3223606168,
    "researchAndDevelopmentExpenses": 0,
    "generalAndAdministrativeExpenses": 0,
    "sellingAndMarketingExpenses": 0,
    "sellingGeneralAndAdministrativeExpenses": 3876000000,
    "otherExpenses": 0,
    "operatingExpenses": 3876000000,
    "costAndExpenses": 15301000000,
    "interestIncome": 3000000,
    "interestExpense": 164000000,
    "depreciationAndAmortization": 389000000,
    "ebitda": 1487000000,
    "ebitdaratio": 0.0881969158,
    "operatingIncome": 1559000000,
    "operatingIncomeRatio": 0.0924673784,
    "totalOtherIncomeExpensesNet": -625000000,
    "incomeBeforeTax": 934000000,
    "incomeBeforeTaxRatio": 0.0553973903,
    "incomeTaxExpense": 332000000,
    "netIncome": 602000000,
    "netIncomeRatio": 0.0357058126,
    "eps": 0.7,
    "epsdiluted": 0.7,
    "weightedAverageShsOut": 857000000,
    "weightedAverageShsOutDil": 858000000,
    "link": "https://www.sec.gov/Archives/edgar/data/60667/000006066717000111/0000060667-17-000111-index.htm",
    "finalLink": "https://www.sec.gov/Archives/edgar/data/60667/000006066717000111/form10q_05052017.htm"
  },
  {
    "date": "2017-02-03",
    "symbol": "LOW",
    "reportedCurrency": "USD",
    "cik": "0000060667",
    "fillingDate": "2017-04-04",
    "acceptedDate": "2017-04-04 09:27:27",
    "calendarYear": "2016",
    "period": "Q4",
    "revenue": 15784000000,
    "costOfRevenue": 10726000000,
    "grossProfit": 5058000000,
    "grossProfitRatio": 0.3204510897,
    "researchAndDevelopmentExpenses": 0,
    "generalAndAdministrativeExpenses": 0,
    "sellingAndMarketingExpenses": 0,
    "sellingGeneralAndAdministrativeExpenses": 3789000000,
    "otherExpenses": 0,
    "operatingExpenses": 3789000000,
    "costAndExpenses": 14515000000,
    "interestIncome": 2000000,
    "interestExpense": 161000000,
    "depreciationAndAmortization": 400000000,
    "ebitda": 1671000000,
    "ebitdaratio": 0.1058667005,
    "operatingIncome": 1269000000,
    "operatingIncomeRatio": 0.0803978713,
    "totalOtherIncomeExpensesNet": -159000000,
    "incomeBeforeTax": 1110000000,
    "incomeBeforeTaxRatio": 0.0703243791,
    "incomeTaxExpense": 447000000,
    "netIncome": 663000000,
    "netIncomeRatio": 0.0420045616,
    "eps": 0.74,
    "epsdiluted": 0.74,
    "weightedAverageShsOut": 867000000,
    "weightedAverageShsOutDil": 868000000,
    "link": "https://www.sec.gov/Archives/edgar/data/60667/000006066717000076/0000060667-17-000076-index.htm",
    "finalLink": "https://www.sec.gov/Archives/edgar/data/60667/000006066717000076/lowesform10k.htm"
  },
  {
    "date": "2016-10-28",
    "symbol": "LOW",
    "reportedCurrency": "USD",
    "cik": "0000060667",
    "fillingDate": "2016-11-29",
    "acceptedDate": "2016-11-29 16:08:11",
    "calendarYear": "2016",
    "period": "Q3",
    "revenue": 15739000000,
    "costOfRevenue": 10710000000,
    "grossProfit": 5029000000,
    "grossProfitRatio": 0.3195247474,
    "researchAndDevelopmentExpenses": 0,
    "generalAndAdministrativeExpenses": 0,
    "sellingAndMarketingExpenses": 0,
    "sellingGeneralAndAdministrativeExpenses": 4090000000,
    "otherExpenses": 0,
    "operatingExpenses": 4090000000,
    "costAndExpenses": 14800000000,
    "interestIncome": 4000000,
    "interestExpense": 167000000,
    "depreciationAndAmortization": 412000000,
    "ebitda": 1355000000,
    "ebitdaratio": 0.0860918737,
    "operatingIncome": 939000000,
    "operatingIncomeRatio": 0.0596607154,
    "totalOtherIncomeExpensesNet": -163000000,
    "incomeBeforeTax": 776000000,
    "incomeBeforeTaxRatio": 0.049304276,
    "incomeTaxExpense": 397000000,
    "netIncome": 378000000,
    "netIncomeRatio": 0.0240167736,
    "eps": 0.43,
    "epsdiluted": 0.43,
    "weightedAverageShsOut": 873000000,
    "weightedAverageShsOutDil": 874000000,
    "link": "https://www.sec.gov/Archives/edgar/data/60667/000006066716000407/0000060667-16-000407-index.htm",
    "finalLink": "https://www.sec.gov/Archives/edgar/data/60667/000006066716000407/form10q.htm"
  },
  {
    "date": "2016-07-29",
    "symbol": "LOW",
    "reportedCurrency": "USD",
    "cik": "0000060667",
    "fillingDate": "2016-09-02",
    "acceptedDate": "2016-09-02 17:28:54",
    "calendarYear": "2016",
    "period": "Q2",
    "revenue": 18260000000,
    "costOfRevenue": 12338000000,
    "grossProfit": 5922000000,
    "grossProfitRatio": 0.3243154436,
    "researchAndDevelopmentExpenses": 0,
    "generalAndAdministrativeExpenses": 0,
    "sellingAndMarketingExpenses": 0,
    "sellingGeneralAndAdministrativeExpenses": 3871000000,
    "otherExpenses": 0,
    "operatingExpenses": 3871000000,
    "costAndExpenses": 16209000000,
    "interestIncome": 4000000,
    "interestExpense": 171000000,
    "depreciationAndAmortization": 395000000,
    "ebitda": 2446000000,
    "ebitdaratio": 0.1339539978,
    "operatingIncome": 2051000000,
    "operatingIncomeRatio": 0.1123220153,
    "totalOtherIncomeExpensesNet": -166000000,
    "incomeBeforeTax": 1885000000,
    "incomeBeforeTaxRatio": 0.1032311062,
    "incomeTaxExpense": 718000000,
    "netIncome": 1167000000,
    "netIncomeRatio": 0.0639101862,
    "eps": 1.32,
    "epsdiluted": 1.31,
    "weightedAverageShsOut": 883000000,
    "weightedAverageShsOutDil": 885000000,
    "link": "https://www.sec.gov/Archives/edgar/data/60667/000006066716000363/0000060667-16-000363-index.htm",
    "finalLink": "https://www.sec.gov/Archives/edgar/data/60667/000006066716000363/form10q.htm"
  },
  {
    "date": "2016-04-29",
    "symbol": "LOW",
    "reportedCurrency": "USD",
    "cik": "0000060667",
    "fillingDate": "2016-05-31",
    "acceptedDate": "2016-05-31 17:16:23",
    "calendarYear": "2016",
    "period": "Q1",
    "revenue": 15234000000,
    "costOfRevenue": 10332000000,
    "grossProfit": 5407000000,
    "grossProfitRatio": 0.3549297624,
    "researchAndDevelopmentExpenses": 0,
    "generalAndAdministrativeExpenses": 3394000000,
    "sellingAndMarketingExpenses": 696000000,
    "sellingGeneralAndAdministrativeExpenses": 4090000000,
    "otherExpenses": 378000000,
    "operatingExpenses": 3751000000,
    "costAndExpenses": 13648000000,
    "interestIncome": 2000000,
    "interestExpense": 158000000,
    "depreciationAndAmortization": 383000000,
    "ebitda": 1969000000,
    "ebitdaratio": 0.129250361,
    "operatingIncome": 1586000000,
    "operatingIncomeRatio": 0.1041092294,
    "totalOtherIncomeExpensesNet": -156000000,
    "incomeBeforeTax": 1430000000,
    "incomeBeforeTaxRatio": 0.0938689773,
    "incomeTaxExpense": 546000000,
    "netIncome": 884000000,
    "netIncomeRatio": 0.0580280951,
    "eps": 0.98,
    "epsdiluted": 0.98,
    "weightedAverageShsOut": 897000000,
    "weightedAverageShsOutDil": 899000000,
    "link": "https://www.sec.gov/Archives/edgar/data/60667/000006066716000321/0000060667-16-000321-index.htm",
    "finalLink": "https://www.sec.gov/Archives/edgar/data/60667/000006066716000321/form10q.htm"
  },
  {
    "date": "2016-01-29",
    "symbol": "LOW",
    "reportedCurrency": "USD",
    "cik": "0000060667",
    "fillingDate": "2016-03-29",
    "acceptedDate": "2016-03-28 19:07:36",
    "calendarYear": "2015",
    "period": "Q4",
    "revenue": 13236000000,
    "costOfRevenue": 8648000000,
    "grossProfit": 4588000000,
    "grossProfitRatio": 0.3466304019,
    "researchAndDevelopmentExpenses": 0,
    "generalAndAdministrativeExpenses": 3781000000,
    "sellingAndMarketingExpenses": 0,
    "sellingGeneralAndAdministrativeExpenses": 3781000000,
    "otherExpenses": 369000000,
    "operatingExpenses": 4149000000,
    "costAndExpenses": 12797000000,
    "interestIncome": 2000000,
    "interestExpense": 144000000,
    "depreciationAndAmortization": 395000000,
    "ebitda": 835000000,
    "ebitdaratio": 0.0630855243,
    "operatingIncome": 439000000,
    "operatingIncomeRatio": 0.03316712,
    "totalOtherIncomeExpensesNet": -143000000,
    "incomeBeforeTax": 295000000,
    "incomeBeforeTaxRatio": 0.0222877002,
    "incomeTaxExpense": 284000000,
    "netIncome": 11000000,
    "netIncomeRatio": 0.0008310668,
    "eps": 0.01,
    "epsdiluted": 0.01,
    "weightedAverageShsOut": 910000000,
    "weightedAverageShsOutDil": 912000000,
    "link": "https://www.sec.gov/Archives/edgar/data/60667/000006066716000276/0000060667-16-000276-index.htm",
    "finalLink": "https://www.sec.gov/Archives/edgar/data/60667/000006066716000276/lowesform10k.htm"
  },
  {
    "date": "2015-10-30",
    "symbol": "LOW",
    "reportedCurrency": "USD",
    "cik": "0000060667",
    "fillingDate": "2015-12-02",
    "acceptedDate": "2015-12-02 16:08:50",
    "calendarYear": "2015",
    "period": "Q3",
    "revenue": 14129000000,
    "costOfRevenue": 9117000000,
    "grossProfit": 5012000000,
    "grossProfitRatio": 0.3547314035,
    "researchAndDevelopmentExpenses": 0,
    "generalAndAdministrativeExpenses": 3287000000,
    "sellingAndMarketingExpenses": 0,
    "sellingGeneralAndAdministrativeExpenses": 3287000000,
    "otherExpenses": 365000000,
    "operatingExpenses": 3662000000,
    "costAndExpenses": 13032000000,
    "interestIncome": 1000000,
    "interestExpense": 141000000,
    "depreciationAndAmortization": 401000000,
    "ebitda": 1729000000,
    "ebitdaratio": 0.1223724255,
    "operatingIncome": 1328000000,
    "operatingIncomeRatio": 0.0939910822,
    "totalOtherIncomeExpensesNet": -516000000,
    "incomeBeforeTax": 1187000000,
    "incomeBeforeTaxRatio": 0.0840116073,
    "incomeTaxExpense": 451000000,
    "netIncome": 736000000,
    "netIncomeRatio": 0.0520914431,
    "eps": 0.8,
    "epsdiluted": 0.8,
    "weightedAverageShsOut": 918000000,
    "weightedAverageShsOutDil": 921000000,
    "link": "https://www.sec.gov/Archives/edgar/data/60667/000006066715000186/0000060667-15-000186-index.htm",
    "finalLink": "https://www.sec.gov/Archives/edgar/data/60667/000006066715000186/form10q.htm"
  },
  {
    "date": "2015-07-31",
    "symbol": "LOW",
    "reportedCurrency": "USD",
    "cik": "0000060667",
    "fillingDate": "2015-09-01",
    "acceptedDate": "2015-09-01 16:55:26",
    "calendarYear": "2015",
    "period": "Q2",
    "revenue": 17348000000,
    "costOfRevenue": 11367000000,
    "grossProfit": 5981000000,
    "grossProfitRatio": 0.3447659673,
    "researchAndDevelopmentExpenses": 0,
    "generalAndAdministrativeExpenses": 0,
    "sellingAndMarketingExpenses": 0,
    "sellingGeneralAndAdministrativeExpenses": 3634000000,
    "otherExpenses": 375000000,
    "operatingExpenses": 4009000000,
    "costAndExpenses": 15376000000,
    "interestIncome": 2000000,
    "interestExpense": 133000000,
    "depreciationAndAmortization": 400000000,
    "ebitda": 2372000000,
    "ebitdaratio": 0.1367304588,
    "operatingIncome": 1972000000,
    "operatingIncomeRatio": 0.1136730459,
    "totalOtherIncomeExpensesNet": -508000000,
    "incomeBeforeTax": 1839000000,
    "incomeBeforeTaxRatio": 0.1060064561,
    "incomeTaxExpense": 713000000,
    "netIncome": 1126000000,
    "netIncomeRatio": 0.0649066175,
    "eps": 1.2,
    "epsdiluted": 1.2,
    "weightedAverageShsOut": 931000000,
    "weightedAverageShsOutDil": 933000000,
    "link": "https://www.sec.gov/Archives/edgar/data/60667/000006066715000134/0000060667-15-000134-index.htm",
    "finalLink": "https://www.sec.gov/Archives/edgar/data/60667/000006066715000134/form10q.htm"
  },
  {
    "date": "2015-05-01",
    "symbol": "LOW",
    "reportedCurrency": "USD",
    "cik": "0000060667",
    "fillingDate": "2015-06-02",
    "acceptedDate": "2015-06-02 16:29:19",
    "calendarYear": "2015",
    "period": "Q1",
    "revenue": 14360000000,
    "costOfRevenue": 9370000000,
    "grossProfit": 4990000000,
    "grossProfitRatio": 0.3474930362,
    "researchAndDevelopmentExpenses": 0,
    "generalAndAdministrativeExpenses": 3413000000,
    "sellingAndMarketingExpenses": -126000000,
    "sellingGeneralAndAdministrativeExpenses": 3415000000,
    "otherExpenses": 375000000,
    "operatingExpenses": 3780000000,
    "costAndExpenses": 12532000000,
    "interestIncome": 0,
    "interestExpense": 134000000,
    "depreciationAndAmortization": 391000000,
    "ebitda": 1623000000,
    "ebitdaratio": 0.1130222841,
    "operatingIncome": 1597000000,
    "operatingIncomeRatio": 0.1112116992,
    "totalOtherIncomeExpensesNet": -499000000,
    "incomeBeforeTax": 1098000000,
    "incomeBeforeTaxRatio": 0.0764623955,
    "incomeTaxExpense": 425000000,
    "netIncome": 673000000,
    "netIncomeRatio": 0.0468662953,
    "eps": 0.7,
    "epsdiluted": 0.7,
    "weightedAverageShsOut": 952000000,
    "weightedAverageShsOutDil": 952000000,
    "link": "https://www.sec.gov/Archives/edgar/data/60667/000006066715000102/0000060667-15-000102-index.htm",
    "finalLink": "https://www.sec.gov/Archives/edgar/data/60667/000006066715000102/form10q.htm"
  },
  {
    "date": "2015-01-30",
    "symbol": "LOW",
    "reportedCurrency": "USD",
    "cik": "0000060667",
    "fillingDate": "2015-03-31",
    "acceptedDate": "2015-03-31 15:10:12",
    "calendarYear": "2014",
    "period": "Q4",
    "revenue": 12541000000,
    "costOfRevenue": 8194000000,
    "grossProfit": 4347000000,
    "grossProfitRatio": 0.3466230763,
    "researchAndDevelopmentExpenses": 0,
    "generalAndAdministrativeExpenses": 3166000000,
    "sellingAndMarketingExpenses": 0,
    "sellingGeneralAndAdministrativeExpenses": 3166000000,
    "otherExpenses": 362000000,
    "operatingExpenses": 3527000000,
    "costAndExpenses": 11721000000,
    "interestIncome": 5000000,
    "interestExpense": 132000000,
    "depreciationAndAmortization": 387000000,
    "ebitda": 1220000000,
    "ebitdaratio": 0.0972809186,
    "operatingIncome": 819000000,
    "operatingIncomeRatio": 0.065305797,
    "totalOtherIncomeExpensesNet": -132000000,
    "incomeBeforeTax": 687000000,
    "incomeBeforeTaxRatio": 0.0547803205,
    "incomeTaxExpense": 237000000,
    "netIncome": 450000000,
    "netIncomeRatio": 0.035882306,
    "eps": 0.46,
    "epsdiluted": 0.46,
    "weightedAverageShsOut": 964000000,
    "weightedAverageShsOutDil": 967000000,
    "link": "https://www.sec.gov/Archives/edgar/data/60667/000006066715000057/0000060667-15-000057-index.htm",
    "finalLink": "https://www.sec.gov/Archives/edgar/data/60667/000006066715000057/lowesform10k.htm"
  },
  {
    "date": "2014-10-31",
    "symbol": "LOW",
    "reportedCurrency": "USD",
    "cik": "0000060667",
    "fillingDate": "2014-12-02",
    "acceptedDate": "2014-12-02 16:53:05",
    "calendarYear": "2014",
    "period": "Q3",
    "revenue": 13403000000,
    "costOfRevenue": 8645000000,
    "grossProfit": 4758000000,
    "grossProfitRatio": 0.3549951503,
    "researchAndDevelopmentExpenses": 0,
    "generalAndAdministrativeExpenses": 0,
    "sellingAndMarketingExpenses": 0,
    "sellingGeneralAndAdministrativeExpenses": 3255000000,
    "otherExpenses": 373000000,
    "operatingExpenses": 3630000000,
    "costAndExpenses": 12593000000,
    "interestIncome": 1000000,
    "interestExpense": 134000000,
    "depreciationAndAmortization": 401000000,
    "ebitda": 1489000000,
    "ebitdaratio": 0.1110945311,
    "operatingIncome": 1088000000,
    "operatingIncomeRatio": 0.0811758562,
    "totalOtherIncomeExpensesNet": -134000000,
    "incomeBeforeTax": 954000000,
    "incomeBeforeTaxRatio": 0.0711780945,
    "incomeTaxExpense": 369000000,
    "netIncome": 585000000,
    "netIncomeRatio": 0.0436469447,
    "eps": 0.59,
    "epsdiluted": 0.59,
    "weightedAverageShsOut": 980000000,
    "weightedAverageShsOutDil": 980000000,
    "link": "https://www.sec.gov/Archives/edgar/data/60667/000006066714000202/0000060667-14-000202-index.htm",
    "finalLink": "https://www.sec.gov/Archives/edgar/data/60667/000006066714000202/form10q.htm"
  },
  {
    "date": "2014-08-01",
    "symbol": "LOW",
    "reportedCurrency": "USD",
    "cik": "0000060667",
    "fillingDate": "2014-09-02",
    "acceptedDate": "2014-09-02 16:52:04",
    "calendarYear": "2014",
    "period": "Q2",
    "revenue": 16599000000,
    "costOfRevenue": 10864000000,
    "grossProfit": 5735000000,
    "grossProfitRatio": 0.3455027411,
    "researchAndDevelopmentExpenses": 0,
    "generalAndAdministrativeExpenses": 3541000000,
    "sellingAndMarketingExpenses": 0,
    "sellingGeneralAndAdministrativeExpenses": 3541000000,
    "otherExpenses": 375000000,
    "operatingExpenses": 3916000000,
    "costAndExpenses": 14780000000,
    "interestIncome": 1000000,
    "interestExpense": 126000000,
    "depreciationAndAmortization": 400000000,
    "ebitda": 2219000000,
    "ebitdaratio": 0.133682752,
    "operatingIncome": 1819000000,
    "operatingIncomeRatio": 0.1095849148,
    "totalOtherIncomeExpensesNet": -126000000,
    "incomeBeforeTax": 1693000000,
    "incomeBeforeTaxRatio": 0.101994096,
    "incomeTaxExpense": 654000000,
    "netIncome": 1039000000,
    "netIncomeRatio": 0.0625941322,
    "eps": 1.04,
    "epsdiluted": 1.04,
    "weightedAverageShsOut": 995000000,
    "weightedAverageShsOutDil": 996000000,
    "link": "https://www.sec.gov/Archives/edgar/data/60667/000006066714000148/0000060667-14-000148-index.htm",
    "finalLink": "https://www.sec.gov/Archives/edgar/data/60667/000006066714000148/form10q.htm"
  },
  {
    "date": "2014-05-02",
    "symbol": "LOW",
    "reportedCurrency": "USD",
    "cik": "0000060667",
    "fillingDate": "2014-06-03",
    "acceptedDate": "2014-06-03 17:16:40",
    "calendarYear": "2014",
    "period": "Q1",
    "revenue": 13681000000,
    "costOfRevenue": 8963000000,
    "grossProfit": 4718000000,
    "grossProfitRatio": 0.344857832,
    "researchAndDevelopmentExpenses": 0,
    "generalAndAdministrativeExpenses": 3319000000,
    "sellingAndMarketingExpenses": 0,
    "sellingGeneralAndAdministrativeExpenses": 3319000000,
    "otherExpenses": 375000000,
    "operatingExpenses": 3692000000,
    "costAndExpenses": 12337000000,
    "interestIncome": 1000000,
    "interestExpense": 124000000,
    "depreciationAndAmortization": 398000000,
    "ebitda": 1464000000,
    "ebitdaratio": 0.1070097215,
    "operatingIncome": 1066000000,
    "operatingIncomeRatio": 0.0779182808,
    "totalOtherIncomeExpensesNet": -124000000,
    "incomeBeforeTax": 942000000,
    "incomeBeforeTaxRatio": 0.0688546159,
    "incomeTaxExpense": 318000000,
    "netIncome": 624000000,
    "netIncomeRatio": 0.045610701,
    "eps": 0.61,
    "epsdiluted": 0.61,
    "weightedAverageShsOut": 1015000000,
    "weightedAverageShsOutDil": 1017000000,
    "link": "https://www.sec.gov/Archives/edgar/data/60667/000006066714000110/0000060667-14-000110-index.htm",
    "finalLink": "https://www.sec.gov/Archives/edgar/data/60667/000006066714000110/form10q.htm"
  },
  {
    "date": "2014-01-31",
    "symbol": "LOW",
    "reportedCurrency": "USD",
    "cik": "0000060667",
    "fillingDate": "2014-03-31",
    "acceptedDate": "2014-03-31 17:21:20",
    "calendarYear": "2013",
    "period": "Q4",
    "revenue": 11660000000,
    "costOfRevenue": 7618000000,
    "grossProfit": 4042000000,
    "grossProfitRatio": 0.3466552316,
    "researchAndDevelopmentExpenses": 0,
    "generalAndAdministrativeExpenses": 2234000000,
    "sellingAndMarketingExpenses": 811000000,
    "sellingGeneralAndAdministrativeExpenses": 3045000000,
    "otherExpenses": 370000000,
    "operatingExpenses": 3415000000,
    "costAndExpenses": 11033000000,
    "interestIncome": 1000000,
    "interestExpense": 128000000,
    "depreciationAndAmortization": 395000000,
    "ebitda": 1023000000,
    "ebitdaratio": 0.0877358491,
    "operatingIncome": 627000000,
    "operatingIncomeRatio": 0.0537735849,
    "totalOtherIncomeExpensesNet": -128000000,
    "incomeBeforeTax": 499000000,
    "incomeBeforeTaxRatio": 0.0427958834,
    "incomeTaxExpense": 193000000,
    "netIncome": 306000000,
    "netIncomeRatio": 0.0262435678,
    "eps": 0.29,
    "epsdiluted": 0.29,
    "weightedAverageShsOut": 1035000000,
    "weightedAverageShsOutDil": 1037000000,
    "link": "https://www.sec.gov/Archives/edgar/data/60667/000006066714000054/0000060667-14-000054-index.htm",
    "finalLink": "https://www.sec.gov/Archives/edgar/data/60667/000006066714000054/lowesform10k.htm"
  },
  {
    "date": "2013-11-01",
    "symbol": "LOW",
    "reportedCurrency": "USD",
    "cik": "0000060667",
    "fillingDate": "2013-12-03",
    "acceptedDate": "2013-12-03 16:56:36",
    "calendarYear": "2013",
    "period": "Q3",
    "revenue": 13088000000,
    "costOfRevenue": 8533000000,
    "grossProfit": 4555000000,
    "grossProfitRatio": 0.3480287286,
    "researchAndDevelopmentExpenses": 0,
    "generalAndAdministrativeExpenses": 3184000000,
    "sellingAndMarketingExpenses": 0,
    "sellingGeneralAndAdministrativeExpenses": 3184000000,
    "otherExpenses": 352000000,
    "operatingExpenses": 3557000000,
    "costAndExpenses": 12033000000,
    "interestIncome": 1000000,
    "interestExpense": 125000000,
    "depreciationAndAmortization": 400000000,
    "ebitda": 1324000000,
    "ebitdaratio": 0.1011613692,
    "operatingIncome": 924000000,
    "operatingIncomeRatio": 0.070599022,
    "totalOtherIncomeExpensesNet": -498000000,
    "incomeBeforeTax": 799000000,
    "incomeBeforeTaxRatio": 0.0610482885,
    "incomeTaxExpense": 300000000,
    "netIncome": 499000000,
    "netIncomeRatio": 0.0381265281,
    "eps": 0.47,
    "epsdiluted": 0.47,
    "weightedAverageShsOut": 1047000000,
    "weightedAverageShsOutDil": 1049000000,
    "link": "https://www.sec.gov/Archives/edgar/data/60667/000006066713000169/0000060667-13-000169-index.htm",
    "finalLink": "https://www.sec.gov/Archives/edgar/data/60667/000006066713000169/form10q.htm"
  },
  {
    "date": "2013-08-02",
    "symbol": "LOW",
    "reportedCurrency": "USD",
    "cik": "0000060667",
    "fillingDate": "2013-09-03",
    "acceptedDate": "2013-09-03 16:28:41",
    "calendarYear": "2013",
    "period": "Q2",
    "revenue": 15711000000,
    "costOfRevenue": 10314000000,
    "grossProfit": 5397000000,
    "grossProfitRatio": 0.3435172809,
    "researchAndDevelopmentExpenses": 0,
    "generalAndAdministrativeExpenses": 3414000000,
    "sellingAndMarketingExpenses": 0,
    "sellingGeneralAndAdministrativeExpenses": 3414000000,
    "otherExpenses": 367000000,
    "operatingExpenses": 3781000000,
    "costAndExpenses": 14095000000,
    "interestIncome": 1000000,
    "interestExpense": 110000000,
    "depreciationAndAmortization": 391000000,
    "ebitda": 2008000000,
    "ebitdaratio": 0.1278085418,
    "operatingIncome": 1616000000,
    "operatingIncomeRatio": 0.1028578703,
    "totalOtherIncomeExpensesNet": -110000000,
    "incomeBeforeTax": 1506000000,
    "incomeBeforeTaxRatio": 0.0958564063,
    "incomeTaxExpense": 565000000,
    "netIncome": 941000000,
    "netIncomeRatio": 0.0598943415,
    "eps": 0.88,
    "epsdiluted": 0.88,
    "weightedAverageShsOut": 1067000000,
    "weightedAverageShsOutDil": 1068000000,
    "link": "https://www.sec.gov/Archives/edgar/data/60667/000006066713000121/0000060667-13-000121-index.htm",
    "finalLink": "https://www.sec.gov/Archives/edgar/data/60667/000006066713000121/lowesform10q.htm"
  },
  {
    "date": "2013-05-03",
    "symbol": "LOW",
    "reportedCurrency": "USD",
    "cik": "0000060667",
    "fillingDate": "2013-06-04",
    "acceptedDate": "2013-06-04 16:50:53",
    "calendarYear": "2013",
    "period": "Q1",
    "revenue": 12957000000,
    "costOfRevenue": 8476000000,
    "grossProfit": 4481000000,
    "grossProfitRatio": 0.3458362275,
    "researchAndDevelopmentExpenses": 0,
    "generalAndAdministrativeExpenses": 3221000000,
    "sellingAndMarketingExpenses": -37000000,
    "sellingGeneralAndAdministrativeExpenses": 3184000000,
    "otherExpenses": 373000000,
    "operatingExpenses": 3574000000,
    "costAndExpenses": 11755000000,
    "interestIncome": 1000000,
    "interestExpense": 113000000,
    "depreciationAndAmortization": 376000000,
    "ebitda": 1358000000,
    "ebitdaratio": 0.1048082118,
    "operatingIncome": 981000000,
    "operatingIncomeRatio": 0.0757119704,
    "totalOtherIncomeExpensesNet": -113000000,
    "incomeBeforeTax": 868000000,
    "incomeBeforeTaxRatio": 0.0669908158,
    "incomeTaxExpense": 328000000,
    "netIncome": 540000000,
    "netIncomeRatio": 0.041676314,
    "eps": 0.49,
    "epsdiluted": 0.49,
    "weightedAverageShsOut": 1088000000,
    "weightedAverageShsOutDil": 1090000000,
    "link": "https://www.sec.gov/Archives/edgar/data/60667/000006066713000093/0000060667-13-000093-index.htm",
    "finalLink": "https://www.sec.gov/Archives/edgar/data/60667/000006066713000093/lowesform10q.htm"
  },
  {
    "date": "2013-02-01",
    "symbol": "LOW",
    "reportedCurrency": "USD",
    "cik": "0000060667",
    "fillingDate": "2013-04-02",
    "acceptedDate": "2013-04-01 18:19:20",
    "calendarYear": "2012",
    "period": "Q4",
    "revenue": 11046000000,
    "costOfRevenue": 7261000000,
    "grossProfit": 3785000000,
    "grossProfitRatio": 0.3426579757,
    "researchAndDevelopmentExpenses": 0,
    "generalAndAdministrativeExpenses": 2731000000,
    "sellingAndMarketingExpenses": 77000000,
    "sellingGeneralAndAdministrativeExpenses": 2808000000,
    "otherExpenses": 412000000,
    "operatingExpenses": 3221000000,
    "costAndExpenses": 10482000000,
    "interestIncome": 2000000,
    "interestExpense": 109000000,
    "depreciationAndAmortization": 438000000,
    "ebitda": 1032000000,
    "ebitdaratio": 0.0934274851,
    "operatingIncome": 564000000,
    "operatingIncomeRatio": 0.051059207,
    "totalOtherIncomeExpensesNet": -110000000,
    "incomeBeforeTax": 455000000,
    "incomeBeforeTaxRatio": 0.0411913815,
    "incomeTaxExpense": 167000000,
    "netIncome": 288000000,
    "netIncomeRatio": 0.0260727865,
    "eps": 0.26,
    "epsdiluted": 0.26,
    "weightedAverageShsOut": 1109000000,
    "weightedAverageShsOutDil": 1112000000,
    "link": "https://www.sec.gov/Archives/edgar/data/60667/000006066713000045/0000060667-13-000045-index.htm",
    "finalLink": "https://www.sec.gov/Archives/edgar/data/60667/000006066713000045/lowesform10k.htm"
  },
  {
    "date": "2012-11-02",
    "symbol": "LOW",
    "reportedCurrency": "USD",
    "cik": "0000060667",
    "fillingDate": "2012-12-04",
    "acceptedDate": "2012-12-04 16:23:50",
    "calendarYear": "2012",
    "period": "Q3",
    "revenue": 12073000000,
    "costOfRevenue": 8589000000,
    "grossProfit": 4564000000,
    "grossProfitRatio": 0.3780336288,
    "researchAndDevelopmentExpenses": 0,
    "generalAndAdministrativeExpenses": 3023000000,
    "sellingAndMarketingExpenses": 218000000,
    "sellingGeneralAndAdministrativeExpenses": 3241000000,
    "otherExpenses": 373000000,
    "operatingExpenses": 3394000000,
    "costAndExpenses": 11324000000,
    "interestIncome": 3000000,
    "interestExpense": 117000000,
    "depreciationAndAmortization": 396000000,
    "ebitda": 1148000000,
    "ebitdaratio": 0.0950882134,
    "operatingIncome": 799000000,
    "operatingIncomeRatio": 0.0661807339,
    "totalOtherIncomeExpensesNet": -114000000,
    "incomeBeforeTax": 635000000,
    "incomeBeforeTaxRatio": 0.0525967034,
    "incomeTaxExpense": 239000000,
    "netIncome": 396000000,
    "netIncomeRatio": 0.0328004638,
    "eps": 0.35,
    "epsdiluted": 0.35,
    "weightedAverageShsOut": 1126000000,
    "weightedAverageShsOutDil": 1128000000,
    "link": "https://www.sec.gov/Archives/edgar/data/60667/000006066712000220/0000060667-12-000220-index.htm",
    "finalLink": "https://www.sec.gov/Archives/edgar/data/60667/000006066712000220/lowesform10q.htm"
  },
  {
    "date": "2012-08-03",
    "symbol": "LOW",
    "reportedCurrency": "USD",
    "cik": "0000060667",
    "fillingDate": "2012-09-04",
    "acceptedDate": "2012-09-04 15:22:13",
    "calendarYear": "2012",
    "period": "Q2",
    "revenue": 14249000000,
    "costOfRevenue": 9415000000,
    "grossProfit": 4834000000,
    "grossProfitRatio": 0.3392518773,
    "researchAndDevelopmentExpenses": 0,
    "generalAndAdministrativeExpenses": 3172000000,
    "sellingAndMarketingExpenses": 0,
    "sellingGeneralAndAdministrativeExpenses": 3172000000,
    "otherExpenses": 369000000,
    "operatingExpenses": 3541000000,
    "costAndExpenses": 12956000000,
    "interestIncome": 3000000,
    "interestExpense": 99000000,
    "depreciationAndAmortization": 393000000,
    "ebitda": 1689000000,
    "ebitdaratio": 0.118534634,
    "operatingIncome": 1293000000,
    "operatingIncomeRatio": 0.09074321,
    "totalOtherIncomeExpensesNet": -96000000,
    "incomeBeforeTax": 1197000000,
    "incomeBeforeTaxRatio": 0.0840058952,
    "incomeTaxExpense": 450000000,
    "netIncome": 747000000,
    "netIncomeRatio": 0.0524247316,
    "eps": 0.64,
    "epsdiluted": 0.64,
    "weightedAverageShsOut": 1157000000,
    "weightedAverageShsOutDil": 1159000000,
    "link": "https://www.sec.gov/Archives/edgar/data/60667/000006066712000176/0000060667-12-000176-index.htm",
    "finalLink": "https://www.sec.gov/Archives/edgar/data/60667/000006066712000176/lowesform10q.htm"
  },
  {
    "date": "2012-05-04",
    "symbol": "LOW",
    "reportedCurrency": "USD",
    "cik": "0000060667",
    "fillingDate": "2012-06-06",
    "acceptedDate": "2012-06-05 19:09:23",
    "calendarYear": "2012",
    "period": "Q1",
    "revenue": 13153000000,
    "costOfRevenue": 7930000000,
    "grossProfit": 4143000000,
    "grossProfitRatio": 0.3149851745,
    "researchAndDevelopmentExpenses": 0,
    "generalAndAdministrativeExpenses": 3241000000,
    "sellingAndMarketingExpenses": 0,
    "sellingGeneralAndAdministrativeExpenses": 3241000000,
    "otherExpenses": 371000000,
    "operatingExpenses": 3611000000,
    "costAndExpenses": 12200000000,
    "interestIncome": 2000000,
    "interestExpense": 105000000,
    "depreciationAndAmortization": 396000000,
    "ebitda": 1351000000,
    "ebitdaratio": 0.1027142097,
    "operatingIncome": 953000000,
    "operatingIncomeRatio": 0.0724549532,
    "totalOtherIncomeExpensesNet": -103000000,
    "incomeBeforeTax": 850000000,
    "incomeBeforeTaxRatio": 0.0646240401,
    "incomeTaxExpense": 323000000,
    "netIncome": 527000000,
    "netIncomeRatio": 0.0400669049,
    "eps": 0.43,
    "epsdiluted": 0.43,
    "weightedAverageShsOut": 1206000000,
    "weightedAverageShsOutDil": 1208000000,
    "link": "https://www.sec.gov/Archives/edgar/data/60667/000006066712000149/0000060667-12-000149-index.htm",
    "finalLink": "https://www.sec.gov/Archives/edgar/data/60667/000006066712000149/lowesform10q.htm"
  },
  {
    "date": "2012-02-03",
    "symbol": "LOW",
    "reportedCurrency": "USD",
    "cik": "0000060667",
    "fillingDate": "2012-04-02",
    "acceptedDate": "2012-04-02 16:59:25",
    "calendarYear": "2011",
    "period": "Q4",
    "revenue": 11629000000,
    "costOfRevenue": 7650000000,
    "grossProfit": 3979000000,
    "grossProfitRatio": 0.3421618368,
    "researchAndDevelopmentExpenses": 0,
    "generalAndAdministrativeExpenses": 3009000000,
    "sellingAndMarketingExpenses": 1000000,
    "sellingGeneralAndAdministrativeExpenses": 3010000000,
    "otherExpenses": 382000000,
    "operatingExpenses": 3392000000,
    "costAndExpenses": 11042000000,
    "interestIncome": 2000000,
    "interestExpense": 91000000,
    "depreciationAndAmortization": 408000000,
    "ebitda": 984000000,
    "ebitdaratio": 0.0846160461,
    "operatingIncome": 587000000,
    "operatingIncomeRatio": 0.0504772551,
    "totalOtherIncomeExpensesNet": -4000000,
    "incomeBeforeTax": 485000000,
    "incomeBeforeTaxRatio": 0.0417060796,
    "incomeTaxExpense": 163000000,
    "netIncome": 322000000,
    "netIncomeRatio": 0.0276893972,
    "eps": 0.26,
    "epsdiluted": 0.26,
    "weightedAverageShsOut": 1235000000,
    "weightedAverageShsOutDil": 1241000000,
    "link": "https://www.sec.gov/Archives/edgar/data/60667/000006066712000096/0000060667-12-000096-index.htm",
    "finalLink": "https://www.sec.gov/Archives/edgar/data/60667/000006066712000096/lowesform10k02032012.htm"
  },
  {
    "date": "2011-10-28",
    "symbol": "LOW",
    "reportedCurrency": "USD",
    "cik": "0000060667",
    "fillingDate": "2011-12-01",
    "acceptedDate": "2011-12-01 17:05:18",
    "calendarYear": "2011",
    "period": "Q3",
    "revenue": 11852000000,
    "costOfRevenue": 7866000000,
    "grossProfit": 4319000000,
    "grossProfitRatio": 0.3644110699,
    "researchAndDevelopmentExpenses": 0,
    "generalAndAdministrativeExpenses": 3233000000,
    "sellingAndMarketingExpenses": 0,
    "sellingGeneralAndAdministrativeExpenses": 3233000000,
    "otherExpenses": 371000000,
    "operatingExpenses": 3594000000,
    "costAndExpenses": 11409000000,
    "interestIncome": 3000000,
    "interestExpense": 94000000,
    "depreciationAndAmortization": 385000000,
    "ebitda": 831000000,
    "ebitdaratio": 0.0701147486,
    "operatingIncome": 443000000,
    "operatingIncomeRatio": 0.0373776578,
    "totalOtherIncomeExpensesNet": -91000000,
    "incomeBeforeTax": 352000000,
    "incomeBeforeTaxRatio": 0.0296996288,
    "incomeTaxExpense": 127000000,
    "netIncome": 225000000,
    "netIncomeRatio": 0.0189841377,
    "eps": 0.18,
    "epsdiluted": 0.18,
    "weightedAverageShsOut": 1250000000,
    "weightedAverageShsOutDil": 1252000000,
    "link": "https://www.sec.gov/Archives/edgar/data/60667/000006066711000187/0000060667-11-000187-index.htm",
    "finalLink": "https://www.sec.gov/Archives/edgar/data/60667/000006066711000187/lowesform10q10282011.htm"
  },
  {
    "date": "2011-07-29",
    "symbol": "LOW",
    "reportedCurrency": "USD",
    "cik": "0000060667",
    "fillingDate": "2011-08-30",
    "acceptedDate": "2011-08-30 16:09:15",
    "calendarYear": "2011",
    "period": "Q2",
    "revenue": 14543000000,
    "costOfRevenue": 9527000000,
    "grossProfit": 5016000000,
    "grossProfitRatio": 0.3449082033,
    "researchAndDevelopmentExpenses": 0,
    "generalAndAdministrativeExpenses": 3232000000,
    "sellingAndMarketingExpenses": 0,
    "sellingGeneralAndAdministrativeExpenses": 3232000000,
    "otherExpenses": 365000000,
    "operatingExpenses": 3597000000,
    "costAndExpenses": 13124000000,
    "interestIncome": 3000000,
    "interestExpense": 93000000,
    "depreciationAndAmortization": 389000000,
    "ebitda": 1808000000,
    "ebitdaratio": 0.1243209792,
    "operatingIncome": 1419000000,
    "operatingIncomeRatio": 0.0975727154,
    "totalOtherIncomeExpensesNet": -90000000,
    "incomeBeforeTax": 1329000000,
    "incomeBeforeTaxRatio": 0.0913841711,
    "incomeTaxExpense": 499000000,
    "netIncome": 830000000,
    "netIncomeRatio": 0.0570721309,
    "eps": 0.65,
    "epsdiluted": 0.64,
    "weightedAverageShsOut": 1275000000,
    "weightedAverageShsOutDil": 1278000000,
    "link": "https://www.sec.gov/Archives/edgar/data/60667/000006066711000161/0000060667-11-000161-index.htm",
    "finalLink": "https://www.sec.gov/Archives/edgar/data/60667/000006066711000161/lowesform10q07292011.htm"
  },
  {
    "date": "2011-04-29",
    "symbol": "LOW",
    "reportedCurrency": "USD",
    "cik": "0000060667",
    "fillingDate": "2011-05-31",
    "acceptedDate": "2011-05-31 17:19:35",
    "calendarYear": "2011",
    "period": "Q1",
    "revenue": 12185000000,
    "costOfRevenue": 7815000000,
    "grossProfit": 4037000000,
    "grossProfitRatio": 0.3313089865,
    "researchAndDevelopmentExpenses": 0,
    "generalAndAdministrativeExpenses": 3120000000,
    "sellingAndMarketingExpenses": 0,
    "sellingGeneralAndAdministrativeExpenses": 3120000000,
    "otherExpenses": 373000000,
    "operatingExpenses": 3491000000,
    "costAndExpenses": 11357000000,
    "interestIncome": 3000000,
    "interestExpense": 89000000,
    "depreciationAndAmortization": 397000000,
    "ebitda": 1226000000,
    "ebitdaratio": 0.1006155109,
    "operatingIncome": 826000000,
    "operatingIncomeRatio": 0.0677882643,
    "totalOtherIncomeExpensesNet": -86000000,
    "incomeBeforeTax": 740000000,
    "incomeBeforeTaxRatio": 0.0607304062,
    "incomeTaxExpense": 279000000,
    "netIncome": 461000000,
    "netIncomeRatio": 0.0378334017,
    "eps": 0.35,
    "epsdiluted": 0.34,
    "weightedAverageShsOut": 1324000000,
    "weightedAverageShsOutDil": 1328000000,
    "link": "https://www.sec.gov/Archives/edgar/data/60667/000006066711000115/0000060667-11-000115-index.htm",
    "finalLink": "https://www.sec.gov/Archives/edgar/data/60667/000006066711000115/lowesform10q04292011.htm"
  },
  {
    "date": "2011-01-28",
    "symbol": "LOW",
    "reportedCurrency": "USD",
    "cik": "0000060667",
    "fillingDate": "2011-03-29",
    "acceptedDate": "2011-03-29 08:26:52",
    "calendarYear": "2010",
    "period": "Q4",
    "revenue": 10480000000,
    "costOfRevenue": 6754000000,
    "grossProfit": 3726000000,
    "grossProfitRatio": 0.3555343511,
    "researchAndDevelopmentExpenses": 0,
    "generalAndAdministrativeExpenses": 2792000000,
    "sellingAndMarketingExpenses": 0,
    "sellingGeneralAndAdministrativeExpenses": 2792000000,
    "otherExpenses": 392000000,
    "operatingExpenses": 3184000000,
    "costAndExpenses": 9938000000,
    "interestIncome": 0,
    "interestExpense": 78000000,
    "depreciationAndAmortization": 412000000,
    "ebitda": 946000000,
    "ebitdaratio": 0.0902671756,
    "operatingIncome": 542000000,
    "operatingIncomeRatio": 0.0517175573,
    "totalOtherIncomeExpensesNet": 122000000,
    "incomeBeforeTax": 456000000,
    "incomeBeforeTaxRatio": 0.0435114504,
    "incomeTaxExpense": 171000000,
    "netIncome": 285000000,
    "netIncomeRatio": 0.0271946565,
    "eps": 0.21,
    "epsdiluted": 0.21,
    "weightedAverageShsOut": 1359000000,
    "weightedAverageShsOutDil": 1361000000,
    "link": "https://www.sec.gov/Archives/edgar/data/60667/000006066711000061/0000060667-11-000061-index.htm",
    "finalLink": "https://www.sec.gov/Archives/edgar/data/60667/000006066711000061/lowesform10k01282011.htm"
  },
  {
    "date": "2010-10-29",
    "symbol": "LOW",
    "reportedCurrency": "USD",
    "cik": "0000060667",
    "fillingDate": "2010-12-01",
    "acceptedDate": "2010-12-01 14:02:12",
    "calendarYear": "2010",
    "period": "Q3",
    "revenue": 11587000000,
    "costOfRevenue": 8030000000,
    "grossProfit": 4358000000,
    "grossProfitRatio": 0.3761111591,
    "researchAndDevelopmentExpenses": 0,
    "generalAndAdministrativeExpenses": 2931000000,
    "sellingAndMarketingExpenses": 0,
    "sellingGeneralAndAdministrativeExpenses": 2931000000,
    "otherExpenses": 397000000,
    "operatingExpenses": 3330000000,
    "costAndExpenses": 10856000000,
    "interestIncome": 3000000,
    "interestExpense": 88000000,
    "depreciationAndAmortization": 424000000,
    "ebitda": 1163000000,
    "ebitdaratio": 0.1003711055,
    "operatingIncome": 731000000,
    "operatingIncomeRatio": 0.0630879434,
    "totalOtherIncomeExpensesNet": -80000000,
    "incomeBeforeTax": 651000000,
    "incomeBeforeTaxRatio": 0.0561836541,
    "incomeTaxExpense": 247000000,
    "netIncome": 404000000,
    "netIncomeRatio": 0.0348666609,
    "eps": 0.29,
    "epsdiluted": 0.29,
    "weightedAverageShsOut": 1390000000,
    "weightedAverageShsOutDil": 1392000000,
    "link": "https://www.sec.gov/Archives/edgar/data/60667/000006066710000184/0000060667-10-000184-index.htm",
    "finalLink": "https://www.sec.gov/Archives/edgar/data/60667/000006066710000184/lowesform10q10292010.htm"
  },
  {
    "date": "2010-07-30",
    "symbol": "LOW",
    "reportedCurrency": "USD",
    "cik": "0000060667",
    "fillingDate": "2010-08-31",
    "acceptedDate": "2010-08-31 16:33:17",
    "calendarYear": "2010",
    "period": "Q2",
    "revenue": 14361000000,
    "costOfRevenue": 9355000000,
    "grossProfit": 5006000000,
    "grossProfitRatio": 0.3485829678,
    "researchAndDevelopmentExpenses": 0,
    "generalAndAdministrativeExpenses": 3189000000,
    "sellingAndMarketingExpenses": 0,
    "sellingGeneralAndAdministrativeExpenses": 3189000000,
    "otherExpenses": 398000000,
    "operatingExpenses": 3587000000,
    "costAndExpenses": 12942000000,
    "interestIncome": 5000000,
    "interestExpense": 89000000,
    "depreciationAndAmortization": 424000000,
    "ebitda": 1848000000,
    "ebitdaratio": 0.1286818467,
    "operatingIncome": 1419000000,
    "operatingIncomeRatio": 0.0988092751,
    "totalOtherIncomeExpensesNet": -84000000,
    "incomeBeforeTax": 1335000000,
    "incomeBeforeTaxRatio": 0.0929601003,
    "incomeTaxExpense": 503000000,
    "netIncome": 832000000,
    "netIncomeRatio": 0.0579346842,
    "eps": 0.58,
    "epsdiluted": 0.58,
    "weightedAverageShsOut": 1417000000,
    "weightedAverageShsOutDil": 1419000000,
    "link": "https://www.sec.gov/Archives/edgar/data/60667/000006066710000159/0000060667-10-000159-index.htm",
    "finalLink": "https://www.sec.gov/Archives/edgar/data/60667/000006066710000159/lowesform10q07302010.htm"
  },
  {
    "date": "2010-04-30",
    "symbol": "LOW",
    "reportedCurrency": "USD",
    "cik": "0000060667",
    "fillingDate": "2010-06-02",
    "acceptedDate": "2010-06-01 18:03:38",
    "calendarYear": "2010",
    "period": "Q1",
    "revenue": 12388000000,
    "costOfRevenue": 7526000000,
    "grossProfit": 4061000000,
    "grossProfitRatio": 0.3278172425,
    "researchAndDevelopmentExpenses": 0,
    "generalAndAdministrativeExpenses": 0,
    "sellingAndMarketingExpenses": 0,
    "sellingGeneralAndAdministrativeExpenses": 3093000000,
    "otherExpenses": 399000000,
    "operatingExpenses": 3490000000,
    "costAndExpenses": 11123000000,
    "interestIncome": 2000000,
    "interestExpense": 87000000,
    "depreciationAndAmortization": 424000000,
    "ebitda": 1297000000,
    "ebitdaratio": 0.1046980949,
    "operatingIncome": 868000000,
    "operatingIncomeRatio": 0.0700678076,
    "totalOtherIncomeExpensesNet": -82000000,
    "incomeBeforeTax": 786000000,
    "incomeBeforeTaxRatio": 0.0634484985,
    "incomeTaxExpense": 297000000,
    "netIncome": 489000000,
    "netIncomeRatio": 0.0394736842,
    "eps": 0.34,
    "epsdiluted": 0.34,
    "weightedAverageShsOut": 1438000000,
    "weightedAverageShsOutDil": 1441000000,
    "link": "https://www.sec.gov/Archives/edgar/data/60667/000006066710000102/0000060667-10-000102-index.htm",
    "finalLink": "https://www.sec.gov/Archives/edgar/data/60667/000006066710000102/lowesform10q04302010.htm"
  },
  {
    "date": "2010-01-29",
    "symbol": "LOW",
    "reportedCurrency": "USD",
    "cik": "0000060667",
    "fillingDate": "2010-03-30",
    "acceptedDate": "2010-03-30 17:28:54",
    "calendarYear": "2009",
    "period": "Q4",
    "revenue": 10168000000,
    "costOfRevenue": 6614000000,
    "grossProfit": 3554000000,
    "grossProfitRatio": 0.3495279308,
    "researchAndDevelopmentExpenses": 0,
    "generalAndAdministrativeExpenses": 2775000000,
    "sellingAndMarketingExpenses": 23000000,
    "sellingGeneralAndAdministrativeExpenses": 2813000000,
    "otherExpenses": 402000000,
    "operatingExpenses": 3215000000,
    "costAndExpenses": 9829000000,
    "interestIncome": 4000000,
    "interestExpense": 60000000,
    "depreciationAndAmortization": 430000000,
    "ebitda": 811000000,
    "ebitdaratio": 0.0797600315,
    "operatingIncome": 339000000,
    "operatingIncomeRatio": 0.0333398899,
    "totalOtherIncomeExpensesNet": -18000000,
    "incomeBeforeTax": 321000000,
    "incomeBeforeTaxRatio": 0.0315696302,
    "incomeTaxExpense": 116000000,
    "netIncome": 205000000,
    "netIncomeRatio": 0.0201612903,
    "eps": -1.08,
    "epsdiluted": 0.14,
    "weightedAverageShsOut": 1456000000,
    "weightedAverageShsOutDil": 1458000000,
    "link": "https://www.sec.gov/Archives/edgar/data/60667/000006066710000059/0000060667-10-000059-index.htm",
    "finalLink": "https://www.sec.gov/Archives/edgar/data/60667/000006066710000059/lowesform10k01292010.htm"
  },
  {
    "date": "2009-10-30",
    "symbol": "LOW",
    "reportedCurrency": "USD",
    "cik": "0000060667",
    "fillingDate": "2009-12-01",
    "acceptedDate": "2009-12-01 16:40:03",
    "calendarYear": "2009",
    "period": "Q3",
    "revenue": 11375000000,
    "costOfRevenue": 7485000000,
    "grossProfit": 4196000000,
    "grossProfitRatio": 0.3688791209,
    "researchAndDevelopmentExpenses": 0,
    "generalAndAdministrativeExpenses": 2882000000,
    "sellingAndMarketingExpenses": 62000000,
    "sellingGeneralAndAdministrativeExpenses": 2872000000,
    "otherExpenses": 401000000,
    "operatingExpenses": 3275000000,
    "costAndExpenses": 10760000000,
    "interestIncome": 4000000,
    "interestExpense": 85000000,
    "depreciationAndAmortization": 433000000,
    "ebitda": 1046000000,
    "ebitdaratio": 0.091956044,
    "operatingIncome": 605000000,
    "operatingIncomeRatio": 0.0531868132,
    "totalOtherIncomeExpensesNet": -77000000,
    "incomeBeforeTax": 528000000,
    "incomeBeforeTaxRatio": 0.0464175824,
    "incomeTaxExpense": 184000000,
    "netIncome": 344000000,
    "netIncomeRatio": 0.0302417582,
    "eps": 0.23,
    "epsdiluted": 0.23,
    "weightedAverageShsOut": 1466000000,
    "weightedAverageShsOutDil": 1469000000,
    "link": "https://www.sec.gov/Archives/edgar/data/60667/000006066709000160/0000060667-09-000160-index.htm",
    "finalLink": "https://www.sec.gov/Archives/edgar/data/60667/000006066709000160/lowesform10q10302009.htm"
  },
  {
    "date": "2009-07-31",
    "symbol": "LOW",
    "reportedCurrency": "USD",
    "cik": "0000060667",
    "fillingDate": "2009-09-01",
    "acceptedDate": "2009-09-01 17:09:07",
    "calendarYear": "2009",
    "period": "Q2",
    "revenue": 13844000000,
    "costOfRevenue": 9021000000,
    "grossProfit": 4823000000,
    "grossProfitRatio": 0.3483819705,
    "researchAndDevelopmentExpenses": 0,
    "generalAndAdministrativeExpenses": 0,
    "sellingAndMarketingExpenses": 0,
    "sellingGeneralAndAdministrativeExpenses": 3109000000,
    "otherExpenses": 408000000,
    "operatingExpenses": 3517000000,
    "costAndExpenses": 12538000000,
    "interestIncome": 5000000,
    "interestExpense": 81000000,
    "depreciationAndAmortization": 436000000,
    "ebitda": 1733000000,
    "ebitdaratio": 0.1251805836,
    "operatingIncome": 1292000000,
    "operatingIncomeRatio": 0.0933256284,
    "totalOtherIncomeExpensesNet": -76000000,
    "incomeBeforeTax": 1216000000,
    "incomeBeforeTaxRatio": 0.0878358856,
    "incomeTaxExpense": 457000000,
    "netIncome": 759000000,
    "netIncomeRatio": 0.054825195,
    "eps": 0.51,
    "epsdiluted": 0.51,
    "weightedAverageShsOut": 1464000000,
    "weightedAverageShsOutDil": 1466000000,
    "link": "https://www.sec.gov/Archives/edgar/data/60667/000006066709000096/0000060667-09-000096-index.htm",
    "finalLink": "https://www.sec.gov/Archives/edgar/data/60667/000006066709000096/lowesform10q7312009.htm"
  },
  {
    "date": "2009-05-01",
    "symbol": "LOW",
    "reportedCurrency": "USD",
    "cik": "0000060667",
    "fillingDate": "2009-06-01",
    "acceptedDate": "2009-06-01 15:35:52",
    "calendarYear": "2009",
    "period": "Q1",
    "revenue": 11832000000,
    "costOfRevenue": 7636000000,
    "grossProfit": 3890000000,
    "grossProfitRatio": 0.3287694388,
    "researchAndDevelopmentExpenses": 0,
    "generalAndAdministrativeExpenses": 2957000000,
    "sellingAndMarketingExpenses": -85000000,
    "sellingGeneralAndAdministrativeExpenses": 2944000000,
    "otherExpenses": 403000000,
    "operatingExpenses": 3345000000,
    "costAndExpenses": 10981000000,
    "interestIncome": 5000000,
    "interestExpense": 83000000,
    "depreciationAndAmortization": 434000000,
    "ebitda": 1277000000,
    "ebitdaratio": 0.1079276538,
    "operatingIncome": 838000000,
    "operatingIncomeRatio": 0.0708248817,
    "totalOtherIncomeExpensesNet": -78000000,
    "incomeBeforeTax": 760000000,
    "incomeBeforeTaxRatio": 0.0642325896,
    "incomeTaxExpense": 284000000,
    "netIncome": 476000000,
    "netIncomeRatio": 0.0402298851,
    "eps": 0.32,
    "epsdiluted": 0.32,
    "weightedAverageShsOut": 1462000000,
    "weightedAverageShsOutDil": 1464000000,
    "link": "https://www.sec.gov/Archives/edgar/data/60667/000006066709000048/0000060667-09-000048-index.htm",
    "finalLink": "https://www.sec.gov/Archives/edgar/data/60667/000006066709000048/lowesform10q5012009.htm"
  },
  {
    "date": "2009-01-30",
    "symbol": "LOW",
    "reportedCurrency": "USD",
    "cik": "0000060667",
    "fillingDate": "2009-03-31",
    "acceptedDate": "2009-03-31 16:34:00",
    "calendarYear": "2008",
    "period": "Q4",
    "revenue": 9984000000,
    "costOfRevenue": 6616000000,
    "grossProfit": 3368000000,
    "grossProfitRatio": 0.3373397436,
    "researchAndDevelopmentExpenses": 0,
    "generalAndAdministrativeExpenses": 2641000000,
    "sellingAndMarketingExpenses": 1000000,
    "sellingGeneralAndAdministrativeExpenses": 2642000000,
    "otherExpenses": 397000000,
    "operatingExpenses": 3039000000,
    "costAndExpenses": 9655000000,
    "interestIncome": 0,
    "interestExpense": 0,
    "depreciationAndAmortization": 435000000,
    "ebitda": 764000000,
    "ebitdaratio": 0.0765224359,
    "operatingIncome": 329000000,
    "operatingIncomeRatio": 0.0329527244,
    "totalOtherIncomeExpensesNet": -70000000,
    "incomeBeforeTax": 259000000,
    "incomeBeforeTaxRatio": 0.0259415064,
    "incomeTaxExpense": 97000000,
    "netIncome": 162000000,
    "netIncomeRatio": 0.0162259615,
    "eps": 0.11,
    "epsdiluted": 0.11,
    "weightedAverageShsOut": 1460000000,
    "weightedAverageShsOutDil": 1463000000,
    "link": "https://www.sec.gov/Archives/edgar/data/60667/000006066709000036/0000060667-09-000036-index.htm",
    "finalLink": "https://www.sec.gov/Archives/edgar/data/60667/000006066709000036/lowesform10k01302009.htm"
  },
  {
    "date": "2008-10-31",
    "symbol": "LOW",
    "reportedCurrency": "USD",
    "cik": "0000060667",
    "fillingDate": "2008-12-02",
    "acceptedDate": "2008-12-02 16:51:13",
    "calendarYear": "2008",
    "period": "Q3",
    "revenue": 12009000000,
    "costOfRevenue": 7843000000,
    "grossProfit": 4166000000,
    "grossProfitRatio": 0.3469064868,
    "researchAndDevelopmentExpenses": 0,
    "generalAndAdministrativeExpenses": 0,
    "sellingAndMarketingExpenses": 0,
    "sellingGeneralAndAdministrativeExpenses": 2743000000,
    "otherExpenses": 416000000,
    "operatingExpenses": 3142000000,
    "costAndExpenses": 10885000000,
    "interestIncome": 11000000,
    "interestExpense": 76000000,
    "depreciationAndAmortization": 416000000,
    "ebitda": 1270000000,
    "ebitdaratio": 0.1057540178,
    "operatingIncome": 1124000000,
    "operatingIncomeRatio": 0.0935964693,
    "totalOtherIncomeExpensesNet": -346000000,
    "incomeBeforeTax": 778000000,
    "incomeBeforeTaxRatio": 0.0647847448,
    "incomeTaxExpense": 290000000,
    "netIncome": 488000000,
    "netIncomeRatio": 0.0406361895,
    "eps": 0.33,
    "epsdiluted": 0.33,
    "weightedAverageShsOut": 1459000000,
    "weightedAverageShsOutDil": 1461000000,
    "link": "https://www.sec.gov/Archives/edgar/data/60667/000006066708000155/0000060667-08-000155-index.htm",
    "finalLink": "https://www.sec.gov/Archives/edgar/data/60667/000006066708000155/lowesform10q10312008.htm"
  },
  {
    "date": "2008-08-01",
    "symbol": "LOW",
    "reportedCurrency": "USD",
    "cik": "0000060667",
    "fillingDate": "2008-09-03",
    "acceptedDate": "2008-09-03 17:17:27",
    "calendarYear": "2008",
    "period": "Q2",
    "revenue": 14509000000,
    "costOfRevenue": 9527000000,
    "grossProfit": 4982000000,
    "grossProfitRatio": 0.3433730788,
    "researchAndDevelopmentExpenses": 0,
    "generalAndAdministrativeExpenses": 3035000000,
    "sellingAndMarketingExpenses": 0,
    "sellingGeneralAndAdministrativeExpenses": 3035000000,
    "otherExpenses": 381000000,
    "operatingExpenses": 3416000000,
    "costAndExpenses": 12943000000,
    "interestIncome": 12000000,
    "interestExpense": 81000000,
    "depreciationAndAmortization": 412000000,
    "ebitda": 1990000000,
    "ebitdaratio": 0.1371562478,
    "operatingIncome": 1566000000,
    "operatingIncomeRatio": 0.1079330071,
    "totalOtherIncomeExpensesNet": -69000000,
    "incomeBeforeTax": 1497000000,
    "incomeBeforeTaxRatio": 0.1031773382,
    "incomeTaxExpense": 559000000,
    "netIncome": 938000000,
    "netIncomeRatio": 0.0646495279,
    "eps": 0.64,
    "epsdiluted": 0.63,
    "weightedAverageShsOut": 1455000000,
    "weightedAverageShsOutDil": 1470000000,
    "link": "https://www.sec.gov/Archives/edgar/data/60667/000006066708000135/0000060667-08-000135-index.htm",
    "finalLink": "https://www.sec.gov/Archives/edgar/data/60667/000006066708000135/lowesform10q08012008.htm"
  },
  {
    "date": "2008-05-02",
    "symbol": "LOW",
    "reportedCurrency": "USD",
    "cik": "0000060667",
    "fillingDate": "2008-06-04",
    "acceptedDate": "2008-06-04 16:59:22",
    "calendarYear": "2008",
    "period": "Q1",
    "revenue": 11728000000,
    "costOfRevenue": 7743000000,
    "grossProfit": 3985000000,
    "grossProfitRatio": 0.3397851296,
    "researchAndDevelopmentExpenses": 0,
    "generalAndAdministrativeExpenses": 2743000000,
    "sellingAndMarketingExpenses": 14000000,
    "sellingGeneralAndAdministrativeExpenses": 2725000000,
    "otherExpenses": 385000000,
    "operatingExpenses": 3118000000,
    "costAndExpenses": 10961000000,
    "interestIncome": 9000000,
    "interestExpense": 85000000,
    "depreciationAndAmortization": 404000000,
    "ebitda": 1461000000,
    "ebitdaratio": 0.1245736698,
    "operatingIncome": 1048000000,
    "operatingIncomeRatio": 0.0893587995,
    "totalOtherIncomeExpensesNet": -76000000,
    "incomeBeforeTax": 972000000,
    "incomeBeforeTaxRatio": 0.0828785812,
    "incomeTaxExpense": 365000000,
    "netIncome": 607000000,
    "netIncomeRatio": 0.0517564802,
    "eps": 0.42,
    "epsdiluted": 0.41,
    "weightedAverageShsOut": 1454000000,
    "weightedAverageShsOutDil": 1477000000,
    "link": "https://www.sec.gov/Archives/edgar/data/60667/000006066708000093/0000060667-08-000093-index.htm",
    "finalLink": "https://www.sec.gov/Archives/edgar/data/60667/000006066708000093/lowesform10q05022008.htm"
  },
  {
    "date": "2008-02-01",
    "symbol": "LOW",
    "reportedCurrency": "USD",
    "cik": "0000060667",
    "fillingDate": "2008-04-01",
    "acceptedDate": "2008-04-01 17:02:10",
    "calendarYear": "2007",
    "period": "Q4",
    "revenue": 10379000000,
    "costOfRevenue": 6758000000,
    "grossProfit": 3621000000,
    "grossProfitRatio": 0.3488775412,
    "researchAndDevelopmentExpenses": 0,
    "generalAndAdministrativeExpenses": 2550000000,
    "sellingAndMarketingExpenses": 1000000,
    "sellingGeneralAndAdministrativeExpenses": 2551000000,
    "otherExpenses": 371000000,
    "operatingExpenses": 2922000000,
    "costAndExpenses": 9680000000,
    "interestIncome": 0,
    "interestExpense": 0,
    "depreciationAndAmortization": 395000000,
    "ebitda": 1094000000,
    "ebitdaratio": 0.105405145,
    "operatingIncome": 699000000,
    "operatingIncomeRatio": 0.0673475287,
    "totalOtherIncomeExpensesNet": -46000000,
    "incomeBeforeTax": 653000000,
    "incomeBeforeTaxRatio": 0.0629155025,
    "incomeTaxExpense": 245000000,
    "netIncome": 408000000,
    "netIncomeRatio": 0.0393101455,
    "eps": 0.28,
    "epsdiluted": 0.28,
    "weightedAverageShsOut": 1454000000,
    "weightedAverageShsOutDil": 1482000000,
    "link": "https://www.sec.gov/Archives/edgar/data/60667/000006066708000067/0000060667-08-000067-index.htm",
    "finalLink": "https://www.sec.gov/Archives/edgar/data/60667/000006066708000067/lowesform10k02012008.htm"
  },
  {
    "date": "2007-11-02",
    "symbol": "LOW",
    "reportedCurrency": "USD",
    "cik": "0000060667",
    "fillingDate": "2007-12-12",
    "acceptedDate": "2007-12-12 11:36:58",
    "calendarYear": "2007",
    "period": "Q3",
    "revenue": 12172000000,
    "costOfRevenue": 7913000000,
    "grossProfit": 4259000000,
    "grossProfitRatio": 0.3499014131,
    "researchAndDevelopmentExpenses": 0,
    "generalAndAdministrativeExpenses": 2544000000,
    "sellingAndMarketingExpenses": 153000000,
    "sellingGeneralAndAdministrativeExpenses": 2503000000,
    "otherExpenses": 323000000,
    "operatingExpenses": 2884000000,
    "costAndExpenses": 10485000000,
    "interestIncome": 0,
    "interestExpense": 0,
    "depreciationAndAmortization": 368000000,
    "ebitda": 1448000000,
    "ebitdaratio": 0.1189615511,
    "operatingIncome": 1080000000,
    "operatingIncomeRatio": 0.0887282287,
    "totalOtherIncomeExpensesNet": -50000000,
    "incomeBeforeTax": 1030000000,
    "incomeBeforeTaxRatio": 0.0846204404,
    "incomeTaxExpense": 387000000,
    "netIncome": 643000000,
    "netIncomeRatio": 0.0528261584,
    "eps": 0.44,
    "epsdiluted": 0.43,
    "weightedAverageShsOut": 1470000000,
    "weightedAverageShsOutDil": 1497000000,
    "link": "https://www.sec.gov/Archives/edgar/data/60667/000006066707000130/0000060667-07-000130-index.htm",
    "finalLink": "https://www.sec.gov/Archives/edgar/data/60667/000006066707000130/lowesform10q1122007.htm"
  },
  {
    "date": "2007-08-03",
    "symbol": "LOW",
    "reportedCurrency": "USD",
    "cik": "0000060667",
    "fillingDate": "2007-09-05",
    "acceptedDate": "2007-09-05 10:08:24",
    "calendarYear": "2007",
    "period": "Q2",
    "revenue": 14167000000,
    "costOfRevenue": 9284000000,
    "grossProfit": 4883000000,
    "grossProfitRatio": 0.344674243,
    "researchAndDevelopmentExpenses": 0,
    "generalAndAdministrativeExpenses": 2865000000,
    "sellingAndMarketingExpenses": 0,
    "sellingGeneralAndAdministrativeExpenses": 2865000000,
    "otherExpenses": 332000000,
    "operatingExpenses": 3197000000,
    "costAndExpenses": 12481000000,
    "interestIncome": 0,
    "interestExpense": 0,
    "depreciationAndAmortization": 356000000,
    "ebitda": 2042000000,
    "ebitdaratio": 0.144137785,
    "operatingIncome": 1686000000,
    "operatingIncomeRatio": 0.1190089645,
    "totalOtherIncomeExpensesNet": -50000000,
    "incomeBeforeTax": 1636000000,
    "incomeBeforeTaxRatio": 0.1154796358,
    "incomeTaxExpense": 617000000,
    "netIncome": 1019000000,
    "netIncomeRatio": 0.0719277193,
    "eps": 0.68,
    "epsdiluted": 0.67,
    "weightedAverageShsOut": 1490000000,
    "weightedAverageShsOutDil": 1518000000,
    "link": "https://www.sec.gov/Archives/edgar/data/60667/000006066707000106/0000060667-07-000106-index.htm",
    "finalLink": "https://www.sec.gov/Archives/edgar/data/60667/000006066707000106/lowesform10q832007.htm"
  },
  {
    "date": "2007-05-04",
    "symbol": "LOW",
    "reportedCurrency": "USD",
    "cik": "0000060667",
    "fillingDate": "2007-06-06",
    "acceptedDate": "2007-06-06 16:04:03",
    "calendarYear": "2007",
    "period": "Q1",
    "revenue": 11565000000,
    "costOfRevenue": 7601000000,
    "grossProfit": 3964000000,
    "grossProfitRatio": 0.3427583225,
    "researchAndDevelopmentExpenses": 0,
    "generalAndAdministrativeExpenses": 2697000000,
    "sellingAndMarketingExpenses": -153000000,
    "sellingGeneralAndAdministrativeExpenses": 2685000000,
    "otherExpenses": 340000000,
    "operatingExpenses": 3020000000,
    "costAndExpenses": 10933000000,
    "interestIncome": 0,
    "interestExpense": 0,
    "depreciationAndAmortization": 345000000,
    "ebitda": 1584000000,
    "ebitdaratio": 0.1369649805,
    "operatingIncome": 1239000000,
    "operatingIncomeRatio": 0.1071335927,
    "totalOtherIncomeExpensesNet": -47000000,
    "incomeBeforeTax": 1192000000,
    "incomeBeforeTaxRatio": 0.1030696066,
    "incomeTaxExpense": 453000000,
    "netIncome": 739000000,
    "netIncomeRatio": 0.0638996974,
    "eps": 0.49,
    "epsdiluted": 0.48,
    "weightedAverageShsOut": 1510000000,
    "weightedAverageShsOutDil": 1540000000,
    "link": "https://www.sec.gov/Archives/edgar/data/60667/000006066707000086/0000060667-07-000086-index.htm",
    "finalLink": "https://www.sec.gov/Archives/edgar/data/60667/000006066707000086/lowesform10q542007.htm"
  },
  {
    "date": "2007-02-02",
    "symbol": "LOW",
    "reportedCurrency": "USD",
    "cik": "0000060667",
    "fillingDate": "2007-04-03",
    "acceptedDate": "2007-04-03 15:41:22",
    "calendarYear": "2006",
    "period": "Q4",
    "revenue": 10405000000,
    "costOfRevenue": 6718000000,
    "grossProfit": 3687000000,
    "grossProfitRatio": 0.3543488707,
    "researchAndDevelopmentExpenses": 0,
    "generalAndAdministrativeExpenses": 2384000000,
    "sellingAndMarketingExpenses": -1000000,
    "sellingGeneralAndAdministrativeExpenses": 2383000000,
    "otherExpenses": 308000000,
    "operatingExpenses": 2691000000,
    "costAndExpenses": 9409000000,
    "interestIncome": 0,
    "interestExpense": 0,
    "depreciationAndAmortization": 330000000,
    "ebitda": 1326000000,
    "ebitdaratio": 0.1274387314,
    "operatingIncome": 996000000,
    "operatingIncomeRatio": 0.09572321,
    "totalOtherIncomeExpensesNet": -44000000,
    "incomeBeforeTax": 952000000,
    "incomeBeforeTaxRatio": 0.0914944738,
    "incomeTaxExpense": 339000000,
    "netIncome": 613000000,
    "netIncomeRatio": 0.0589139837,
    "eps": 0.4,
    "epsdiluted": 0.4,
    "weightedAverageShsOut": 1520000000,
    "weightedAverageShsOutDil": 1549000000,
    "link": "https://www.sec.gov/Archives/edgar/data/60667/000006066707000052/0000060667-07-000052-index.htm",
    "finalLink": "https://www.sec.gov/Archives/edgar/data/60667/000006066707000052/lowesform10k02022007.htm"
  },
  {
    "date": "2006-11-03",
    "symbol": "LOW",
    "reportedCurrency": "USD",
    "cik": "0000060667",
    "fillingDate": "2006-12-06",
    "acceptedDate": "2006-12-06 09:46:39",
    "calendarYear": "2006",
    "period": "Q3",
    "revenue": 11921000000,
    "costOfRevenue": 7752000000,
    "grossProfit": 4169000000,
    "grossProfitRatio": 0.3497189833,
    "researchAndDevelopmentExpenses": 0,
    "generalAndAdministrativeExpenses": 2364000000,
    "sellingAndMarketingExpenses": 0,
    "sellingGeneralAndAdministrativeExpenses": 2364000000,
    "otherExpenses": 274000000,
    "operatingExpenses": 2661000000,
    "costAndExpenses": 10007000000,
    "interestIncome": 0,
    "interestExpense": 0,
    "depreciationAndAmortization": 316000000,
    "ebitda": 1520000000,
    "ebitdaratio": 0.1275060817,
    "operatingIncome": 1204000000,
    "operatingIncomeRatio": 0.1009982384,
    "totalOtherIncomeExpensesNet": -45000000,
    "incomeBeforeTax": 1159000000,
    "incomeBeforeTaxRatio": 0.0972233873,
    "incomeTaxExpense": 443000000,
    "netIncome": 716000000,
    "netIncomeRatio": 0.0600620753,
    "eps": 0.47,
    "epsdiluted": 0.46,
    "weightedAverageShsOut": 1522000000,
    "weightedAverageShsOutDil": 1551000000,
    "link": "https://www.sec.gov/Archives/edgar/data/60667/000006066706000160/0000060667-06-000160-index.htm",
    "finalLink": "https://www.sec.gov/Archives/edgar/data/60667/000006066706000160/lowesform10q1132006.htm"
  },
  {
    "date": "2006-08-04",
    "symbol": "LOW",
    "reportedCurrency": "USD",
    "cik": "0000060667",
    "fillingDate": "2006-09-07",
    "acceptedDate": "2006-09-07 16:55:51",
    "calendarYear": "2006",
    "period": "Q2",
    "revenue": 13389000000,
    "costOfRevenue": 8911000000,
    "grossProfit": 4478000000,
    "grossProfitRatio": 0.334453656,
    "researchAndDevelopmentExpenses": 0,
    "generalAndAdministrativeExpenses": 2645000000,
    "sellingAndMarketingExpenses": 0,
    "sellingGeneralAndAdministrativeExpenses": 2645000000,
    "otherExpenses": 283000000,
    "operatingExpenses": 2928000000,
    "costAndExpenses": 11839000000,
    "interestIncome": 0,
    "interestExpense": 0,
    "depreciationAndAmortization": 301000000,
    "ebitda": 1851000000,
    "ebitdaratio": 0.1382478154,
    "operatingIncome": 1550000000,
    "operatingIncomeRatio": 0.1157666741,
    "totalOtherIncomeExpensesNet": -30000000,
    "incomeBeforeTax": 1520000000,
    "incomeBeforeTaxRatio": 0.1135260288,
    "incomeTaxExpense": 585000000,
    "netIncome": 935000000,
    "netIncomeRatio": 0.0698334454,
    "eps": 0.61,
    "epsdiluted": 0.6,
    "weightedAverageShsOut": 1541000000,
    "weightedAverageShsOutDil": 1571000000,
    "link": "https://www.sec.gov/Archives/edgar/data/60667/000006066706000139/0000060667-06-000139-index.htm",
    "finalLink": "https://www.sec.gov/Archives/edgar/data/60667/000006066706000139/lowesform10q842006.htm"
  },
  {
    "date": "2006-05-05",
    "symbol": "LOW",
    "reportedCurrency": "USD",
    "cik": "0000060667",
    "fillingDate": "2006-06-14",
    "acceptedDate": "2006-06-14 12:24:13",
    "calendarYear": "2006",
    "period": "Q1",
    "revenue": 11211000000,
    "costOfRevenue": 7346000000,
    "grossProfit": 3865000000,
    "grossProfitRatio": 0.3447506913,
    "researchAndDevelopmentExpenses": 0,
    "generalAndAdministrativeExpenses": 2492000000,
    "sellingAndMarketingExpenses": -128000000,
    "sellingGeneralAndAdministrativeExpenses": 2467000000,
    "otherExpenses": 274000000,
    "operatingExpenses": 2766000000,
    "costAndExpenses": 10518000000,
    "interestIncome": 0,
    "interestExpense": 0,
    "depreciationAndAmortization": 290000000,
    "ebitda": 1693000000,
    "ebitdaratio": 0.1510123985,
    "operatingIncome": 1403000000,
    "operatingIncomeRatio": 0.1251449469,
    "totalOtherIncomeExpensesNet": -35000000,
    "incomeBeforeTax": 1368000000,
    "incomeBeforeTaxRatio": 0.1220230131,
    "incomeTaxExpense": 527000000,
    "netIncome": 841000000,
    "netIncomeRatio": 0.0750156097,
    "eps": 0.54,
    "epsdiluted": 0.53,
    "weightedAverageShsOut": 1557000000,
    "weightedAverageShsOutDil": 1590000000,
    "link": "https://www.sec.gov/Archives/edgar/data/60667/000006066706000120/0000060667-06-000120-index.htm",
    "finalLink": "https://www.sec.gov/Archives/edgar/data/60667/000006066706000120/lowesform10q552006.htm"
  },
  {
    "date": "2006-02-03",
    "symbol": "LOW",
    "reportedCurrency": "USD",
    "cik": "0000060667",
    "fillingDate": "2006-04-07",
    "acceptedDate": "2006-04-06 20:18:41",
    "calendarYear": "2005",
    "period": "Q4",
    "revenue": 10808000000,
    "costOfRevenue": 7055000000,
    "grossProfit": 3753000000,
    "grossProfitRatio": 0.3472427831,
    "researchAndDevelopmentExpenses": 0,
    "generalAndAdministrativeExpenses": 2360000000,
    "sellingAndMarketingExpenses": 0,
    "sellingGeneralAndAdministrativeExpenses": 2360000000,
    "otherExpenses": 228000000,
    "operatingExpenses": 2588000000,
    "costAndExpenses": 9643000000,
    "interestIncome": 0,
    "interestExpense": 0,
    "depreciationAndAmortization": 280000000,
    "ebitda": 1445000000,
    "ebitdaratio": 0.1336972613,
    "operatingIncome": 1165000000,
    "operatingIncomeRatio": 0.1077905255,
    "totalOtherIncomeExpensesNet": -36000000,
    "incomeBeforeTax": 1129000000,
    "incomeBeforeTaxRatio": 0.1044596595,
    "incomeTaxExpense": 435000000,
    "netIncome": 694000000,
    "netIncomeRatio": 0.064211695,
    "eps": 0.43,
    "epsdiluted": 0.43,
    "weightedAverageShsOut": 1564000000,
    "weightedAverageShsOutDil": 1600000000,
    "link": "https://www.sec.gov/Archives/edgar/data/60667/000006066706000079/0000060667-06-000079-index.htm",
    "finalLink": "https://www.sec.gov/Archives/edgar/data/60667/000006066706000079/lowesform10k02032006.htm"
  },
  {
    "date": "2005-10-28",
    "symbol": "LOW",
    "reportedCurrency": "USD",
    "cik": "0000060667",
    "fillingDate": "2005-12-07",
    "acceptedDate": "2005-12-07 10:05:08",
    "calendarYear": "2005",
    "period": "Q3",
    "revenue": 10592000000,
    "costOfRevenue": 7012000000,
    "grossProfit": 3415000000,
    "grossProfitRatio": 0.322413142,
    "researchAndDevelopmentExpenses": 0,
    "generalAndAdministrativeExpenses": 2247000000,
    "sellingAndMarketingExpenses": 0,
    "sellingGeneralAndAdministrativeExpenses": 2247000000,
    "otherExpenses": 248000000,
    "operatingExpenses": 2504000000,
    "costAndExpenses": 9501000000,
    "interestIncome": 0,
    "interestExpense": 0,
    "depreciationAndAmortization": 266000000,
    "ebitda": 1357000000,
    "ebitdaratio": 0.1281155589,
    "operatingIncome": 1091000000,
    "operatingIncomeRatio": 0.1030022659,
    "totalOtherIncomeExpensesNet": -36000000,
    "incomeBeforeTax": 1055000000,
    "incomeBeforeTaxRatio": 0.0996034743,
    "incomeTaxExpense": 406000000,
    "netIncome": 649000000,
    "netIncomeRatio": 0.0612726586,
    "eps": 0.41,
    "epsdiluted": 0.4,
    "weightedAverageShsOut": 1560000000,
    "weightedAverageShsOutDil": 1608000000,
    "link": "https://www.sec.gov/Archives/edgar/data/60667/000006066705000272/0000060667-05-000272-index.htm",
    "finalLink": "https://www.sec.gov/Archives/edgar/data/60667/000006066705000272/lowesform10q10282005.htm"
  },
  {
    "date": "2005-07-29",
    "symbol": "LOW",
    "reportedCurrency": "USD",
    "cik": "0000060667",
    "fillingDate": "2005-09-01",
    "acceptedDate": "2005-09-01 17:31:01",
    "calendarYear": "2005",
    "period": "Q2",
    "revenue": 11929000000,
    "costOfRevenue": 7892000000,
    "grossProfit": 4037000000,
    "grossProfitRatio": 0.338418979,
    "researchAndDevelopmentExpenses": 0,
    "generalAndAdministrativeExpenses": 2388000000,
    "sellingAndMarketingExpenses": 0,
    "sellingGeneralAndAdministrativeExpenses": 2388000000,
    "otherExpenses": 247000000,
    "operatingExpenses": 2635000000,
    "costAndExpenses": 10255000000,
    "interestIncome": 0,
    "interestExpense": 0,
    "depreciationAndAmortization": 252000000,
    "ebitda": 1654000000,
    "ebitdaratio": 0.1386537011,
    "operatingIncome": 1402000000,
    "operatingIncomeRatio": 0.1175287115,
    "totalOtherIncomeExpensesNet": -39000000,
    "incomeBeforeTax": 1363000000,
    "incomeBeforeTaxRatio": 0.1142593679,
    "incomeTaxExpense": 525000000,
    "netIncome": 838000000,
    "netIncomeRatio": 0.0702489731,
    "eps": 0.54,
    "epsdiluted": 0.52,
    "weightedAverageShsOut": 1548000000,
    "weightedAverageShsOutDil": 1605000000,
    "link": "https://www.sec.gov/Archives/edgar/data/60667/000006066705000238/0000060667-05-000238-index.htm",
    "finalLink": "https://www.sec.gov/Archives/edgar/data/60667/000006066705000238/lowesform10q07292005.htm"
  },
  {
    "date": "2005-04-29",
    "symbol": "LOW",
    "reportedCurrency": "USD",
    "cik": "0000060667",
    "fillingDate": "2005-06-08",
    "acceptedDate": "2005-06-08 13:46:38",
    "calendarYear": "2005",
    "period": "Q1",
    "revenue": 9913000000,
    "costOfRevenue": 6515000000,
    "grossProfit": 3595000000,
    "grossProfitRatio": 0.3626550994,
    "researchAndDevelopmentExpenses": 0,
    "generalAndAdministrativeExpenses": 2161000000,
    "sellingAndMarketingExpenses": 86000000,
    "sellingGeneralAndAdministrativeExpenses": 2136000000,
    "otherExpenses": 237000000,
    "operatingExpenses": 2409000000,
    "costAndExpenses": 8907000000,
    "interestIncome": 0,
    "interestExpense": 0,
    "depreciationAndAmortization": 253000000,
    "ebitda": 1259000000,
    "ebitdaratio": 0.127004943,
    "operatingIncome": 1006000000,
    "operatingIncomeRatio": 0.1014829012,
    "totalOtherIncomeExpensesNet": -53000000,
    "incomeBeforeTax": 959000000,
    "incomeBeforeTaxRatio": 0.0967416524,
    "incomeTaxExpense": 369000000,
    "netIncome": 590000000,
    "netIncomeRatio": 0.0595178049,
    "eps": 0.38,
    "epsdiluted": 0.37,
    "weightedAverageShsOut": 1548000000,
    "weightedAverageShsOutDil": 1610000000,
    "link": "https://www.sec.gov/Archives/edgar/data/60667/000006066705000159/0000060667-05-000159-index.htm",
    "finalLink": "https://www.sec.gov/Archives/edgar/data/60667/000006066705000159/lowesform10q04292005.htm"
  },
  {
    "date": "2005-01-28",
    "symbol": "LOW",
    "reportedCurrency": "USD",
    "cik": "0000060667",
    "fillingDate": "2005-04-13",
    "acceptedDate": "2005-04-13 16:37:25",
    "calendarYear": "2004",
    "period": "Q4",
    "revenue": 8550000000,
    "costOfRevenue": 5560000000,
    "grossProfit": 2990000000,
    "grossProfitRatio": 0.3497076023,
    "researchAndDevelopmentExpenses": 0,
    "generalAndAdministrativeExpenses": 1885000000,
    "sellingAndMarketingExpenses": 6000000,
    "sellingGeneralAndAdministrativeExpenses": 1891000000,
    "otherExpenses": 252000000,
    "operatingExpenses": 2143000000,
    "costAndExpenses": 7703000000,
    "interestIncome": 0,
    "interestExpense": 0,
    "depreciationAndAmortization": 257000000,
    "ebitda": 1104000000,
    "ebitdaratio": 0.129122807,
    "operatingIncome": 847000000,
    "operatingIncomeRatio": 0.0990643275,
    "totalOtherIncomeExpensesNet": -43000000,
    "incomeBeforeTax": 804000000,
    "incomeBeforeTaxRatio": 0.0940350877,
    "incomeTaxExpense": 309000000,
    "netIncome": 495000000,
    "netIncomeRatio": 0.0578947368,
    "eps": 0.31,
    "epsdiluted": 0.31,
    "weightedAverageShsOut": 1567971000,
    "weightedAverageShsOutDil": 1636000000,
    "link": "https://www.sec.gov/Archives/edgar/data/60667/000006066705000099/0000060667-05-000099-index.htm",
    "finalLink": "https://www.sec.gov/Archives/edgar/data/60667/000006066705000099/lowesform10k01282005.htm"
  },
  {
    "date": "2004-10-29",
    "symbol": "LOW",
    "reportedCurrency": "USD",
    "cik": "0000060667",
    "fillingDate": "2004-12-07",
    "acceptedDate": "2004-12-07 17:11:55",
    "calendarYear": "2004",
    "period": "Q3",
    "revenue": 8681000000,
    "costOfRevenue": 6013000000,
    "grossProfit": 2870000000,
    "grossProfitRatio": 0.3306070729,
    "researchAndDevelopmentExpenses": 0,
    "generalAndAdministrativeExpenses": 1938000000,
    "sellingAndMarketingExpenses": 0,
    "sellingGeneralAndAdministrativeExpenses": 1938000000,
    "otherExpenses": 232000000,
    "operatingExpenses": 2160000000,
    "costAndExpenses": 8173000000,
    "interestIncome": 0,
    "interestExpense": 0,
    "depreciationAndAmortization": 236000000,
    "ebitda": 1117000000,
    "ebitdaratio": 0.128671812,
    "operatingIncome": 881000000,
    "operatingIncomeRatio": 0.1014860039,
    "totalOtherIncomeExpensesNet": 329000000,
    "incomeBeforeTax": 841000000,
    "incomeBeforeTaxRatio": 0.0968782398,
    "incomeTaxExpense": 325000000,
    "netIncome": 516000000,
    "netIncomeRatio": 0.0594401567,
    "eps": 0.34,
    "epsdiluted": 0.33,
    "weightedAverageShsOut": 1544000000,
    "weightedAverageShsOutDil": 1604000000,
    "link": "https://www.sec.gov/Archives/edgar/data/60667/000006066704000321/0000060667-04-000321-index.htm",
    "finalLink": "https://www.sec.gov/Archives/edgar/data/60667/000006066704000321/form10q10292004.htm"
  },
  {
    "date": "2004-07-30",
    "symbol": "LOW",
    "reportedCurrency": "USD",
    "cik": "0000060667",
    "fillingDate": "2004-09-03",
    "acceptedDate": "2004-09-03 16:32:53",
    "calendarYear": "2004",
    "period": "Q2",
    "revenue": 10169000000,
    "costOfRevenue": 6780000000,
    "grossProfit": 3389000000,
    "grossProfitRatio": 0.3332677746,
    "researchAndDevelopmentExpenses": 0,
    "generalAndAdministrativeExpenses": 1987000000,
    "sellingAndMarketingExpenses": -2000000,
    "sellingGeneralAndAdministrativeExpenses": 1985000000,
    "otherExpenses": 221000000,
    "operatingExpenses": 2201000000,
    "costAndExpenses": 8981000000,
    "interestIncome": 0,
    "interestExpense": 0,
    "depreciationAndAmortization": 225000000,
    "ebitda": 1408000000,
    "ebitdaratio": 0.1384600256,
    "operatingIncome": 1188000000,
    "operatingIncomeRatio": 0.1168256466,
    "totalOtherIncomeExpensesNet": -45000000,
    "incomeBeforeTax": 1143000000,
    "incomeBeforeTaxRatio": 0.1124004327,
    "incomeTaxExpense": 439000000,
    "netIncome": 704000000,
    "netIncomeRatio": 0.0692300128,
    "eps": 0.45,
    "epsdiluted": 0.44,
    "weightedAverageShsOut": 1552000000,
    "weightedAverageShsOutDil": 1612000000,
    "link": "https://www.sec.gov/Archives/edgar/data/60667/000006066704000283/0000060667-04-000283-index.htm",
    "finalLink": "https://www.sec.gov/Archives/edgar/data/60667/000006066704000283/form10q07302004.htm"
  },
  {
    "date": "2004-04-30",
    "symbol": "LOW",
    "reportedCurrency": "USD",
    "cik": "0000060667",
    "fillingDate": "2004-06-04",
    "acceptedDate": "2004-06-04 15:37:15",
    "calendarYear": "2004",
    "period": "Q1",
    "revenue": 8681000000,
    "costOfRevenue": 6013000000,
    "grossProfit": 3051000000,
    "grossProfitRatio": 0.3514572054,
    "researchAndDevelopmentExpenses": 0,
    "generalAndAdministrativeExpenses": 0,
    "sellingAndMarketingExpenses": 0,
    "sellingGeneralAndAdministrativeExpenses": 1875000000,
    "otherExpenses": 226000000,
    "operatingExpenses": 1853000000,
    "costAndExpenses": 7894000000,
    "interestIncome": 0,
    "interestExpense": 0,
    "depreciationAndAmortization": 218000000,
    "ebitda": 1000000000,
    "ebitdaratio": 0.1151941021,
    "operatingIncome": 787000000,
    "operatingIncomeRatio": 0.0906577583,
    "totalOtherIncomeExpensesNet": -48000000,
    "incomeBeforeTax": 739000000,
    "incomeBeforeTaxRatio": 0.0851284414,
    "incomeTaxExpense": 284000000,
    "netIncome": 455000000,
    "netIncomeRatio": 0.0524133164,
    "eps": 0.29,
    "epsdiluted": 0.28,
    "weightedAverageShsOut": 1572000000,
    "weightedAverageShsOutDil": 1636000000,
    "link": "https://www.sec.gov/Archives/edgar/data/60667/000006066704000242/0000060667-04-000242-index.htm",
    "finalLink": "https://www.sec.gov/Archives/edgar/data/60667/000006066704000242/form10q04302004.htm"
  },
  {
    "date": "2004-01-30",
    "symbol": "LOW",
    "reportedCurrency": "USD",
    "cik": "0000060667",
    "fillingDate": "2004-04-08",
    "acceptedDate": "2004-04-07 18:25:33",
    "calendarYear": "2003",
    "period": "Q4",
    "revenue": 6929000000,
    "costOfRevenue": 4671000000,
    "grossProfit": 2258000000,
    "grossProfitRatio": 0.3258767499,
    "researchAndDevelopmentExpenses": 0,
    "generalAndAdministrativeExpenses": 1428000000,
    "sellingAndMarketingExpenses": -51000000,
    "sellingGeneralAndAdministrativeExpenses": 1377000000,
    "otherExpenses": 201000000,
    "operatingExpenses": 1578000000,
    "costAndExpenses": 6249000000,
    "interestIncome": 0,
    "interestExpense": 0,
    "depreciationAndAmortization": 210000000,
    "ebitda": 890000000,
    "ebitdaratio": 0.1284456632,
    "operatingIncome": 680000000,
    "operatingIncomeRatio": 0.0981382595,
    "totalOtherIncomeExpensesNet": 956000000,
    "incomeBeforeTax": 1636000000,
    "incomeBeforeTaxRatio": 0.2361091067,
    "incomeTaxExpense": 243000000,
    "netIncome": 408000000,
    "netIncomeRatio": 0.0588829557,
    "eps": 0.85,
    "epsdiluted": 0.85,
    "weightedAverageShsOut": 1638000000,
    "weightedAverageShsOutDil": 1638000000,
    "link": "https://www.sec.gov/Archives/edgar/data/60667/000006066704000188/0000060667-04-000188-index.htm",
    "finalLink": "https://www.sec.gov/Archives/edgar/data/60667/000006066704000188/form10k1302004.htm"
  },
  {
    "date": "2003-10-31",
    "symbol": "LOW",
    "reportedCurrency": "USD",
    "cik": "0000060667",
    "fillingDate": "2003-12-09",
    "acceptedDate": "2003-12-09 14:19:18",
    "calendarYear": "2003",
    "period": "Q3",
    "revenue": 7802000000,
    "costOfRevenue": 5361000000,
    "grossProfit": 2441000000,
    "grossProfitRatio": 0.3128684953,
    "researchAndDevelopmentExpenses": 0,
    "generalAndAdministrativeExpenses": 0,
    "sellingAndMarketingExpenses": 0,
    "sellingGeneralAndAdministrativeExpenses": 1466000000,
    "otherExpenses": 192000000,
    "operatingExpenses": 1679000000,
    "costAndExpenses": 7040000000,
    "interestIncome": 0,
    "interestExpense": 0,
    "depreciationAndAmortization": 198000000,
    "ebitda": 966000000,
    "ebitdaratio": 0.1238144066,
    "operatingIncome": 768000000,
    "operatingIncomeRatio": 0.0984362984,
    "totalOtherIncomeExpensesNet": -42000000,
    "incomeBeforeTax": 726000000,
    "incomeBeforeTaxRatio": 0.0930530633,
    "incomeTaxExpense": 274000000,
    "netIncome": 452000000,
    "netIncomeRatio": 0.0579338631,
    "eps": 0.29,
    "epsdiluted": 0.28,
    "weightedAverageShsOut": 1572000000,
    "weightedAverageShsOutDil": 1616000000,
    "link": "https://www.sec.gov/Archives/edgar/data/60667/000006066703000209/0000060667-03-000209-index.htm",
    "finalLink": "https://www.sec.gov/Archives/edgar/data/60667/000006066703000209/form10q10312003.htm"
  },
  {
    "date": "2003-08-01",
    "symbol": "LOW",
    "reportedCurrency": "USD",
    "cik": "0000060667",
    "fillingDate": "2003-09-12",
    "acceptedDate": "2003-09-12 14:22:34",
    "calendarYear": "2003",
    "period": "Q2",
    "revenue": 8666000000,
    "costOfRevenue": 6040000000,
    "grossProfit": 2647000000,
    "grossProfitRatio": 0.3054465728,
    "researchAndDevelopmentExpenses": 0,
    "generalAndAdministrativeExpenses": 1443000000,
    "sellingAndMarketingExpenses": 0,
    "sellingGeneralAndAdministrativeExpenses": 1443000000,
    "otherExpenses": 185000000,
    "operatingExpenses": 1643000000,
    "costAndExpenses": 7667000000,
    "interestIncome": 0,
    "interestExpense": 0,
    "depreciationAndAmortization": 189000000,
    "ebitda": 1193000000,
    "ebitdaratio": 0.1376644357,
    "operatingIncome": 1004000000,
    "operatingIncomeRatio": 0.1158550658,
    "totalOtherIncomeExpensesNet": -45000000,
    "incomeBeforeTax": 959000000,
    "incomeBeforeTaxRatio": 0.1106623586,
    "incomeTaxExpense": 362000000,
    "netIncome": 597000000,
    "netIncomeRatio": 0.0688899146,
    "eps": 0.38,
    "epsdiluted": 0.38,
    "weightedAverageShsOut": 1568000000,
    "weightedAverageShsOutDil": 1608000000,
    "link": "https://www.sec.gov/Archives/edgar/data/60667/000006066703000177/0000060667-03-000177-index.htm",
    "finalLink": "https://www.sec.gov/Archives/edgar/data/60667/000006066703000177/form10q080103.htm"
  },
  {
    "date": "2003-05-02",
    "symbol": "LOW",
    "reportedCurrency": "USD",
    "cik": "0000060667",
    "fillingDate": "2003-06-13",
    "acceptedDate": "2003-06-13 16:46:45",
    "calendarYear": "2003",
    "period": "Q1",
    "revenue": 7118000000,
    "costOfRevenue": 4899000000,
    "grossProfit": 2238000000,
    "grossProfitRatio": 0.3144141613,
    "researchAndDevelopmentExpenses": 0,
    "generalAndAdministrativeExpenses": 1318000000,
    "sellingAndMarketingExpenses": 0,
    "sellingGeneralAndAdministrativeExpenses": 1318000000,
    "otherExpenses": 179000000,
    "operatingExpenses": 1497000000,
    "costAndExpenses": 6486000000,
    "interestIncome": 0,
    "interestExpense": 0,
    "depreciationAndAmortization": 184000000,
    "ebitda": 909000000,
    "ebitdaratio": 0.1277044114,
    "operatingIncome": 725000000,
    "operatingIncomeRatio": 0.1018544535,
    "totalOtherIncomeExpensesNet": -48000000,
    "incomeBeforeTax": 677000000,
    "incomeBeforeTaxRatio": 0.0951109862,
    "incomeTaxExpense": 256000000,
    "netIncome": 421000000,
    "netIncomeRatio": 0.0591458275,
    "eps": 0.27,
    "epsdiluted": 0.27,
    "weightedAverageShsOut": 1566000000,
    "weightedAverageShsOutDil": 1604000000,
    "link": "https://www.sec.gov/Archives/edgar/data/60667/000006066703000099/0000060667-03-000099-index.htm",
    "finalLink": "https://www.sec.gov/Archives/edgar/data/60667/000006066703000099/form10q050203a.htm"
  },
  {
    "date": "2003-01-31",
    "symbol": "LOW",
    "reportedCurrency": "USD",
    "cik": "0000060667",
    "fillingDate": "2003-04-15",
    "acceptedDate": "2003-04-15 16:27:44",
    "calendarYear": "2002",
    "period": "Q4",
    "revenue": 6117929000,
    "costOfRevenue": 4181905000,
    "grossProfit": 1936024000,
    "grossProfitRatio": 0.3164508774,
    "researchAndDevelopmentExpenses": 0,
    "generalAndAdministrativeExpenses": 0,
    "sellingAndMarketingExpenses": 0,
    "sellingGeneralAndAdministrativeExpenses": 1204406000,
    "otherExpenses": 168184000,
    "operatingExpenses": 1372590000,
    "costAndExpenses": 5554495000,
    "interestIncome": 0,
    "interestExpense": 0,
    "depreciationAndAmortization": 173367000,
    "ebitda": 736801000,
    "ebitdaratio": 0.1204330747,
    "operatingIncome": 563434000,
    "operatingIncomeRatio": 0.0920955441,
    "totalOtherIncomeExpensesNet": -44847000,
    "incomeBeforeTax": 518587000,
    "incomeBeforeTaxRatio": 0.0847651223,
    "incomeTaxExpense": 199684000,
    "netIncome": 318903000,
    "netIncomeRatio": 0.0521259727,
    "eps": 0.2,
    "epsdiluted": 0.2,
    "weightedAverageShsOut": 1605953000,
    "weightedAverageShsOutDil": 1615000000,
    "link": "https://www.sec.gov/Archives/edgar/data/60667/000006066703000006/0000060667-03-000006-index.htm",
    "finalLink": "https://www.sec.gov/Archives/edgar/data/60667/000006066703000006/form10k2002.htm"
  },
  {
    "date": "2002-11-01",
    "symbol": "LOW",
    "reportedCurrency": "USD",
    "cik": "0000060667",
    "fillingDate": "2002-12-10",
    "acceptedDate": "2002-12-10 13:38:27",
    "calendarYear": "2002",
    "period": "Q3",
    "revenue": 6470597000,
    "costOfRevenue": 4449596000,
    "grossProfit": 1922722000,
    "grossProfitRatio": 0.297147543,
    "researchAndDevelopmentExpenses": 0,
    "generalAndAdministrativeExpenses": 1180000000,
    "sellingAndMarketingExpenses": -1988000,
    "sellingGeneralAndAdministrativeExpenses": 1220199000,
    "otherExpenses": 159301000,
    "operatingExpenses": 1379500000,
    "costAndExpenses": 5829096000,
    "interestIncome": 0,
    "interestExpense": 0,
    "depreciationAndAmortization": 163845000,
    "ebitda": 749561000,
    "ebitdaratio": 0.1158410885,
    "operatingIncome": 585716000,
    "operatingIncomeRatio": 0.0905196228,
    "totalOtherIncomeExpensesNet": -43839000,
    "incomeBeforeTax": 541877000,
    "incomeBeforeTaxRatio": 0.0837445138,
    "incomeTaxExpense": 202663000,
    "netIncome": 339214000,
    "netIncomeRatio": 0.0524239108,
    "eps": 0.22,
    "epsdiluted": 0.22,
    "weightedAverageShsOut": 1561060000,
    "weightedAverageShsOutDil": 1601892000,
    "link": "https://www.sec.gov/Archives/edgar/data/60667/000006066702000018/0000060667-02-000018-index.htm",
    "finalLink": "https://www.sec.gov/Archives/edgar/data/60667/000006066702000018/q32002.txt"
  },
  {
    "date": "2002-08-02",
    "symbol": "LOW",
    "reportedCurrency": "USD",
    "cik": "0000060667",
    "fillingDate": "2002-09-13",
    "acceptedDate": "2002-09-13 15:47:53",
    "calendarYear": "2002",
    "period": "Q2",
    "revenue": 7487662000,
    "costOfRevenue": 5285624000,
    "grossProfit": 2202038000,
    "grossProfitRatio": 0.2940888625,
    "researchAndDevelopmentExpenses": 0,
    "generalAndAdministrativeExpenses": 1256000000,
    "sellingAndMarketingExpenses": 383000,
    "sellingGeneralAndAdministrativeExpenses": 1256383000,
    "otherExpenses": 153210000,
    "operatingExpenses": 1409593000,
    "costAndExpenses": 6695217000,
    "interestIncome": 0,
    "interestExpense": 0,
    "depreciationAndAmortization": 157859000,
    "ebitda": 950304000,
    "ebitdaratio": 0.1269159853,
    "operatingIncome": 792445000,
    "operatingIncomeRatio": 0.1058334364,
    "totalOtherIncomeExpensesNet": -46323000,
    "incomeBeforeTax": 746122000,
    "incomeBeforeTaxRatio": 0.0996468591,
    "incomeTaxExpense": 279050000,
    "netIncome": 467072000,
    "netIncomeRatio": 0.0623788841,
    "eps": 0.3,
    "epsdiluted": 0.3,
    "weightedAverageShsOut": 1557856000,
    "weightedAverageShsOutDil": 1600022000,
    "link": "https://www.sec.gov/Archives/edgar/data/60667/000006066702000016/0000060667-02-000016-index.htm",
    "finalLink": "https://www.sec.gov/Archives/edgar/data/60667/000006066702000016/q22002.txt"
  },
  {
    "date": "2002-05-03",
    "symbol": "LOW",
    "reportedCurrency": "USD",
    "cik": "0000060667",
    "fillingDate": "2002-06-13",
    "acceptedDate": "2002-06-13 14:07:33",
    "calendarYear": "2002",
    "period": "Q1",
    "revenue": 6414812000,
    "costOfRevenue": 4547875000,
    "grossProfit": 1965216000,
    "grossProfitRatio": 0.3063559774,
    "researchAndDevelopmentExpenses": 0,
    "generalAndAdministrativeExpenses": 1178000000,
    "sellingAndMarketingExpenses": 42199000,
    "sellingGeneralAndAdministrativeExpenses": 1178012000,
    "otherExpenses": 146123000,
    "operatingExpenses": 1324135000,
    "costAndExpenses": 5872010000,
    "interestIncome": 0,
    "interestExpense": 0,
    "depreciationAndAmortization": 149929000,
    "ebitda": 748516000,
    "ebitdaratio": 0.1166855708,
    "operatingIncome": 598587000,
    "operatingIncomeRatio": 0.0933132569,
    "totalOtherIncomeExpensesNet": -46173000,
    "incomeBeforeTax": 552414000,
    "incomeBeforeTaxRatio": 0.0861153842,
    "incomeTaxExpense": 206603000,
    "netIncome": 345811000,
    "netIncomeRatio": 0.0539082049,
    "eps": 0.23,
    "epsdiluted": 0.22,
    "weightedAverageShsOut": 1553026000,
    "weightedAverageShsOutDil": 1596184000,
    "link": "https://www.sec.gov/Archives/edgar/data/60667/000006066702000005/0000060667-02-000005-index.htm",
    "finalLink": "https://www.sec.gov/Archives/edgar/data/60667/000006066702000005/f2002qtr1e.txt"
  },
  {
    "date": "2002-02-01",
    "symbol": "LOW",
    "reportedCurrency": "USD",
    "cik": "0000060667",
    "fillingDate": "2002-04-26",
    "acceptedDate": "2002-04-26 00:00:00",
    "calendarYear": "2001",
    "period": "Q4",
    "revenue": 5253483000,
    "costOfRevenue": 3687768000,
    "grossProfit": 1565715000,
    "grossProfitRatio": 0.2980337045,
    "researchAndDevelopmentExpenses": 0,
    "generalAndAdministrativeExpenses": 1034000000,
    "sellingAndMarketingExpenses": -290000,
    "sellingGeneralAndAdministrativeExpenses": 1033710000,
    "otherExpenses": 154931000,
    "operatingExpenses": 1188641000,
    "costAndExpenses": 4876409000,
    "interestIncome": 0,
    "interestExpense": 0,
    "depreciationAndAmortization": 144239000,
    "ebitda": 532005000,
    "ebitdaratio": 0.1012671022,
    "operatingIncome": 377074000,
    "operatingIncomeRatio": 0.0717760008,
    "totalOtherIncomeExpensesNet": -30372000,
    "incomeBeforeTax": 346702000,
    "incomeBeforeTaxRatio": 0.0659946934,
    "incomeTaxExpense": 128300000,
    "netIncome": 218402000,
    "netIncomeRatio": 0.0415728004,
    "eps": 0.14,
    "epsdiluted": 0.14,
    "weightedAverageShsOut": 1549130000,
    "weightedAverageShsOutDil": 1599000000,
    "link": "https://www.sec.gov/Archives/edgar/data/60667/000006066702000003/0000060667-02-000003-index.htm",
    "finalLink": "https://www.sec.gov/Archives/edgar/data/60667/000006066702000003/form10k2001e.txt"
  },
  {
    "date": "2001-11-02",
    "symbol": "LOW",
    "reportedCurrency": "USD",
    "cik": "0000060667",
    "fillingDate": "2001-12-17",
    "acceptedDate": "2001-12-17 00:00:00",
    "calendarYear": "2001",
    "period": "Q3",
    "revenue": 5454534000,
    "costOfRevenue": 3863645000,
    "grossProfit": 1493529000,
    "grossProfitRatio": 0.273814225,
    "researchAndDevelopmentExpenses": 0,
    "generalAndAdministrativeExpenses": 1016000000,
    "sellingAndMarketingExpenses": -40463000,
    "sellingGeneralAndAdministrativeExpenses": 1015802000,
    "otherExpenses": 135021000,
    "operatingExpenses": 1150823000,
    "costAndExpenses": 5014468000,
    "interestIncome": 0,
    "interestExpense": 0,
    "depreciationAndAmortization": 138324000,
    "ebitda": 578390000,
    "ebitdaratio": 0.1060383893,
    "operatingIncome": 440066000,
    "operatingIncomeRatio": 0.0806789361,
    "totalOtherIncomeExpensesNet": -42452000,
    "incomeBeforeTax": 397614000,
    "incomeBeforeTaxRatio": 0.0728960531,
    "incomeTaxExpense": 147117000,
    "netIncome": 250497000,
    "netIncomeRatio": 0.0459245464,
    "eps": 0.16,
    "epsdiluted": 0.16,
    "weightedAverageShsOut": 1546702000,
    "weightedAverageShsOutDil": 1591278000,
    "link": "https://www.sec.gov/Archives/edgar/data/60667/000006066701500024/0000060667-01-500024-index.htm",
    "finalLink": "https://www.sec.gov/Archives/edgar/data/60667/000006066701500024/q11022001e.txt"
  },
  {
    "date": "2001-08-03",
    "symbol": "LOW",
    "reportedCurrency": "USD",
    "cik": "0000060667",
    "fillingDate": "2001-09-14",
    "acceptedDate": "2001-09-14 00:00:00",
    "calendarYear": "2001",
    "period": "Q2",
    "revenue": 6126726000,
    "costOfRevenue": 4409018000,
    "grossProfit": 1717708000,
    "grossProfitRatio": 0.2803631173,
    "researchAndDevelopmentExpenses": 0,
    "generalAndAdministrativeExpenses": 1028000000,
    "sellingAndMarketingExpenses": 176000,
    "sellingGeneralAndAdministrativeExpenses": 1028176000,
    "otherExpenses": 125295000,
    "operatingExpenses": 1153471000,
    "costAndExpenses": 5562489000,
    "interestIncome": 0,
    "interestExpense": 0,
    "depreciationAndAmortization": 132044000,
    "ebitda": 696281000,
    "ebitdaratio": 0.1136465055,
    "operatingIncome": 564237000,
    "operatingIncomeRatio": 0.0920943747,
    "totalOtherIncomeExpensesNet": -41890000,
    "incomeBeforeTax": 522347000,
    "incomeBeforeTaxRatio": 0.0852571177,
    "incomeTaxExpense": 193264000,
    "netIncome": 329083000,
    "netIncomeRatio": 0.0537127007,
    "eps": 0.22,
    "epsdiluted": 0.21,
    "weightedAverageShsOut": 1543334000,
    "weightedAverageShsOutDil": 1590174000,
    "link": "https://www.sec.gov/Archives/edgar/data/60667/000006066701500017/0000060667-01-500017-index.htm",
    "finalLink": "https://www.sec.gov/Archives/edgar/data/60667/000006066701500017/q2ndqtr2001.txt"
  },
  {
    "date": "2001-05-04",
    "symbol": "LOW",
    "reportedCurrency": "USD",
    "cik": "0000060667",
    "fillingDate": "2001-06-15",
    "acceptedDate": "2001-06-15 00:00:00",
    "calendarYear": "2001",
    "period": "Q1",
    "revenue": 5276365000,
    "costOfRevenue": 3782836000,
    "grossProfit": 1590889000,
    "grossProfitRatio": 0.3015123101,
    "researchAndDevelopmentExpenses": 0,
    "generalAndAdministrativeExpenses": 976000000,
    "sellingAndMarketingExpenses": 39802000,
    "sellingGeneralAndAdministrativeExpenses": 975537000,
    "otherExpenses": 119746000,
    "operatingExpenses": 1095283000,
    "costAndExpenses": 4878119000,
    "interestIncome": 0,
    "interestExpense": 0,
    "depreciationAndAmortization": 119495000,
    "ebitda": 517992000,
    "ebitdaratio": 0.0981721318,
    "operatingIncome": 398246000,
    "operatingIncomeRatio": 0.0754773409,
    "totalOtherIncomeExpensesNet": -40658000,
    "incomeBeforeTax": 357588000,
    "incomeBeforeTaxRatio": 0.0677716572,
    "incomeTaxExpense": 132308000,
    "netIncome": 225280000,
    "netIncomeRatio": 0.0426960606,
    "eps": 0.15,
    "epsdiluted": 0.14,
    "weightedAverageShsOut": 1536836000,
    "weightedAverageShsOutDil": 1575020000,
    "link": "https://www.sec.gov/Archives/edgar/data/60667/000006066701500007/0000060667-01-500007-index.htm",
    "finalLink": "https://www.sec.gov/Archives/edgar/data/60667/000006066701500007/form10q101.txt"
  },
  {
    "date": "2001-02-02",
    "symbol": "LOW",
    "reportedCurrency": "USD",
    "cik": "0000060667",
    "fillingDate": "2001-04-13",
    "acceptedDate": "2001-04-13 00:00:00",
    "calendarYear": "2000",
    "period": "Q4",
    "revenue": 4543052000,
    "costOfRevenue": 3251476000,
    "grossProfit": 1291576000,
    "grossProfitRatio": 0.284296988,
    "researchAndDevelopmentExpenses": 0,
    "generalAndAdministrativeExpenses": 916000000,
    "sellingAndMarketingExpenses": -100000,
    "sellingGeneralAndAdministrativeExpenses": 915900000,
    "otherExpenses": 112277000,
    "operatingExpenses": 1028177000,
    "costAndExpenses": 4279653000,
    "interestIncome": 0,
    "interestExpense": 0,
    "depreciationAndAmortization": 112277000,
    "ebitda": 375676000,
    "ebitdaratio": 0.0826924279,
    "operatingIncome": 263399000,
    "operatingIncomeRatio": 0.0579784251,
    "totalOtherIncomeExpensesNet": -40567000,
    "incomeBeforeTax": 222832000,
    "incomeBeforeTaxRatio": 0.0490489653,
    "incomeTaxExpense": 82002000,
    "netIncome": 140830000,
    "netIncomeRatio": 0.0309989848,
    "eps": 0.0917,
    "epsdiluted": 0.0917,
    "weightedAverageShsOut": 1538000000,
    "weightedAverageShsOutDil": 1538000000,
    "link": "https://www.sec.gov/Archives/edgar/data/60667/000006066701500004/0000060667-01-500004-index.htm",
    "finalLink": "https://www.sec.gov/Archives/edgar/data/60667/000006066701500004/fk2000.txt"
  },
  {
    "date": "2000-10-27",
    "symbol": "LOW",
    "reportedCurrency": "USD",
    "cik": "0000060667",
    "fillingDate": "2000-12-08",
    "acceptedDate": "2000-12-08 00:00:00",
    "calendarYear": "2000",
    "period": "Q3",
    "revenue": 4467114000,
    "costOfRevenue": 3218858000,
    "grossProfit": 1248256000,
    "grossProfitRatio": 0.2794323136,
    "researchAndDevelopmentExpenses": 0,
    "generalAndAdministrativeExpenses": 847000000,
    "sellingAndMarketingExpenses": -14507000,
    "sellingGeneralAndAdministrativeExpenses": 846588000,
    "otherExpenses": 104898000,
    "operatingExpenses": 951486000,
    "costAndExpenses": 4156038000,
    "interestIncome": 0,
    "interestExpense": 0,
    "depreciationAndAmortization": 104898000,
    "ebitda": 453001000,
    "ebitdaratio": 0.1014079784,
    "operatingIncome": 348103000,
    "operatingIncomeRatio": 0.0779257033,
    "totalOtherIncomeExpensesNet": -28021000,
    "incomeBeforeTax": 320082000,
    "incomeBeforeTaxRatio": 0.0716529733,
    "incomeTaxExpense": 117789000,
    "netIncome": 202293000,
    "netIncomeRatio": 0.0452849424,
    "eps": 0.13,
    "epsdiluted": 0.13,
    "weightedAverageShsOut": 1530764000,
    "weightedAverageShsOutDil": 1537760000,
    "link": "https://www.sec.gov/Archives/edgar/data/60667/000006066700000009/0000060667-00-000009-index.htm",
    "finalLink": "https://www.sec.gov/Archives/edgar/data/60667/000006066700000009/0000060667-00-000009-0001.txt"
  },
  {
    "date": "2000-07-28",
    "symbol": "LOW",
    "reportedCurrency": "USD",
    "cik": "0000060667",
    "fillingDate": "2000-09-08",
    "acceptedDate": "2000-09-08 00:00:00",
    "calendarYear": "2000",
    "period": "Q2",
    "revenue": 5264252000,
    "costOfRevenue": 3812012000,
    "grossProfit": 1452240000,
    "grossProfitRatio": 0.2758682525,
    "researchAndDevelopmentExpenses": 0,
    "generalAndAdministrativeExpenses": 885000000,
    "sellingAndMarketingExpenses": -96000,
    "sellingGeneralAndAdministrativeExpenses": 884904000,
    "otherExpenses": 98708000,
    "operatingExpenses": 983612000,
    "costAndExpenses": 4795624000,
    "interestIncome": 0,
    "interestExpense": 0,
    "depreciationAndAmortization": 98708000,
    "ebitda": 567336000,
    "ebitdaratio": 0.1077714365,
    "operatingIncome": 468628000,
    "operatingIncomeRatio": 0.0890208144,
    "totalOtherIncomeExpensesNet": -26224000,
    "incomeBeforeTax": 442404000,
    "incomeBeforeTaxRatio": 0.0840392899,
    "incomeTaxExpense": 162805000,
    "netIncome": 279599000,
    "netIncomeRatio": 0.0531127689,
    "eps": 0.18,
    "epsdiluted": 0.18,
    "weightedAverageShsOut": 1530916000,
    "weightedAverageShsOutDil": 1537480000,
    "link": "https://www.sec.gov/Archives/edgar/data/60667/000006066700000006/0000060667-00-000006-index.htm",
    "finalLink": "https://www.sec.gov/Archives/edgar/data/60667/000006066700000006/0000060667-00-000006-0001.txt"
  },
  {
    "date": "2000-04-28",
    "symbol": "LOW",
    "reportedCurrency": "USD",
    "cik": "0000060667",
    "fillingDate": "2000-06-09",
    "acceptedDate": "2000-06-09 00:00:00",
    "calendarYear": "2000",
    "period": "Q1",
    "revenue": 4504141000,
    "costOfRevenue": 3204552000,
    "grossProfit": 1299589000,
    "grossProfitRatio": 0.288532042,
    "researchAndDevelopmentExpenses": 0,
    "generalAndAdministrativeExpenses": 832000000,
    "sellingAndMarketingExpenses": 14588000,
    "sellingGeneralAndAdministrativeExpenses": 832493000,
    "otherExpenses": 93628000,
    "operatingExpenses": 926121000,
    "costAndExpenses": 4144979000,
    "interestIncome": 0,
    "interestExpense": 0,
    "depreciationAndAmortization": 93628000,
    "ebitda": 415763000,
    "ebitdaratio": 0.092306835,
    "operatingIncome": 322135000,
    "operatingIncomeRatio": 0.0715197415,
    "totalOtherIncomeExpensesNet": -26013000,
    "incomeBeforeTax": 296122000,
    "incomeBeforeTaxRatio": 0.0657443894,
    "incomeTaxExpense": 108973000,
    "netIncome": 187149000,
    "netIncomeRatio": 0.041550431,
    "eps": 0.12,
    "epsdiluted": 0.12,
    "weightedAverageShsOut": 1530016000,
    "weightedAverageShsOutDil": 1539188000,
    "link": "https://www.sec.gov/Archives/edgar/data/60667/000006066700000004/0000060667-00-000004-index.htm",
    "finalLink": "https://www.sec.gov/Archives/edgar/data/60667/000006066700000004/0000060667-00-000004-0001.txt"
  },
  {
    "date": "2000-01-28",
    "symbol": "LOW",
    "reportedCurrency": "USD",
    "cik": "0000060667",
    "fillingDate": "2000-04-26",
    "acceptedDate": "2000-04-26 00:00:00",
    "calendarYear": "1999",
    "period": "Q4",
    "revenue": 3789295000,
    "costOfRevenue": 2692650000,
    "grossProfit": 1096645000,
    "grossProfitRatio": 0.2894060769,
    "researchAndDevelopmentExpenses": 0,
    "generalAndAdministrativeExpenses": 750000000,
    "sellingAndMarketingExpenses": -124000,
    "sellingGeneralAndAdministrativeExpenses": 749876000,
    "otherExpenses": 91222000,
    "operatingExpenses": 841098000,
    "costAndExpenses": 3533748000,
    "interestIncome": 0,
    "interestExpense": 0,
    "depreciationAndAmortization": 91222000,
    "ebitda": 346769000,
    "ebitdaratio": 0.0915128012,
    "operatingIncome": 255547000,
    "operatingIncomeRatio": 0.0674391938,
    "totalOtherIncomeExpensesNet": -20630000,
    "incomeBeforeTax": 234917000,
    "incomeBeforeTaxRatio": 0.0619949093,
    "incomeTaxExpense": 86022000,
    "netIncome": 148895000,
    "netIncomeRatio": 0.0392935889,
    "eps": 0.0968,
    "epsdiluted": 0.0968,
    "weightedAverageShsOut": 1539000000,
    "weightedAverageShsOutDil": 1539000000,
    "link": "https://www.sec.gov/Archives/edgar/data/60667/000006066700000002/0000060667-00-000002-index.htm",
    "finalLink": "https://www.sec.gov/Archives/edgar/data/60667/000006066700000002/"
  },
  {
    "date": "1999-10-29",
    "symbol": "LOW",
    "reportedCurrency": "USD",
    "cik": "0000060667",
    "fillingDate": "1999-12-13",
    "acceptedDate": "1999-12-13 00:00:00",
    "calendarYear": "1999",
    "period": "Q3",
    "revenue": 3909200000,
    "costOfRevenue": 2819400000,
    "grossProfit": 1007300000,
    "grossProfitRatio": 0.2576742044,
    "researchAndDevelopmentExpenses": 0,
    "generalAndAdministrativeExpenses": 718000000,
    "sellingAndMarketingExpenses": -35400000,
    "sellingGeneralAndAdministrativeExpenses": 718100000,
    "otherExpenses": 86600000,
    "operatingExpenses": 804700000,
    "costAndExpenses": 3624100000,
    "interestIncome": 0,
    "interestExpense": 0,
    "depreciationAndAmortization": 86600000,
    "ebitda": 371700000,
    "ebitdaratio": 0.095083393,
    "operatingIncome": 285100000,
    "operatingIncomeRatio": 0.0729305229,
    "totalOtherIncomeExpensesNet": -19000000,
    "incomeBeforeTax": 266100000,
    "incomeBeforeTaxRatio": 0.0680701934,
    "incomeTaxExpense": 97400000,
    "netIncome": 168700000,
    "netIncomeRatio": 0.0431546096,
    "eps": 0.11,
    "epsdiluted": 0.11,
    "weightedAverageShsOut": 1523476000,
    "weightedAverageShsOutDil": 1534168000,
    "link": "https://www.sec.gov/Archives/edgar/data/60667/000006066799000020/0000060667-99-000020-index.htm",
    "finalLink": "https://www.sec.gov/Archives/edgar/data/60667/000006066799000020/"
  },
  {
    "date": "1999-07-30",
    "symbol": "LOW",
    "reportedCurrency": "USD",
    "cik": "0000060667",
    "fillingDate": "1999-09-09",
    "acceptedDate": "1999-09-09 00:00:00",
    "calendarYear": "1999",
    "period": "Q2",
    "revenue": 4435200000,
    "costOfRevenue": 3247700000,
    "grossProfit": 1187500000,
    "grossProfitRatio": 0.2677444084,
    "researchAndDevelopmentExpenses": 0,
    "generalAndAdministrativeExpenses": 720000000,
    "sellingAndMarketingExpenses": 300000,
    "sellingGeneralAndAdministrativeExpenses": 720300000,
    "otherExpenses": 81900000,
    "operatingExpenses": 802200000,
    "costAndExpenses": 4049900000,
    "interestIncome": 0,
    "interestExpense": 0,
    "depreciationAndAmortization": 81900000,
    "ebitda": 467200000,
    "ebitdaratio": 0.1053391053,
    "operatingIncome": 385300000,
    "operatingIncomeRatio": 0.0868731962,
    "totalOtherIncomeExpensesNet": -22119000,
    "incomeBeforeTax": 363200000,
    "incomeBeforeTaxRatio": 0.0818903319,
    "incomeTaxExpense": 133000000,
    "netIncome": 230200000,
    "netIncomeRatio": 0.0519029582,
    "eps": 0.15,
    "epsdiluted": 0.15,
    "weightedAverageShsOut": 1526540000,
    "weightedAverageShsOutDil": 1537244000,
    "link": "https://www.sec.gov/Archives/edgar/data/60667/000006066799000016/0000060667-99-000016-index.htm",
    "finalLink": "https://www.sec.gov/Archives/edgar/data/60667/000006066799000016/"
  },
  {
    "date": "1999-04-30",
    "symbol": "LOW",
    "reportedCurrency": "USD",
    "cik": "0000060667",
    "fillingDate": "1999-06-14",
    "acceptedDate": "1999-06-14 00:00:00",
    "calendarYear": "1999",
    "period": "Q1",
    "revenue": 3771919000,
    "costOfRevenue": 2764600000,
    "grossProfit": 1007319000,
    "grossProfitRatio": 0.2670574315,
    "researchAndDevelopmentExpenses": 0,
    "generalAndAdministrativeExpenses": 682600000,
    "sellingAndMarketingExpenses": 0,
    "sellingGeneralAndAdministrativeExpenses": 682600000,
    "otherExpenses": 78100000,
    "operatingExpenses": 760700000,
    "costAndExpenses": 3525300000,
    "interestIncome": 0,
    "interestExpense": 0,
    "depreciationAndAmortization": 78100000,
    "ebitda": 324719000,
    "ebitdaratio": 0.0860885401,
    "operatingIncome": 246600000,
    "operatingIncomeRatio": 0.065377862,
    "totalOtherIncomeExpensesNet": -47619000,
    "incomeBeforeTax": 199000000,
    "incomeBeforeTaxRatio": 0.0527582909,
    "incomeTaxExpense": 74000000,
    "netIncome": 125000000,
    "netIncomeRatio": 0.03313963,
    "eps": 0.0825,
    "epsdiluted": 0.0825,
    "weightedAverageShsOut": 1515152000,
    "weightedAverageShsOutDil": 1515152000,
    "link": "https://www.sec.gov/Archives/edgar/data/60667/000006066799000014/0000060667-99-000014-index.htm",
    "finalLink": "https://www.sec.gov/Archives/edgar/data/60667/000006066799000014/"
  },
  {
    "date": "1999-01-29",
    "symbol": "LOW",
    "reportedCurrency": "USD",
    "cik": "0000060667",
    "fillingDate": "1999-04-19",
    "acceptedDate": "1999-04-19 00:00:00",
    "calendarYear": "1998",
    "period": "Q4",
    "revenue": 2915700000,
    "costOfRevenue": 2096300000,
    "grossProfit": 819400000,
    "grossProfitRatio": 0.2810302843,
    "researchAndDevelopmentExpenses": 0,
    "generalAndAdministrativeExpenses": 619000000,
    "sellingAndMarketingExpenses": -59900000,
    "sellingGeneralAndAdministrativeExpenses": 559100000,
    "otherExpenses": 72200000,
    "operatingExpenses": 631300000,
    "costAndExpenses": 2727600000,
    "interestIncome": 0,
    "interestExpense": 0,
    "depreciationAndAmortization": 72200000,
    "ebitda": 260300000,
    "ebitdaratio": 0.0892753027,
    "operatingIncome": 188100000,
    "operatingIncomeRatio": 0.06451281,
    "totalOtherIncomeExpensesNet": -19900000,
    "incomeBeforeTax": 168200000,
    "incomeBeforeTaxRatio": 0.0576876908,
    "incomeTaxExpense": 62000000,
    "netIncome": 106200000,
    "netIncomeRatio": 0.0364235004,
    "eps": 0.0628,
    "epsdiluted": 0.0628,
    "weightedAverageShsOut": 1577000000,
    "weightedAverageShsOutDil": 1577000000,
    "link": "https://www.sec.gov/Archives/edgar/data/60667/000006066799000010/0000060667-99-000010-index.htm",
    "finalLink": "https://www.sec.gov/Archives/edgar/data/60667/000006066799000010/"
  },
  {
    "date": "1998-10-30",
    "symbol": "LOW",
    "reportedCurrency": "USD",
    "cik": "0000060667",
    "fillingDate": "1998-12-10",
    "acceptedDate": "1998-12-10 00:00:00",
    "calendarYear": "1998",
    "period": "Q3",
    "revenue": 3278300000,
    "costOfRevenue": 2396000000,
    "grossProfit": 760100000,
    "grossProfitRatio": 0.2318579752,
    "researchAndDevelopmentExpenses": 0,
    "generalAndAdministrativeExpenses": 543000000,
    "sellingAndMarketingExpenses": -15500000,
    "sellingGeneralAndAdministrativeExpenses": 527500000,
    "otherExpenses": 73000000,
    "operatingExpenses": 671700000,
    "costAndExpenses": 3067700000,
    "interestIncome": 0,
    "interestExpense": 0,
    "depreciationAndAmortization": 68800000,
    "ebitda": 283600000,
    "ebitdaratio": 0.0865082512,
    "operatingIncome": 210600000,
    "operatingIncomeRatio": 0.0642406125,
    "totalOtherIncomeExpensesNet": -19300000,
    "incomeBeforeTax": 191300000,
    "incomeBeforeTaxRatio": 0.0583534149,
    "incomeTaxExpense": 66200000,
    "netIncome": 121900000,
    "netIncomeRatio": 0.0371839063,
    "eps": 0.0825,
    "epsdiluted": 0.0825,
    "weightedAverageShsOut": 1477576000,
    "weightedAverageShsOutDil": 1477576000,
    "link": "https://www.sec.gov/Archives/edgar/data/60667/000006066798000020/0000060667-98-000020-index.htm",
    "finalLink": "https://www.sec.gov/Archives/edgar/data/60667/000006066798000020/"
  },
  {
    "date": "1998-07-31",
    "symbol": "LOW",
    "reportedCurrency": "USD",
    "cik": "0000060667",
    "fillingDate": "1998-09-14",
    "acceptedDate": "1998-09-14 00:00:00",
    "calendarYear": "1998",
    "period": "Q2",
    "revenue": 3425700000,
    "costOfRevenue": 2522500000,
    "grossProfit": 903200000,
    "grossProfitRatio": 0.2636541437,
    "researchAndDevelopmentExpenses": 0,
    "generalAndAdministrativeExpenses": 560100000,
    "sellingAndMarketingExpenses": 0,
    "sellingGeneralAndAdministrativeExpenses": 560100000,
    "otherExpenses": 66400000,
    "operatingExpenses": 626500000,
    "costAndExpenses": 3149000000,
    "interestIncome": 0,
    "interestExpense": 0,
    "depreciationAndAmortization": 66400000,
    "ebitda": 372700000,
    "ebitdaratio": 0.1087952827,
    "operatingIncome": 276700000,
    "operatingIncomeRatio": 0.0807718131,
    "totalOtherIncomeExpensesNet": -18600000,
    "incomeBeforeTax": 259400000,
    "incomeBeforeTaxRatio": 0.0757217503,
    "incomeTaxExpense": 94000000,
    "netIncome": 165400000,
    "netIncomeRatio": 0.0482821029,
    "eps": 0.12,
    "epsdiluted": 0.12,
    "weightedAverageShsOut": 1475102000,
    "weightedAverageShsOutDil": 1505833000,
    "link": "https://www.sec.gov/Archives/edgar/data/60667/000006066798000011/0000060667-98-000011-index.htm",
    "finalLink": "https://www.sec.gov/Archives/edgar/data/60667/000006066798000011/"
  },
  {
    "date": "1998-05-01",
    "symbol": "LOW",
    "reportedCurrency": "USD",
    "cik": "0000060667",
    "fillingDate": "1998-06-12",
    "acceptedDate": "1998-06-12 00:00:00",
    "calendarYear": "1998",
    "period": "Q1",
    "revenue": 3149800000,
    "costOfRevenue": 2319100000,
    "grossProfit": 812300000,
    "grossProfitRatio": 0.2578893898,
    "researchAndDevelopmentExpenses": 0,
    "generalAndAdministrativeExpenses": 582000000,
    "sellingAndMarketingExpenses": 0,
    "sellingGeneralAndAdministrativeExpenses": 582000000,
    "otherExpenses": 68700000,
    "operatingExpenses": 651000000,
    "costAndExpenses": 2970100000,
    "interestIncome": 0,
    "interestExpense": 0,
    "depreciationAndAmortization": 64800000,
    "ebitda": 248700000,
    "ebitdaratio": 0.0789573941,
    "operatingIncome": 179700000,
    "operatingIncomeRatio": 0.0570512413,
    "totalOtherIncomeExpensesNet": -21700000,
    "incomeBeforeTax": 158000000,
    "incomeBeforeTaxRatio": 0.050161915,
    "incomeTaxExpense": 53700000,
    "netIncome": 100700000,
    "netIncomeRatio": 0.0319702838,
    "eps": 0.0675,
    "epsdiluted": 0.0675,
    "weightedAverageShsOut": 1491852000,
    "weightedAverageShsOutDil": 1491852000,
    "link": "https://www.sec.gov/Archives/edgar/data/60667/000006066798000009/0000060667-98-000009-index.htm",
    "finalLink": "https://www.sec.gov/Archives/edgar/data/60667/000006066798000009/"
  },
  {
    "date": "1998-01-30",
    "symbol": "LOW",
    "reportedCurrency": "USD",
    "cik": "0000060667",
    "fillingDate": "1998-04-27",
    "acceptedDate": "1998-04-27 00:00:00",
    "calendarYear": "1997",
    "period": "Q4",
    "revenue": 2397600000,
    "costOfRevenue": 1733400000,
    "grossProfit": 664200000,
    "grossProfitRatio": 0.277027027,
    "researchAndDevelopmentExpenses": 0,
    "generalAndAdministrativeExpenses": 467100000,
    "sellingAndMarketingExpenses": 0,
    "sellingGeneralAndAdministrativeExpenses": 467100000,
    "otherExpenses": 65200000,
    "operatingExpenses": 532300000,
    "costAndExpenses": 2265700000,
    "interestIncome": 0,
    "interestExpense": 0,
    "depreciationAndAmortization": 65200000,
    "ebitda": 197100000,
    "ebitdaratio": 0.0822072072,
    "operatingIncome": 131900000,
    "operatingIncomeRatio": 0.0550133467,
    "totalOtherIncomeExpensesNet": -17100000,
    "incomeBeforeTax": 114800000,
    "incomeBeforeTaxRatio": 0.0478812145,
    "incomeTaxExpense": 42300000,
    "netIncome": 72500000,
    "netIncomeRatio": 0.0302385719,
    "eps": 0.0514,
    "epsdiluted": 0.0514,
    "weightedAverageShsOut": 1409600000,
    "weightedAverageShsOutDil": 1409600000,
    "link": "https://www.sec.gov/Archives/edgar/data/60667/000006066798000007/0000060667-98-000007-index.htm",
    "finalLink": "https://www.sec.gov/Archives/edgar/data/60667/000006066798000007/"
  },
  {
    "date": "1997-10-31",
    "symbol": "LOW",
    "reportedCurrency": "USD",
    "cik": "0000060667",
    "fillingDate": "1997-12-12",
    "acceptedDate": "1997-12-12 00:00:00",
    "calendarYear": "1997",
    "period": "Q3",
    "revenue": 2530500000,
    "costOfRevenue": 1859600000,
    "grossProfit": 623700000,
    "grossProfitRatio": 0.246473029,
    "researchAndDevelopmentExpenses": 0,
    "generalAndAdministrativeExpenses": 458400000,
    "sellingAndMarketingExpenses": 0,
    "sellingGeneralAndAdministrativeExpenses": 458400000,
    "otherExpenses": 60500000,
    "operatingExpenses": 518900000,
    "costAndExpenses": 2378500000,
    "interestIncome": 0,
    "interestExpense": 0,
    "depreciationAndAmortization": 60500000,
    "ebitda": 212500000,
    "ebitdaratio": 0.0839754989,
    "operatingIncome": 152000000,
    "operatingIncomeRatio": 0.0600671804,
    "totalOtherIncomeExpensesNet": -15100000,
    "incomeBeforeTax": 136900000,
    "incomeBeforeTaxRatio": 0.0540999802,
    "incomeTaxExpense": 48800000,
    "netIncome": 88100000,
    "netIncomeRatio": 0.0348152539,
    "eps": 0.0625,
    "epsdiluted": 0.0625,
    "weightedAverageShsOut": 1409600000,
    "weightedAverageShsOutDil": 1409600000,
    "link": "https://www.sec.gov/Archives/edgar/data/60667/000006066797000031/0000060667-97-000031-index.htm",
    "finalLink": "https://www.sec.gov/Archives/edgar/data/60667/000006066797000031/"
  },
  {
    "date": "1997-08-01",
    "symbol": "LOW",
    "reportedCurrency": "USD",
    "cik": "0000060667",
    "fillingDate": "1997-09-12",
    "acceptedDate": "1997-09-12 00:00:00",
    "calendarYear": "1997",
    "period": "Q2",
    "revenue": 2808100000,
    "costOfRevenue": 2076900000,
    "grossProfit": 731200000,
    "grossProfitRatio": 0.2603895873,
    "researchAndDevelopmentExpenses": 0,
    "generalAndAdministrativeExpenses": 460000000,
    "sellingAndMarketingExpenses": -400000,
    "sellingGeneralAndAdministrativeExpenses": 459600000,
    "otherExpenses": 58700000,
    "operatingExpenses": 518300000,
    "costAndExpenses": 2595200000,
    "interestIncome": 0,
    "interestExpense": 0,
    "depreciationAndAmortization": 58700000,
    "ebitda": 271600000,
    "ebitdaratio": 0.0967202023,
    "operatingIncome": 212900000,
    "operatingIncomeRatio": 0.0758163883,
    "totalOtherIncomeExpensesNet": -16000000,
    "incomeBeforeTax": 196900000,
    "incomeBeforeTaxRatio": 0.0701185855,
    "incomeTaxExpense": 70400000,
    "netIncome": 126500000,
    "netIncomeRatio": 0.0450482533,
    "eps": 0.0925,
    "epsdiluted": 0.0925,
    "weightedAverageShsOut": 1367568000,
    "weightedAverageShsOutDil": 1367568000,
    "link": "https://www.sec.gov/Archives/edgar/data/60667/000006066797000022/0000060667-97-000022-index.htm",
    "finalLink": "https://www.sec.gov/Archives/edgar/data/60667/000006066797000022/"
  },
  {
    "date": "1997-05-02",
    "symbol": "LOW",
    "reportedCurrency": "USD",
    "cik": "0000060667",
    "fillingDate": "1997-06-13",
    "acceptedDate": "1997-06-13 00:00:00",
    "calendarYear": "1997",
    "period": "Q1",
    "revenue": 2400800000,
    "costOfRevenue": 1777100000,
    "grossProfit": 623700000,
    "grossProfitRatio": 0.2597884039,
    "researchAndDevelopmentExpenses": 0,
    "generalAndAdministrativeExpenses": 440000000,
    "sellingAndMarketingExpenses": 18400000,
    "sellingGeneralAndAdministrativeExpenses": 439800000,
    "otherExpenses": 56700000,
    "operatingExpenses": 496500000,
    "costAndExpenses": 2273600000,
    "interestIncome": 0,
    "interestExpense": 0,
    "depreciationAndAmortization": 56700000,
    "ebitda": 183900000,
    "ebitdaratio": 0.0765994668,
    "operatingIncome": 127200000,
    "operatingIncomeRatio": 0.0529823392,
    "totalOtherIncomeExpensesNet": -17200000,
    "incomeBeforeTax": 110000000,
    "incomeBeforeTaxRatio": 0.0458180606,
    "incomeTaxExpense": 39600000,
    "netIncome": 70400000,
    "netIncomeRatio": 0.0293235588,
    "eps": 0.0525,
    "epsdiluted": 0.0525,
    "weightedAverageShsOut": 1340952000,
    "weightedAverageShsOutDil": 1340952000,
    "link": "https://www.sec.gov/Archives/edgar/data/60667/000006066797000016/0000060667-97-000016-index.htm",
    "finalLink": "https://www.sec.gov/Archives/edgar/data/60667/000006066797000016/"
  },
  {
    "date": "1997-01-31",
    "symbol": "LOW",
    "reportedCurrency": "USD",
    "cik": "0000060667",
    "fillingDate": "1997-04-25",
    "acceptedDate": "1997-04-25 00:00:00",
    "calendarYear": "1996",
    "period": "Q4",
    "revenue": 2041500000,
    "costOfRevenue": 1489100000,
    "grossProfit": 552400000,
    "grossProfitRatio": 0.2705853539,
    "researchAndDevelopmentExpenses": 0,
    "generalAndAdministrativeExpenses": 329700000,
    "sellingAndMarketingExpenses": 0,
    "sellingGeneralAndAdministrativeExpenses": 329700000,
    "otherExpenses": 55100000,
    "operatingExpenses": 384800000,
    "costAndExpenses": 1873900000,
    "interestIncome": 0,
    "interestExpense": 0,
    "depreciationAndAmortization": 55100000,
    "ebitda": 222700000,
    "ebitdaratio": 0.109086456,
    "operatingIncome": 167600000,
    "operatingIncomeRatio": 0.0820964977,
    "totalOtherIncomeExpensesNet": -81400000,
    "incomeBeforeTax": 86200000,
    "incomeBeforeTaxRatio": 0.042223855,
    "incomeTaxExpense": 30500000,
    "netIncome": 55700000,
    "netIncomeRatio": 0.0272838599,
    "eps": 0.0407,
    "epsdiluted": 0.0407,
    "weightedAverageShsOut": 1367273000,
    "weightedAverageShsOutDil": 1367273000,
    "link": "https://www.sec.gov/Archives/edgar/data/60667/000006066797000013/0000060667-97-000013-index.htm",
    "finalLink": "https://www.sec.gov/Archives/edgar/data/60667/000006066797000013/"
  },
  {
    "date": "1996-10-31",
    "symbol": "LOW",
    "reportedCurrency": "USD",
    "cik": "0000060667",
    "fillingDate": "1996-12-13",
    "acceptedDate": "1996-12-13 00:00:00",
    "calendarYear": "1996",
    "period": "Q3",
    "revenue": 2193200000,
    "costOfRevenue": 1627100000,
    "grossProfit": 477400000,
    "grossProfitRatio": 0.2176728069,
    "researchAndDevelopmentExpenses": 0,
    "generalAndAdministrativeExpenses": 388400000,
    "sellingAndMarketingExpenses": 0,
    "sellingGeneralAndAdministrativeExpenses": 388400000,
    "otherExpenses": 50700000,
    "operatingExpenses": 439100000,
    "costAndExpenses": 2066200000,
    "interestIncome": 0,
    "interestExpense": 0,
    "depreciationAndAmortization": 50700000,
    "ebitda": 177700000,
    "ebitdaratio": 0.0810231625,
    "operatingIncome": 127000000,
    "operatingIncomeRatio": 0.0579062557,
    "totalOtherIncomeExpensesNet": -10400000,
    "incomeBeforeTax": 116600000,
    "incomeBeforeTaxRatio": 0.0531643261,
    "incomeTaxExpense": 41400000,
    "netIncome": 75200000,
    "netIncomeRatio": 0.0342877987,
    "eps": 0.055,
    "epsdiluted": 0.055,
    "weightedAverageShsOut": 1367273000,
    "weightedAverageShsOutDil": 1367273000,
    "link": "https://www.sec.gov/Archives/edgar/data/60667/000006066796000012/0000060667-96-000012-index.htm",
    "finalLink": "https://www.sec.gov/Archives/edgar/data/60667/000006066796000012/"
  },
  {
    "date": "1996-07-31",
    "symbol": "LOW",
    "reportedCurrency": "USD",
    "cik": "0000060667",
    "fillingDate": "1996-09-12",
    "acceptedDate": "1996-09-12 00:00:00",
    "calendarYear": "1996",
    "period": "Q2",
    "revenue": 2459000000,
    "costOfRevenue": 1829500000,
    "grossProfit": 629500000,
    "grossProfitRatio": 0.2559983733,
    "researchAndDevelopmentExpenses": 0,
    "generalAndAdministrativeExpenses": 391600000,
    "sellingAndMarketingExpenses": 0,
    "sellingGeneralAndAdministrativeExpenses": 391600000,
    "otherExpenses": 48500000,
    "operatingExpenses": 440100000,
    "costAndExpenses": 2269600000,
    "interestIncome": 0,
    "interestExpense": 0,
    "depreciationAndAmortization": 48500000,
    "ebitda": 237900000,
    "ebitdaratio": 0.096746645,
    "operatingIncome": 189400000,
    "operatingIncomeRatio": 0.0770231802,
    "totalOtherIncomeExpensesNet": -12000000,
    "incomeBeforeTax": 177400000,
    "incomeBeforeTaxRatio": 0.0721431476,
    "incomeTaxExpense": 63100000,
    "netIncome": 114300000,
    "netIncomeRatio": 0.0464823099,
    "eps": 0.0875,
    "epsdiluted": 0.085,
    "weightedAverageShsOut": 1306286000,
    "weightedAverageShsOutDil": 1344706000,
    "link": "https://www.sec.gov/Archives/edgar/data/60667/000006066796000010/0000060667-96-000010-index.htm",
    "finalLink": "https://www.sec.gov/Archives/edgar/data/60667/000006066796000010/"
  },
  {
    "date": "1996-04-30",
    "symbol": "LOW",
    "reportedCurrency": "USD",
    "cik": "0000060667",
    "fillingDate": "1996-06-12",
    "acceptedDate": "1996-06-12 00:00:00",
    "calendarYear": "1996",
    "period": "Q1",
    "revenue": 1906500000,
    "costOfRevenue": 1429100000,
    "grossProfit": 477400000,
    "grossProfitRatio": 0.2504065041,
    "researchAndDevelopmentExpenses": 0,
    "generalAndAdministrativeExpenses": 345200000,
    "sellingAndMarketingExpenses": 0,
    "sellingGeneralAndAdministrativeExpenses": 345200000,
    "otherExpenses": 45500000,
    "operatingExpenses": 390700000,
    "costAndExpenses": 1819800000,
    "interestIncome": 0,
    "interestExpense": 0,
    "depreciationAndAmortization": 45500000,
    "ebitda": 132200000,
    "ebitdaratio": 0.0693417257,
    "operatingIncome": 86700000,
    "operatingIncomeRatio": 0.0454760031,
    "totalOtherIncomeExpensesNet": -13100000,
    "incomeBeforeTax": 73600000,
    "incomeBeforeTaxRatio": 0.0386047731,
    "incomeTaxExpense": 26500000,
    "netIncome": 47100000,
    "netIncomeRatio": 0.0247049567,
    "eps": 0.0375,
    "epsdiluted": 0.0375,
    "weightedAverageShsOut": 1256000000,
    "weightedAverageShsOutDil": 1256000000,
    "link": "https://www.sec.gov/Archives/edgar/data/60667/000006066796000007/0000060667-96-000007-index.htm",
    "finalLink": "https://www.sec.gov/Archives/edgar/data/60667/000006066796000007/"
  },
  {
    "date": "1996-01-31",
    "symbol": "LOW",
    "reportedCurrency": "USD",
    "cik": "0000060667",
    "fillingDate": "1996-04-29",
    "acceptedDate": "1996-04-29 00:00:00",
    "calendarYear": "1995",
    "period": "Q4",
    "revenue": 1696700000,
    "costOfRevenue": 1277200000,
    "grossProfit": 419500000,
    "grossProfitRatio": 0.2472446514,
    "researchAndDevelopmentExpenses": 0,
    "generalAndAdministrativeExpenses": 299600000,
    "sellingAndMarketingExpenses": 0,
    "sellingGeneralAndAdministrativeExpenses": 299600000,
    "otherExpenses": 43200000,
    "operatingExpenses": 342800000,
    "costAndExpenses": 1620000000,
    "interestIncome": 0,
    "interestExpense": 0,
    "depreciationAndAmortization": 43200000,
    "ebitda": 119900000,
    "ebitdaratio": 0.0706665881,
    "operatingIncome": 76700000,
    "operatingIncomeRatio": 0.0452053987,
    "totalOtherIncomeExpensesNet": -18600000,
    "incomeBeforeTax": 58100000,
    "incomeBeforeTaxRatio": 0.0342429422,
    "incomeTaxExpense": 20000000,
    "netIncome": 38100000,
    "netIncomeRatio": 0.0224553545,
    "eps": 0.0303,
    "epsdiluted": 0.0303,
    "weightedAverageShsOut": 1256000000,
    "weightedAverageShsOutDil": 1256000000,
    "link": "https://www.sec.gov/Archives/edgar/data/60667/000006066796000005/0000060667-96-000005-index.htm",
    "finalLink": "https://www.sec.gov/Archives/edgar/data/60667/000006066796000005/"
  },
  {
    "date": "1995-10-31",
    "symbol": "LOW",
    "reportedCurrency": "USD",
    "cik": "0000060667",
    "fillingDate": "1995-12-13",
    "acceptedDate": "1995-12-13 00:00:00",
    "calendarYear": "1995",
    "period": "Q3",
    "revenue": 1766000000,
    "costOfRevenue": 1336200000,
    "grossProfit": 423300000,
    "grossProfitRatio": 0.2396942242,
    "researchAndDevelopmentExpenses": 0,
    "generalAndAdministrativeExpenses": 301200000,
    "sellingAndMarketingExpenses": 0,
    "sellingGeneralAndAdministrativeExpenses": 301200000,
    "otherExpenses": 39700000,
    "operatingExpenses": 340900000,
    "costAndExpenses": 1677100000,
    "interestIncome": 0,
    "interestExpense": 0,
    "depreciationAndAmortization": 39700000,
    "ebitda": 128600000,
    "ebitdaratio": 0.072819932,
    "operatingIncome": 88900000,
    "operatingIncomeRatio": 0.0503397508,
    "totalOtherIncomeExpensesNet": -20700000,
    "incomeBeforeTax": 68200000,
    "incomeBeforeTaxRatio": 0.0386183465,
    "incomeTaxExpense": 24300000,
    "netIncome": 43900000,
    "netIncomeRatio": 0.0248584371,
    "eps": 0.035,
    "epsdiluted": 0.035,
    "weightedAverageShsOut": 1254286000,
    "weightedAverageShsOutDil": 1254286000,
    "link": "https://www.sec.gov/Archives/edgar/data/60667/000006066795000010/0000060667-95-000010-index.htm",
    "finalLink": "https://www.sec.gov/Archives/edgar/data/60667/000006066795000010/"
  }
]