[
  {
    "date": "2025-01-31",
    "symbol": "LOW",
    "reportedCurrency": "USD",
    "cik": "0000060667",
    "fillingDate": "2025-03-24",
    "acceptedDate": "2025-03-24 16:33:13",
    "calendarYear": "2024",
    "period": "FY",
    "revenue": 83674000000,
    "costOfRevenue": 57526000000,
    "grossProfit": 26148000000,
    "grossProfitRatio": 0.3124985061,
    "researchAndDevelopmentExpenses": 0,
    "generalAndAdministrativeExpenses": 14584000000,
    "sellingAndMarketingExpenses": 921000000,
    "sellingGeneralAndAdministrativeExpenses": 15505000000,
    "otherExpenses": 531000000,
    "operatingExpenses": 16036000000,
    "costAndExpenses": 73562000000,
    "interestIncome": 159000000,
    "interestExpense": 1469000000,
    "depreciationAndAmortization": 1972000000,
    "ebitda": 12594000000,
    "ebitdaratio": 0.1505127041,
    "operatingIncome": 10112000000,
    "operatingIncomeRatio": 0.1208499653,
    "totalOtherIncomeExpensesNet": -959000000,
    "incomeBeforeTax": 9153000000,
    "incomeBeforeTaxRatio": 0.1093888185,
    "incomeTaxExpense": 2196000000,
    "netIncome": 6957000000,
    "netIncomeRatio": 0.0831441069,
    "eps": 12.25,
    "epsdiluted": 12.23,
    "weightedAverageShsOut": 567000000,
    "weightedAverageShsOutDil": 567457000,
    "link": "https://www.sec.gov/Archives/edgar/data/60667/000006066725000049/0000060667-25-000049-index.htm",
    "finalLink": "https://www.sec.gov/Archives/edgar/data/60667/000006066725000049/low-20250131.htm"
  },
  {
    "date": "2024-02-02",
    "symbol": "LOW",
    "reportedCurrency": "USD",
    "cik": "0000060667",
    "fillingDate": "2024-03-25",
    "acceptedDate": "2024-03-25 16:18:34",
    "calendarYear": "2023",
    "period": "FY",
    "revenue": 86377000000,
    "costOfRevenue": 59250000000,
    "grossProfit": 27127000000,
    "grossProfitRatio": 0.3140535096,
    "researchAndDevelopmentExpenses": 0,
    "generalAndAdministrativeExpenses": 0,
    "sellingAndMarketingExpenses": 0,
    "sellingGeneralAndAdministrativeExpenses": 15593000000,
    "otherExpenses": 0,
    "operatingExpenses": 15593000000,
    "costAndExpenses": 74843000000,
    "interestIncome": 101000000,
    "interestExpense": 1473000000,
    "depreciationAndAmortization": 1923000000,
    "ebitda": 13571000000,
    "ebitdaratio": 0.1571135835,
    "operatingIncome": 11534000000,
    "operatingIncomeRatio": 0.1335309168,
    "totalOtherIncomeExpensesNet": -1359000000,
    "incomeBeforeTax": 10175000000,
    "incomeBeforeTaxRatio": 0.1177975619,
    "incomeTaxExpense": 2449000000,
    "netIncome": 7726000000,
    "netIncomeRatio": 0.0894451069,
    "eps": 13.24,
    "epsdiluted": 13.2,
    "weightedAverageShsOut": 582000000,
    "weightedAverageShsOutDil": 584000000,
    "link": "https://www.sec.gov/Archives/edgar/data/60667/000006066724000033/0000060667-24-000033-index.htm",
    "finalLink": "https://www.sec.gov/Archives/edgar/data/60667/000006066724000033/low-20240202.htm"
  },
  {
    "date": "2023-02-03",
    "symbol": "LOW",
    "reportedCurrency": "USD",
    "cik": "0000060667",
    "fillingDate": "2023-03-27",
    "acceptedDate": "2023-03-27 16:46:36",
    "calendarYear": "2022",
    "period": "FY",
    "revenue": 97059000000,
    "costOfRevenue": 66568000000,
    "grossProfit": 30491000000,
    "grossProfitRatio": 0.3141491258,
    "researchAndDevelopmentExpenses": 0,
    "generalAndAdministrativeExpenses": 0,
    "sellingAndMarketingExpenses": 0,
    "sellingGeneralAndAdministrativeExpenses": 17831000000,
    "otherExpenses": 0,
    "operatingExpenses": 17831000000,
    "costAndExpenses": 84399000000,
    "interestIncome": 37000000,
    "interestExpense": 1138000000,
    "depreciationAndAmortization": 2511000000,
    "ebitda": 12685000000,
    "ebitdaratio": 0.1306937018,
    "operatingIncome": 12660000000,
    "operatingIncomeRatio": 0.1304361265,
    "totalOtherIncomeExpensesNet": -3624000000,
    "incomeBeforeTax": 9036000000,
    "incomeBeforeTaxRatio": 0.0930980125,
    "incomeTaxExpense": 2599000000,
    "netIncome": 6437000000,
    "netIncomeRatio": 0.0663204855,
    "eps": 10.2,
    "epsdiluted": 10.17,
    "weightedAverageShsOut": 629000000,
    "weightedAverageShsOutDil": 631000000,
    "link": "https://www.sec.gov/Archives/edgar/data/60667/000006066723000034/0000060667-23-000034-index.htm",
    "finalLink": "https://www.sec.gov/Archives/edgar/data/60667/000006066723000034/low-20230203.htm"
  },
  {
    "date": "2022-01-28",
    "symbol": "LOW",
    "reportedCurrency": "USD",
    "cik": "0000060667",
    "fillingDate": "2022-03-21",
    "acceptedDate": "2022-03-21 16:47:51",
    "calendarYear": "2021",
    "period": "FY",
    "revenue": 96250000000,
    "costOfRevenue": 65856000000,
    "grossProfit": 30394000000,
    "grossProfitRatio": 0.3157818182,
    "researchAndDevelopmentExpenses": 0,
    "generalAndAdministrativeExpenses": 0,
    "sellingAndMarketingExpenses": 0,
    "sellingGeneralAndAdministrativeExpenses": 18139000000,
    "otherExpenses": 0,
    "operatingExpenses": 18139000000,
    "costAndExpenses": 83995000000,
    "interestIncome": 12000000,
    "interestExpense": 859000000,
    "depreciationAndAmortization": 2399000000,
    "ebitda": 14466000000,
    "ebitdaratio": 0.1502961039,
    "operatingIncome": 12255000000,
    "operatingIncomeRatio": 0.1273246753,
    "totalOtherIncomeExpensesNet": -1047000000,
    "incomeBeforeTax": 11208000000,
    "incomeBeforeTaxRatio": 0.1164467532,
    "incomeTaxExpense": 2766000000,
    "netIncome": 8442000000,
    "netIncomeRatio": 0.0877090909,
    "eps": 12.08,
    "epsdiluted": 12.03,
    "weightedAverageShsOut": 696000000,
    "weightedAverageShsOutDil": 699000000,
    "link": "https://www.sec.gov/Archives/edgar/data/60667/000006066722000038/0000060667-22-000038-index.htm",
    "finalLink": "https://www.sec.gov/Archives/edgar/data/60667/000006066722000038/low-20220128.htm"
  },
  {
    "date": "2021-01-29",
    "symbol": "LOW",
    "reportedCurrency": "USD",
    "cik": "0000060667",
    "fillingDate": "2021-03-22",
    "acceptedDate": "2021-03-22 17:06:03",
    "calendarYear": "2020",
    "period": "FY",
    "revenue": 89597000000,
    "costOfRevenue": 61424000000,
    "grossProfit": 28173000000,
    "grossProfitRatio": 0.3144413317,
    "researchAndDevelopmentExpenses": 0,
    "generalAndAdministrativeExpenses": 0,
    "sellingAndMarketingExpenses": 0,
    "sellingGeneralAndAdministrativeExpenses": 17291000000,
    "otherExpenses": 0,
    "operatingExpenses": 17291000000,
    "costAndExpenses": 78715000000,
    "interestIncome": 24000000,
    "interestExpense": 872000000,
    "depreciationAndAmortization": 2073000000,
    "ebitda": 10684000000,
    "ebitdaratio": 0.119245064,
    "operatingIncome": 10882000000,
    "operatingIncomeRatio": 0.1214549594,
    "totalOtherIncomeExpensesNet": -3143000000,
    "incomeBeforeTax": 7739000000,
    "incomeBeforeTaxRatio": 0.0863756599,
    "incomeTaxExpense": 1904000000,
    "netIncome": 5835000000,
    "netIncomeRatio": 0.0651249484,
    "eps": 7.77,
    "epsdiluted": 7.75,
    "weightedAverageShsOut": 748000000,
    "weightedAverageShsOutDil": 750000000,
    "link": "https://www.sec.gov/Archives/edgar/data/60667/000006066721000026/0000060667-21-000026-index.htm",
    "finalLink": "https://www.sec.gov/Archives/edgar/data/60667/000006066721000026/low-20210129.htm"
  },
  {
    "date": "2020-01-31",
    "symbol": "LOW",
    "reportedCurrency": "USD",
    "cik": "0000060667",
    "fillingDate": "2020-03-23",
    "acceptedDate": "2020-03-23 17:05:45",
    "calendarYear": "2019",
    "period": "FY",
    "revenue": 72148000000,
    "costOfRevenue": 50467000000,
    "grossProfit": 21681000000,
    "grossProfitRatio": 0.3005072906,
    "researchAndDevelopmentExpenses": 0,
    "generalAndAdministrativeExpenses": 0,
    "sellingAndMarketingExpenses": 0,
    "sellingGeneralAndAdministrativeExpenses": 15102000000,
    "otherExpenses": 0,
    "operatingExpenses": 15102000000,
    "costAndExpenses": 65569000000,
    "interestIncome": 27000000,
    "interestExpense": 718000000,
    "depreciationAndAmortization": 1878000000,
    "ebitda": 8219000000,
    "ebitdaratio": 0.1139186117,
    "operatingIncome": 6579000000,
    "operatingIncomeRatio": 0.0911875589,
    "totalOtherIncomeExpensesNet": -956000000,
    "incomeBeforeTax": 5623000000,
    "incomeBeforeTaxRatio": 0.0779370184,
    "incomeTaxExpense": 1342000000,
    "netIncome": 4281000000,
    "netIncomeRatio": 0.0593363641,
    "eps": 5.49,
    "epsdiluted": 5.49,
    "weightedAverageShsOut": 777000000,
    "weightedAverageShsOutDil": 778000000,
    "link": "https://www.sec.gov/Archives/edgar/data/60667/000006066720000036/0000060667-20-000036-index.htm",
    "finalLink": "https://www.sec.gov/Archives/edgar/data/60667/000006066720000036/form10k01312020.htm"
  },
  {
    "date": "2019-02-01",
    "symbol": "LOW",
    "reportedCurrency": "USD",
    "cik": "0000060667",
    "fillingDate": "2019-04-02",
    "acceptedDate": "2019-04-01 19:26:18",
    "calendarYear": "2018",
    "period": "FY",
    "revenue": 71309000000,
    "costOfRevenue": 49878000000,
    "grossProfit": 21431000000,
    "grossProfitRatio": 0.3005370991,
    "researchAndDevelopmentExpenses": 0,
    "generalAndAdministrativeExpenses": 0,
    "sellingAndMarketingExpenses": 0,
    "sellingGeneralAndAdministrativeExpenses": 15326000000,
    "otherExpenses": 0,
    "operatingExpenses": 15326000000,
    "costAndExpenses": 65204000000,
    "interestIncome": 28000000,
    "interestExpense": 649000000,
    "depreciationAndAmortization": 1607000000,
    "ebitda": 5650000000,
    "ebitdaratio": 0.0792326354,
    "operatingIncome": 6105000000,
    "operatingIncomeRatio": 0.0856133167,
    "totalOtherIncomeExpensesNet": -2711000000,
    "incomeBeforeTax": 3394000000,
    "incomeBeforeTaxRatio": 0.0475956752,
    "incomeTaxExpense": 1080000000,
    "netIncome": 2314000000,
    "netIncomeRatio": 0.0324503218,
    "eps": 2.85,
    "epsdiluted": 2.85,
    "weightedAverageShsOut": 811000000,
    "weightedAverageShsOutDil": 812000000,
    "link": "https://www.sec.gov/Archives/edgar/data/60667/000006066719000042/0000060667-19-000042-index.htm",
    "finalLink": "https://www.sec.gov/Archives/edgar/data/60667/000006066719000042/form10k_02012019.htm"
  },
  {
    "date": "2018-02-02",
    "symbol": "LOW",
    "reportedCurrency": "USD",
    "cik": "0000060667",
    "fillingDate": "2018-04-02",
    "acceptedDate": "2018-04-02 16:36:28",
    "calendarYear": "2017",
    "period": "FY",
    "revenue": 68619000000,
    "costOfRevenue": 47589000000,
    "grossProfit": 21030000000,
    "grossProfitRatio": 0.306474883,
    "researchAndDevelopmentExpenses": 0,
    "generalAndAdministrativeExpenses": 0,
    "sellingAndMarketingExpenses": 0,
    "sellingGeneralAndAdministrativeExpenses": 14444000000,
    "otherExpenses": 0,
    "operatingExpenses": 14444000000,
    "costAndExpenses": 62033000000,
    "interestIncome": 16000000,
    "interestExpense": 652000000,
    "depreciationAndAmortization": 1540000000,
    "ebitda": 7681000000,
    "ebitdaratio": 0.1119369271,
    "operatingIncome": 6586000000,
    "operatingIncomeRatio": 0.0959792477,
    "totalOtherIncomeExpensesNet": -1097000000,
    "incomeBeforeTax": 5489000000,
    "incomeBeforeTaxRatio": 0.0799924219,
    "incomeTaxExpense": 2042000000,
    "netIncome": 3447000000,
    "netIncomeRatio": 0.0502339002,
    "eps": 4.09,
    "epsdiluted": 4.09,
    "weightedAverageShsOut": 839000000,
    "weightedAverageShsOutDil": 840000000,
    "link": "https://www.sec.gov/Archives/edgar/data/60667/000006066718000051/0000060667-18-000051-index.htm",
    "finalLink": "https://www.sec.gov/Archives/edgar/data/60667/000006066718000051/form10k_02022018.htm"
  },
  {
    "date": "2017-02-03",
    "symbol": "LOW",
    "reportedCurrency": "USD",
    "cik": "0000060667",
    "fillingDate": "2017-04-04",
    "acceptedDate": "2017-04-04 09:27:27",
    "calendarYear": "2016",
    "period": "FY",
    "revenue": 65017000000,
    "costOfRevenue": 44042000000,
    "grossProfit": 20975000000,
    "grossProfitRatio": 0.3226079333,
    "researchAndDevelopmentExpenses": 0,
    "generalAndAdministrativeExpenses": 0,
    "sellingAndMarketingExpenses": 0,
    "sellingGeneralAndAdministrativeExpenses": 15162000000,
    "otherExpenses": 0,
    "operatingExpenses": 15162000000,
    "costAndExpenses": 59204000000,
    "interestIncome": 12000000,
    "interestExpense": 655000000,
    "depreciationAndAmortization": 1590000000,
    "ebitda": 7446000000,
    "ebitdaratio": 0.1145238938,
    "operatingIncome": 5813000000,
    "operatingIncomeRatio": 0.0894073858,
    "totalOtherIncomeExpensesNet": -612000000,
    "incomeBeforeTax": 5201000000,
    "incomeBeforeTaxRatio": 0.079994463,
    "incomeTaxExpense": 2108000000,
    "netIncome": 3091000000,
    "netIncomeRatio": 0.0475414122,
    "eps": 3.48,
    "epsdiluted": 3.47,
    "weightedAverageShsOut": 880000000,
    "weightedAverageShsOutDil": 881000000,
    "link": "https://www.sec.gov/Archives/edgar/data/60667/000006066717000076/0000060667-17-000076-index.htm",
    "finalLink": "https://www.sec.gov/Archives/edgar/data/60667/000006066717000076/lowesform10k.htm"
  },
  {
    "date": "2016-01-29",
    "symbol": "LOW",
    "reportedCurrency": "USD",
    "cik": "0000060667",
    "fillingDate": "2016-03-29",
    "acceptedDate": "2016-03-28 19:07:36",
    "calendarYear": "2015",
    "period": "FY",
    "revenue": 59074000000,
    "costOfRevenue": 39988000000,
    "grossProfit": 19086000000,
    "grossProfitRatio": 0.3230862985,
    "researchAndDevelopmentExpenses": 0,
    "generalAndAdministrativeExpenses": 0,
    "sellingAndMarketingExpenses": 0,
    "sellingGeneralAndAdministrativeExpenses": 14105000000,
    "otherExpenses": 0,
    "operatingExpenses": 14105000000,
    "costAndExpenses": 54093000000,
    "interestIncome": 4000000,
    "interestExpense": 544000000,
    "depreciationAndAmortization": 1587000000,
    "ebitda": 6550000000,
    "ebitdaratio": 0.110877882,
    "operatingIncome": 4981000000,
    "operatingIncomeRatio": 0.0843179741,
    "totalOtherIncomeExpensesNet": -562000000,
    "incomeBeforeTax": 4419000000,
    "incomeBeforeTaxRatio": 0.0748044825,
    "incomeTaxExpense": 1873000000,
    "netIncome": 2546000000,
    "netIncomeRatio": 0.0430984866,
    "eps": 2.73,
    "epsdiluted": 2.73,
    "weightedAverageShsOut": 927000000,
    "weightedAverageShsOutDil": 929000000,
    "link": "https://www.sec.gov/Archives/edgar/data/60667/000006066716000276/0000060667-16-000276-index.htm",
    "finalLink": "https://www.sec.gov/Archives/edgar/data/60667/000006066716000276/lowesform10k.htm"
  },
  {
    "date": "2015-01-30",
    "symbol": "LOW",
    "reportedCurrency": "USD",
    "cik": "0000060667",
    "fillingDate": "2015-03-31",
    "acceptedDate": "2015-03-31 15:10:12",
    "calendarYear": "2014",
    "period": "FY",
    "revenue": 56223000000,
    "costOfRevenue": 38150000000,
    "grossProfit": 18073000000,
    "grossProfitRatio": 0.3214520748,
    "researchAndDevelopmentExpenses": 0,
    "generalAndAdministrativeExpenses": 0,
    "sellingAndMarketingExpenses": 0,
    "sellingGeneralAndAdministrativeExpenses": 13253000000,
    "otherExpenses": 0,
    "operatingExpenses": 13253000000,
    "costAndExpenses": 51403000000,
    "interestIncome": 6000000,
    "interestExpense": 523000000,
    "depreciationAndAmortization": 1586000000,
    "ebitda": 6385000000,
    "ebitdaratio": 0.1135656226,
    "operatingIncome": 4820000000,
    "operatingIncomeRatio": 0.0857300393,
    "totalOtherIncomeExpensesNet": -544000000,
    "incomeBeforeTax": 4276000000,
    "incomeBeforeTaxRatio": 0.0760542838,
    "incomeTaxExpense": 1578000000,
    "netIncome": 2698000000,
    "netIncomeRatio": 0.0479874784,
    "eps": 2.71,
    "epsdiluted": 2.71,
    "weightedAverageShsOut": 988000000,
    "weightedAverageShsOutDil": 990000000,
    "link": "https://www.sec.gov/Archives/edgar/data/60667/000006066715000057/0000060667-15-000057-index.htm",
    "finalLink": "https://www.sec.gov/Archives/edgar/data/60667/000006066715000057/lowesform10k.htm"
  },
  {
    "date": "2014-01-31",
    "symbol": "LOW",
    "reportedCurrency": "USD",
    "cik": "0000060667",
    "fillingDate": "2014-03-31",
    "acceptedDate": "2014-03-31 17:21:20",
    "calendarYear": "2013",
    "period": "FY",
    "revenue": 53417000000,
    "costOfRevenue": 36403000000,
    "grossProfit": 17014000000,
    "grossProfitRatio": 0.318512833,
    "researchAndDevelopmentExpenses": 0,
    "generalAndAdministrativeExpenses": 0,
    "sellingAndMarketingExpenses": 0,
    "sellingGeneralAndAdministrativeExpenses": 12819000000,
    "otherExpenses": 0,
    "operatingExpenses": 12819000000,
    "costAndExpenses": 49222000000,
    "interestIncome": 4000000,
    "interestExpense": 474000000,
    "depreciationAndAmortization": 1562000000,
    "ebitda": 5709000000,
    "ebitdaratio": 0.1068760881,
    "operatingIncome": 4195000000,
    "operatingIncomeRatio": 0.0785330513,
    "totalOtherIncomeExpensesNet": -522000000,
    "incomeBeforeTax": 3673000000,
    "incomeBeforeTaxRatio": 0.0687608814,
    "incomeTaxExpense": 1387000000,
    "netIncome": 2286000000,
    "netIncomeRatio": 0.0427953648,
    "eps": 2.14,
    "epsdiluted": 2.14,
    "weightedAverageShsOut": 1059000000,
    "weightedAverageShsOutDil": 1061000000,
    "link": "https://www.sec.gov/Archives/edgar/data/60667/000006066714000054/0000060667-14-000054-index.htm",
    "finalLink": "https://www.sec.gov/Archives/edgar/data/60667/000006066714000054/lowesform10k.htm"
  },
  {
    "date": "2013-02-01",
    "symbol": "LOW",
    "reportedCurrency": "USD",
    "cik": "0000060667",
    "fillingDate": "2013-04-02",
    "acceptedDate": "2013-04-01 18:19:20",
    "calendarYear": "2012",
    "period": "FY",
    "revenue": 50521000000,
    "costOfRevenue": 34717000000,
    "grossProfit": 15804000000,
    "grossProfitRatio": 0.3128204113,
    "researchAndDevelopmentExpenses": 0,
    "generalAndAdministrativeExpenses": 0,
    "sellingAndMarketingExpenses": 0,
    "sellingGeneralAndAdministrativeExpenses": 12158000000,
    "otherExpenses": 0,
    "operatingExpenses": 12158000000,
    "costAndExpenses": 46875000000,
    "interestIncome": 9000000,
    "interestExpense": 459000000,
    "depreciationAndAmortization": 1623000000,
    "ebitda": 5219000000,
    "ebitdaratio": 0.1033035767,
    "operatingIncome": 3646000000,
    "operatingIncomeRatio": 0.0721680093,
    "totalOtherIncomeExpensesNet": -509000000,
    "incomeBeforeTax": 3137000000,
    "incomeBeforeTaxRatio": 0.062092991,
    "incomeTaxExpense": 1178000000,
    "netIncome": 1959000000,
    "netIncomeRatio": 0.0387759546,
    "eps": 1.69,
    "epsdiluted": 1.69,
    "weightedAverageShsOut": 1150000000,
    "weightedAverageShsOutDil": 1152000000,
    "link": "https://www.sec.gov/Archives/edgar/data/60667/000006066713000045/0000060667-13-000045-index.htm",
    "finalLink": "https://www.sec.gov/Archives/edgar/data/60667/000006066713000045/lowesform10k.htm"
  },
  {
    "date": "2012-02-03",
    "symbol": "LOW",
    "reportedCurrency": "USD",
    "cik": "0000060667",
    "fillingDate": "2012-04-02",
    "acceptedDate": "2012-04-02 16:59:25",
    "calendarYear": "2011",
    "period": "FY",
    "revenue": 50208000000,
    "costOfRevenue": 34338000000,
    "grossProfit": 15870000000,
    "grossProfitRatio": 0.316085086,
    "researchAndDevelopmentExpenses": 0,
    "generalAndAdministrativeExpenses": 0,
    "sellingAndMarketingExpenses": 0,
    "sellingGeneralAndAdministrativeExpenses": 12129000000,
    "otherExpenses": 0,
    "operatingExpenses": 12129000000,
    "costAndExpenses": 46467000000,
    "interestIncome": 12000000,
    "interestExpense": 383000000,
    "depreciationAndAmortization": 1579000000,
    "ebitda": 4868000000,
    "ebitdaratio": 0.0969566603,
    "operatingIncome": 3741000000,
    "operatingIncomeRatio": 0.0745100382,
    "totalOtherIncomeExpensesNet": -835000000,
    "incomeBeforeTax": 2906000000,
    "incomeBeforeTaxRatio": 0.0578792224,
    "incomeTaxExpense": 1067000000,
    "netIncome": 1839000000,
    "netIncomeRatio": 0.0366276291,
    "eps": 1.43,
    "epsdiluted": 1.43,
    "weightedAverageShsOut": 1271000000,
    "weightedAverageShsOutDil": 1273000000,
    "link": "https://www.sec.gov/Archives/edgar/data/60667/000006066712000096/0000060667-12-000096-index.htm",
    "finalLink": "https://www.sec.gov/Archives/edgar/data/60667/000006066712000096/lowesform10k02032012.htm"
  },
  {
    "date": "2011-01-28",
    "symbol": "LOW",
    "reportedCurrency": "USD",
    "cik": "0000060667",
    "fillingDate": "2011-03-29",
    "acceptedDate": "2011-03-29 08:26:52",
    "calendarYear": "2010",
    "period": "FY",
    "revenue": 48815000000,
    "costOfRevenue": 33249000000,
    "grossProfit": 15566000000,
    "grossProfitRatio": 0.3188773942,
    "researchAndDevelopmentExpenses": 0,
    "generalAndAdministrativeExpenses": 0,
    "sellingAndMarketingExpenses": 0,
    "sellingGeneralAndAdministrativeExpenses": 11941000000,
    "otherExpenses": 0,
    "operatingExpenses": 11941000000,
    "costAndExpenses": 45190000000,
    "interestIncome": 12000000,
    "interestExpense": 337000000,
    "depreciationAndAmortization": 1684000000,
    "ebitda": 5249000000,
    "ebitdaratio": 0.1075284236,
    "operatingIncome": 3625000000,
    "operatingIncomeRatio": 0.0742599611,
    "totalOtherIncomeExpensesNet": -397000000,
    "incomeBeforeTax": 3228000000,
    "incomeBeforeTaxRatio": 0.066127215,
    "incomeTaxExpense": 1218000000,
    "netIncome": 2010000000,
    "netIncomeRatio": 0.0411758681,
    "eps": 1.43,
    "epsdiluted": 1.42,
    "weightedAverageShsOut": 1401000000,
    "weightedAverageShsOutDil": 1403000000,
    "link": "https://www.sec.gov/Archives/edgar/data/60667/000006066711000061/0000060667-11-000061-index.htm",
    "finalLink": "https://www.sec.gov/Archives/edgar/data/60667/000006066711000061/lowesform10k01282011.htm"
  },
  {
    "date": "2010-01-29",
    "symbol": "LOW",
    "reportedCurrency": "USD",
    "cik": "0000060667",
    "fillingDate": "2010-03-30",
    "acceptedDate": "2010-03-30 17:28:54",
    "calendarYear": "2009",
    "period": "FY",
    "revenue": 47220000000,
    "costOfRevenue": 32371000000,
    "grossProfit": 14849000000,
    "grossProfitRatio": 0.3144642101,
    "researchAndDevelopmentExpenses": 0,
    "generalAndAdministrativeExpenses": 0,
    "sellingAndMarketingExpenses": 0,
    "sellingGeneralAndAdministrativeExpenses": 11630000000,
    "otherExpenses": 0,
    "operatingExpenses": 11630000000,
    "costAndExpenses": 44001000000,
    "interestIncome": 17000000,
    "interestExpense": 313000000,
    "depreciationAndAmortization": 1733000000,
    "ebitda": 4871000000,
    "ebitdaratio": 0.1031554426,
    "operatingIncome": 3219000000,
    "operatingIncomeRatio": 0.0681702668,
    "totalOtherIncomeExpensesNet": -394000000,
    "incomeBeforeTax": 2825000000,
    "incomeBeforeTaxRatio": 0.0598263448,
    "incomeTaxExpense": 1042000000,
    "netIncome": 1783000000,
    "netIncomeRatio": 0.037759424,
    "eps": 1.21,
    "epsdiluted": 1.21,
    "weightedAverageShsOut": 1462000000,
    "weightedAverageShsOutDil": 1464000000,
    "link": "https://www.sec.gov/Archives/edgar/data/60667/000006066710000059/0000060667-10-000059-index.htm",
    "finalLink": "https://www.sec.gov/Archives/edgar/data/60667/000006066710000059/lowesform10k01292010.htm"
  },
  {
    "date": "2009-01-30",
    "symbol": "LOW",
    "reportedCurrency": "USD",
    "cik": "0000060667",
    "fillingDate": "2009-03-31",
    "acceptedDate": "2009-03-31 16:34:00",
    "calendarYear": "2008",
    "period": "FY",
    "revenue": 48230000000,
    "costOfRevenue": 33268000000,
    "grossProfit": 14962000000,
    "grossProfitRatio": 0.3102218536,
    "researchAndDevelopmentExpenses": 0,
    "generalAndAdministrativeExpenses": 0,
    "sellingAndMarketingExpenses": 0,
    "sellingGeneralAndAdministrativeExpenses": 11141000000,
    "otherExpenses": 0,
    "operatingExpenses": 11141000000,
    "costAndExpenses": 44409000000,
    "interestIncome": 40000000,
    "interestExpense": 320000000,
    "depreciationAndAmortization": 1667000000,
    "ebitda": 5493000000,
    "ebitdaratio": 0.1138917686,
    "operatingIncome": 3821000000,
    "operatingIncomeRatio": 0.079224549,
    "totalOtherIncomeExpensesNet": -315000000,
    "incomeBeforeTax": 3506000000,
    "incomeBeforeTaxRatio": 0.0726933444,
    "incomeTaxExpense": 1311000000,
    "netIncome": 2195000000,
    "netIncomeRatio": 0.0455110927,
    "eps": 1.5,
    "epsdiluted": 1.49,
    "weightedAverageShsOut": 1457000000,
    "weightedAverageShsOutDil": 1468000000,
    "link": "https://www.sec.gov/Archives/edgar/data/60667/000006066709000036/0000060667-09-000036-index.htm",
    "finalLink": "https://www.sec.gov/Archives/edgar/data/60667/000006066709000036/lowesform10k01302009.htm"
  },
  {
    "date": "2008-02-01",
    "symbol": "LOW",
    "reportedCurrency": "USD",
    "cik": "0000060667",
    "fillingDate": "2008-04-01",
    "acceptedDate": "2008-04-01 17:02:10",
    "calendarYear": "2007",
    "period": "FY",
    "revenue": 48283000000,
    "costOfRevenue": 32922000000,
    "grossProfit": 15361000000,
    "grossProfitRatio": 0.3181451028,
    "researchAndDevelopmentExpenses": 0,
    "generalAndAdministrativeExpenses": 0,
    "sellingAndMarketingExpenses": 0,
    "sellingGeneralAndAdministrativeExpenses": 10628000000,
    "otherExpenses": 0,
    "operatingExpenses": 10628000000,
    "costAndExpenses": 43550000000,
    "interestIncome": 45000000,
    "interestExpense": 239000000,
    "depreciationAndAmortization": 1464000000,
    "ebitda": 6214000000,
    "ebitdaratio": 0.1286995423,
    "operatingIncome": 4733000000,
    "operatingIncomeRatio": 0.0980262204,
    "totalOtherIncomeExpensesNet": -222000000,
    "incomeBeforeTax": 4511000000,
    "incomeBeforeTaxRatio": 0.0934283288,
    "incomeTaxExpense": 1702000000,
    "netIncome": 2809000000,
    "netIncomeRatio": 0.0581778266,
    "eps": 1.9,
    "epsdiluted": 1.86,
    "weightedAverageShsOut": 1481000000,
    "weightedAverageShsOutDil": 1510000000,
    "link": "https://www.sec.gov/Archives/edgar/data/60667/000006066708000067/0000060667-08-000067-index.htm",
    "finalLink": "https://www.sec.gov/Archives/edgar/data/60667/000006066708000067/lowesform10k02012008.htm"
  },
  {
    "date": "2007-02-02",
    "symbol": "LOW",
    "reportedCurrency": "USD",
    "cik": "0000060667",
    "fillingDate": "2007-04-03",
    "acceptedDate": "2007-04-03 15:41:22",
    "calendarYear": "2006",
    "period": "FY",
    "revenue": 46927000000,
    "costOfRevenue": 31891000000,
    "grossProfit": 15036000000,
    "grossProfitRatio": 0.3204125557,
    "researchAndDevelopmentExpenses": 0,
    "generalAndAdministrativeExpenses": 0,
    "sellingAndMarketingExpenses": 0,
    "sellingGeneralAndAdministrativeExpenses": 9879000000,
    "otherExpenses": 0,
    "operatingExpenses": 9879000000,
    "costAndExpenses": 41770000000,
    "interestIncome": 52000000,
    "interestExpense": 206000000,
    "depreciationAndAmortization": 1237000000,
    "ebitda": 6441000000,
    "ebitdaratio": 0.1372557376,
    "operatingIncome": 5157000000,
    "operatingIncomeRatio": 0.1098940908,
    "totalOtherIncomeExpensesNet": -159000000,
    "incomeBeforeTax": 4998000000,
    "incomeBeforeTaxRatio": 0.1065058495,
    "incomeTaxExpense": 1893000000,
    "netIncome": 3105000000,
    "netIncomeRatio": 0.0661665992,
    "eps": 2.02,
    "epsdiluted": 1.99,
    "weightedAverageShsOut": 1535000000,
    "weightedAverageShsOutDil": 1566000000,
    "link": "https://www.sec.gov/Archives/edgar/data/60667/000006066707000052/0000060667-07-000052-index.htm",
    "finalLink": "https://www.sec.gov/Archives/edgar/data/60667/000006066707000052/lowesform10k02022007.htm"
  },
  {
    "date": "2006-02-03",
    "symbol": "LOW",
    "reportedCurrency": "USD",
    "cik": "0000060667",
    "fillingDate": "2006-04-07",
    "acceptedDate": "2006-04-06 20:18:41",
    "calendarYear": "2005",
    "period": "FY",
    "revenue": 43243000000,
    "costOfRevenue": 29433000000,
    "grossProfit": 13810000000,
    "grossProfitRatio": 0.3193580464,
    "researchAndDevelopmentExpenses": 0,
    "generalAndAdministrativeExpenses": 0,
    "sellingAndMarketingExpenses": 0,
    "sellingGeneralAndAdministrativeExpenses": 8998000000,
    "otherExpenses": -142000000,
    "operatingExpenses": 9140000000,
    "costAndExpenses": 38573000000,
    "interestIncome": 45000000,
    "interestExpense": 203000000,
    "depreciationAndAmortization": 1051000000,
    "ebitda": 5750000000,
    "ebitdaratio": 0.132969498,
    "operatingIncome": 4670000000,
    "operatingIncomeRatio": 0.1079943575,
    "totalOtherIncomeExpensesNet": -174000000,
    "incomeBeforeTax": 4506000000,
    "incomeBeforeTaxRatio": 0.1042018361,
    "incomeTaxExpense": 1735000000,
    "netIncome": 2771000000,
    "netIncomeRatio": 0.0640797354,
    "eps": 1.78,
    "epsdiluted": 1.73,
    "weightedAverageShsOut": 1555000000,
    "weightedAverageShsOutDil": 1607000000,
    "link": "https://www.sec.gov/Archives/edgar/data/60667/000006066706000079/0000060667-06-000079-index.htm",
    "finalLink": "https://www.sec.gov/Archives/edgar/data/60667/000006066706000079/lowesform10k02032006.htm"
  },
  {
    "date": "2005-01-28",
    "symbol": "LOW",
    "reportedCurrency": "USD",
    "cik": "0000060667",
    "fillingDate": "2005-04-13",
    "acceptedDate": "2005-04-13 16:37:25",
    "calendarYear": "2004",
    "period": "FY",
    "revenue": 36464000000,
    "costOfRevenue": 25067000000,
    "grossProfit": 11397000000,
    "grossProfitRatio": 0.3125548486,
    "researchAndDevelopmentExpenses": 0,
    "generalAndAdministrativeExpenses": 0,
    "sellingAndMarketingExpenses": 0,
    "sellingGeneralAndAdministrativeExpenses": 7531000000,
    "otherExpenses": -123000000,
    "operatingExpenses": 7654000000,
    "costAndExpenses": 32721000000,
    "interestIncome": 16000000,
    "interestExpense": 192000000,
    "depreciationAndAmortization": 926000000,
    "ebitda": 4654000000,
    "ebitdaratio": 0.1276327337,
    "operatingIncome": 3743000000,
    "operatingIncomeRatio": 0.1026491882,
    "totalOtherIncomeExpensesNet": -207000000,
    "incomeBeforeTax": 3536000000,
    "incomeBeforeTaxRatio": 0.0969723563,
    "incomeTaxExpense": 1360000000,
    "netIncome": 2176000000,
    "netIncomeRatio": 0.0596752962,
    "eps": 1.39,
    "epsdiluted": 1.35,
    "weightedAverageShsOut": 1558993000,
    "weightedAverageShsOutDil": 1605185000,
    "link": "https://www.sec.gov/Archives/edgar/data/60667/000006066705000099/0000060667-05-000099-index.htm",
    "finalLink": "https://www.sec.gov/Archives/edgar/data/60667/000006066705000099/lowesform10k01282005.htm"
  },
  {
    "date": "2004-01-30",
    "symbol": "LOW",
    "reportedCurrency": "USD",
    "cik": "0000060667",
    "fillingDate": "2004-04-08",
    "acceptedDate": "2004-04-07 18:25:33",
    "calendarYear": "2003",
    "period": "FY",
    "revenue": 30838000000,
    "costOfRevenue": 21231000000,
    "grossProfit": 9607000000,
    "grossProfitRatio": 0.3115312277,
    "researchAndDevelopmentExpenses": 0,
    "generalAndAdministrativeExpenses": 5671000000,
    "sellingAndMarketingExpenses": 0,
    "sellingGeneralAndAdministrativeExpenses": 5671000000,
    "otherExpenses": 758000000,
    "operatingExpenses": 6429000000,
    "costAndExpenses": 27660000000,
    "interestIncome": 0,
    "interestExpense": 0,
    "depreciationAndAmortization": 800000000,
    "ebitda": 3959000000,
    "ebitdaratio": 0.1283805694,
    "operatingIncome": 3124000000,
    "operatingIncomeRatio": 0.1013035865,
    "totalOtherIncomeExpensesNet": -180000000,
    "incomeBeforeTax": 2944000000,
    "incomeBeforeTaxRatio": 0.0954666321,
    "incomeTaxExpense": 1136000000,
    "netIncome": 1844000000,
    "netIncomeRatio": 0.0597963551,
    "eps": 1.16,
    "epsdiluted": 1.13,
    "weightedAverageShsOut": 1589655000,
    "weightedAverageShsOutDil": 1631858000,
    "link": "https://www.sec.gov/Archives/edgar/data/60667/000006066704000188/0000060667-04-000188-index.htm",
    "finalLink": "https://www.sec.gov/Archives/edgar/data/60667/000006066704000188/form10k1302004.htm"
  },
  {
    "date": "2003-01-31",
    "symbol": "LOW",
    "reportedCurrency": "USD",
    "cik": "0000060667",
    "fillingDate": "2003-04-15",
    "acceptedDate": "2003-04-15 16:27:44",
    "calendarYear": "2002",
    "period": "FY",
    "revenue": 26491000000,
    "costOfRevenue": 18465000000,
    "grossProfit": 8026000000,
    "grossProfitRatio": 0.3029708203,
    "researchAndDevelopmentExpenses": 0,
    "generalAndAdministrativeExpenses": 0,
    "sellingAndMarketingExpenses": 0,
    "sellingGeneralAndAdministrativeExpenses": 4754000000,
    "otherExpenses": 626000000,
    "operatingExpenses": 5485000000,
    "costAndExpenses": 23950000000,
    "interestIncome": 0,
    "interestExpense": 0,
    "depreciationAndAmortization": 645000000,
    "ebitda": 3186000000,
    "ebitdaratio": 0.1202672606,
    "operatingIncome": 2541000000,
    "operatingIncomeRatio": 0.0959193688,
    "totalOtherIncomeExpensesNet": -182000000,
    "incomeBeforeTax": 2359000000,
    "incomeBeforeTaxRatio": 0.089049111,
    "incomeTaxExpense": 888000000,
    "netIncome": 1491000000,
    "netIncomeRatio": 0.056283266,
    "eps": 0.95,
    "epsdiluted": 0.93,
    "weightedAverageShsOut": 1569474000,
    "weightedAverageShsOutDil": 1603226000,
    "link": "https://www.sec.gov/Archives/edgar/data/60667/000006066703000006/0000060667-03-000006-index.htm",
    "finalLink": "https://www.sec.gov/Archives/edgar/data/60667/000006066703000006/form10k2002.htm"
  },
  {
    "date": "2002-02-01",
    "symbol": "LOW",
    "reportedCurrency": "USD",
    "cik": "0000060667",
    "fillingDate": "2002-04-26",
    "acceptedDate": "2002-04-26 00:00:00",
    "calendarYear": "2001",
    "period": "FY",
    "revenue": 22111108000,
    "costOfRevenue": 15743267000,
    "grossProfit": 6367841000,
    "grossProfitRatio": 0.2879928496,
    "researchAndDevelopmentExpenses": 0,
    "generalAndAdministrativeExpenses": 4053000000,
    "sellingAndMarketingExpenses": 225000,
    "sellingGeneralAndAdministrativeExpenses": 4053225000,
    "otherExpenses": 534993000,
    "operatingExpenses": 4588218000,
    "costAndExpenses": 20331485000,
    "interestIncome": 0,
    "interestExpense": 0,
    "depreciationAndAmortization": 534102000,
    "ebitda": 2307000000,
    "ebitdaratio": 0.1043366981,
    "operatingIncome": 1779623000,
    "operatingIncomeRatio": 0.0804854736,
    "totalOtherIncomeExpensesNet": -174000000,
    "incomeBeforeTax": 1603000000,
    "incomeBeforeTaxRatio": 0.0724974976,
    "incomeTaxExpense": 600989000,
    "netIncome": 1023262000,
    "netIncomeRatio": 0.0462781874,
    "eps": 0.67,
    "epsdiluted": 0.65,
    "weightedAverageShsOut": 1544000000,
    "weightedAverageShsOutDil": 1590000000,
    "link": "https://www.sec.gov/Archives/edgar/data/60667/000006066702000003/0000060667-02-000003-index.htm",
    "finalLink": "https://www.sec.gov/Archives/edgar/data/60667/000006066702000003/form10k2001e.txt"
  },
  {
    "date": "2001-02-02",
    "symbol": "LOW",
    "reportedCurrency": "USD",
    "cik": "0000060667",
    "fillingDate": "2001-04-13",
    "acceptedDate": "2001-04-13 00:00:00",
    "calendarYear": "2000",
    "period": "FY",
    "revenue": 18778559000,
    "costOfRevenue": 13486898000,
    "grossProfit": 5291661000,
    "grossProfitRatio": 0.2817927084,
    "researchAndDevelopmentExpenses": 0,
    "generalAndAdministrativeExpenses": 3480000000,
    "sellingAndMarketingExpenses": -115000,
    "sellingGeneralAndAdministrativeExpenses": 3479885000,
    "otherExpenses": 409511000,
    "operatingExpenses": 3889396000,
    "costAndExpenses": 17376294000,
    "interestIncome": 0,
    "interestExpense": 0,
    "depreciationAndAmortization": 409511000,
    "ebitda": 1811776000,
    "ebitdaratio": 0.0964810985,
    "operatingIncome": 1402265000,
    "operatingIncomeRatio": 0.0746737276,
    "totalOtherIncomeExpensesNet": -120825000,
    "incomeBeforeTax": 1281440000,
    "incomeBeforeTaxRatio": 0.0682395279,
    "incomeTaxExpense": 471569000,
    "netIncome": 809871000,
    "netIncomeRatio": 0.0431274306,
    "eps": 0.53,
    "epsdiluted": 0.52,
    "weightedAverageShsOut": 1542611000,
    "weightedAverageShsOutDil": 1557444000,
    "link": "https://www.sec.gov/Archives/edgar/data/60667/000006066701500004/0000060667-01-500004-index.htm",
    "finalLink": "https://www.sec.gov/Archives/edgar/data/60667/000006066701500004/fk2000.txt"
  },
  {
    "date": "2000-01-28",
    "symbol": "LOW",
    "reportedCurrency": "USD",
    "cik": "0000060667",
    "fillingDate": "2000-04-26",
    "acceptedDate": "2000-04-26 00:00:00",
    "calendarYear": "1999",
    "period": "FY",
    "revenue": 15905595000,
    "costOfRevenue": 11524550000,
    "grossProfit": 4381045000,
    "grossProfitRatio": 0.2754404975,
    "researchAndDevelopmentExpenses": 0,
    "generalAndAdministrativeExpenses": 2871000000,
    "sellingAndMarketingExpenses": 0,
    "sellingGeneralAndAdministrativeExpenses": 2870876000,
    "otherExpenses": 337822000,
    "operatingExpenses": 3208698000,
    "costAndExpenses": 14733248000,
    "interestIncome": 0,
    "interestExpense": 0,
    "depreciationAndAmortization": 337822000,
    "ebitda": 1510169000,
    "ebitdaratio": 0.0949457722,
    "operatingIncome": 1172347000,
    "operatingIncomeRatio": 0.0737065794,
    "totalOtherIncomeExpensesNet": -109230000,
    "incomeBeforeTax": 1063117000,
    "incomeBeforeTaxRatio": 0.0668391846,
    "incomeTaxExpense": 390322000,
    "netIncome": 672795000,
    "netIncomeRatio": 0.0422992664,
    "eps": 0.44,
    "epsdiluted": 0.44,
    "weightedAverageShsOut": 1524960000,
    "weightedAverageShsOutDil": 1535416000,
    "link": "https://www.sec.gov/Archives/edgar/data/60667/000006066700000002/0000060667-00-000002-index.htm",
    "finalLink": "https://www.sec.gov/Archives/edgar/data/60667/000006066700000002/"
  },
  {
    "date": "1999-01-29",
    "symbol": "LOW",
    "reportedCurrency": "USD",
    "cik": "0000060667",
    "fillingDate": "1999-04-19",
    "acceptedDate": "1999-04-19 00:00:00",
    "calendarYear": "1998",
    "period": "FY",
    "revenue": 12244900000,
    "costOfRevenue": 8949800000,
    "grossProfit": 3295100000,
    "grossProfitRatio": 0.2690997885,
    "researchAndDevelopmentExpenses": 0,
    "generalAndAdministrativeExpenses": 2190000000,
    "sellingAndMarketingExpenses": -200000,
    "sellingGeneralAndAdministrativeExpenses": 2189800000,
    "otherExpenses": 272200000,
    "operatingExpenses": 2462000000,
    "costAndExpenses": 11411800000,
    "interestIncome": 0,
    "interestExpense": 0,
    "depreciationAndAmortization": 272200000,
    "ebitda": 1157359000,
    "ebitdaratio": 0.0945176359,
    "operatingIncome": 868307000,
    "operatingIncomeRatio": 0.0709117265,
    "totalOtherIncomeExpensesNet": -80941000,
    "incomeBeforeTax": 787366000,
    "incomeBeforeTaxRatio": 0.0643015459,
    "incomeTaxExpense": 276000000,
    "netIncome": 500374000,
    "netIncomeRatio": 0.0408638699,
    "eps": 0.34,
    "epsdiluted": 0.34,
    "weightedAverageShsOut": 1483248000,
    "weightedAverageShsOutDil": 1503004000,
    "link": "https://www.sec.gov/Archives/edgar/data/60667/000006066799000010/0000060667-99-000010-index.htm",
    "finalLink": "https://www.sec.gov/Archives/edgar/data/60667/000006066799000010/"
  },
  {
    "date": "1998-01-30",
    "symbol": "LOW",
    "reportedCurrency": "USD",
    "cik": "0000060667",
    "fillingDate": "1998-04-27",
    "acceptedDate": "1998-04-27 00:00:00",
    "calendarYear": "1997",
    "period": "FY",
    "revenue": 10136900000,
    "costOfRevenue": 7446900000,
    "grossProfit": 2690000000,
    "grossProfitRatio": 0.2653671241,
    "researchAndDevelopmentExpenses": 0,
    "generalAndAdministrativeExpenses": 1824800000,
    "sellingAndMarketingExpenses": 0,
    "sellingGeneralAndAdministrativeExpenses": 1824800000,
    "otherExpenses": 241100000,
    "operatingExpenses": 2065900000,
    "costAndExpenses": 10438132000,
    "interestIncome": 0,
    "interestExpense": 0,
    "depreciationAndAmortization": 241100000,
    "ebitda": 926132000,
    "ebitdaratio": 0.0913624481,
    "operatingIncome": 670246000,
    "operatingIncomeRatio": 0.0661194251,
    "totalOtherIncomeExpensesNet": -71615000,
    "incomeBeforeTax": 598631000,
    "incomeBeforeTaxRatio": 0.059054642,
    "incomeTaxExpense": 201100000,
    "netIncome": 383030000,
    "netIncomeRatio": 0.0377857136,
    "eps": 0.26,
    "epsdiluted": 0.26,
    "weightedAverageShsOut": 1473192000,
    "weightedAverageShsOutDil": 1473192000,
    "link": "https://www.sec.gov/Archives/edgar/data/60667/000006066798000007/0000060667-98-000007-index.htm",
    "finalLink": "https://www.sec.gov/Archives/edgar/data/60667/000006066798000007/"
  },
  {
    "date": "1997-01-31",
    "symbol": "LOW",
    "reportedCurrency": "USD",
    "cik": "0000060667",
    "fillingDate": "1997-04-25",
    "acceptedDate": "1997-04-25 00:00:00",
    "calendarYear": "1996",
    "period": "FY",
    "revenue": 8600200000,
    "costOfRevenue": 6374800000,
    "grossProfit": 2225400000,
    "grossProfitRatio": 0.2587614242,
    "researchAndDevelopmentExpenses": 0,
    "generalAndAdministrativeExpenses": 1454700000,
    "sellingAndMarketingExpenses": 0,
    "sellingGeneralAndAdministrativeExpenses": 1454700000,
    "otherExpenses": 199800000,
    "operatingExpenses": 1654500000,
    "costAndExpenses": 8029300000,
    "interestIncome": 0,
    "interestExpense": 0,
    "depreciationAndAmortization": 199800000,
    "ebitda": 770700000,
    "ebitdaratio": 0.089614195,
    "operatingIncome": 570900000,
    "operatingIncomeRatio": 0.0663821772,
    "totalOtherIncomeExpensesNet": -117200000,
    "incomeBeforeTax": 453700000,
    "incomeBeforeTaxRatio": 0.0527545871,
    "incomeTaxExpense": 161500000,
    "netIncome": 292200000,
    "netIncomeRatio": 0.033975954,
    "eps": 0.22,
    "epsdiluted": 0.21,
    "weightedAverageShsOut": 1341424000,
    "weightedAverageShsOutDil": 1367018000,
    "link": "https://www.sec.gov/Archives/edgar/data/60667/000006066797000013/0000060667-97-000013-index.htm",
    "finalLink": "https://www.sec.gov/Archives/edgar/data/60667/000006066797000013/"
  },
  {
    "date": "1996-01-31",
    "symbol": "LOW",
    "reportedCurrency": "USD",
    "cik": "0000060667",
    "fillingDate": "1996-04-29",
    "acceptedDate": "1996-04-29 00:00:00",
    "calendarYear": "1995",
    "period": "FY",
    "revenue": 7075400000,
    "costOfRevenue": 5308600000,
    "grossProfit": 1766800000,
    "grossProfitRatio": 0.2497102637,
    "researchAndDevelopmentExpenses": 0,
    "generalAndAdministrativeExpenses": 1176900000,
    "sellingAndMarketingExpenses": 0,
    "sellingGeneralAndAdministrativeExpenses": 1176900000,
    "otherExpenses": 153600000,
    "operatingExpenses": 1330500000,
    "costAndExpenses": 6639100000,
    "interestIncome": 0,
    "interestExpense": 0,
    "depreciationAndAmortization": 153600000,
    "ebitda": 589900000,
    "ebitdaratio": 0.0833733782,
    "operatingIncome": 436300000,
    "operatingIncomeRatio": 0.0616643582,
    "totalOtherIncomeExpensesNet": -84200000,
    "incomeBeforeTax": 352100000,
    "incomeBeforeTaxRatio": 0.0497639709,
    "incomeTaxExpense": 126100000,
    "netIncome": 226000000,
    "netIncomeRatio": 0.031941657,
    "eps": 0.18,
    "epsdiluted": 0.17,
    "weightedAverageShsOut": 1283624000,
    "weightedAverageShsOutDil": 1329412000,
    "link": "https://www.sec.gov/Archives/edgar/data/60667/000006066796000005/0000060667-96-000005-index.htm",
    "finalLink": "https://www.sec.gov/Archives/edgar/data/60667/000006066796000005/"
  },
  {
    "date": "1995-01-31",
    "symbol": "LOW",
    "reportedCurrency": "USD",
    "cik": "0000060667",
    "fillingDate": "1995-04-28",
    "acceptedDate": "1995-04-28 00:00:00",
    "calendarYear": "1994",
    "period": "FY",
    "revenue": 6110500000,
    "costOfRevenue": 4594800000,
    "grossProfit": 1515700000,
    "grossProfitRatio": 0.2480484412,
    "researchAndDevelopmentExpenses": 0,
    "generalAndAdministrativeExpenses": 1014600000,
    "sellingAndMarketingExpenses": 0,
    "sellingGeneralAndAdministrativeExpenses": 1014600000,
    "otherExpenses": 112900000,
    "operatingExpenses": 1127500000,
    "costAndExpenses": 5722300000,
    "interestIncome": 0,
    "interestExpense": 0,
    "depreciationAndAmortization": 112900000,
    "ebitda": 501100000,
    "ebitdaratio": 0.0820063825,
    "operatingIncome": 388200000,
    "operatingIncomeRatio": 0.0635299894,
    "totalOtherIncomeExpensesNet": -44600000,
    "incomeBeforeTax": 343600000,
    "incomeBeforeTaxRatio": 0.0562310777,
    "incomeTaxExpense": 120000000,
    "netIncome": 223600000,
    "netIncomeRatio": 0.0365927502,
    "eps": 0.18,
    "epsdiluted": 0.17,
    "weightedAverageShsOut": 1239408000,
    "weightedAverageShsOutDil": 1286906000,
    "link": "https://www.sec.gov/Archives/edgar/data/60667/000006066795000003/0000060667-95-000003-index.htm",
    "finalLink": "https://www.sec.gov/Archives/edgar/data/60667/000006066795000003/"
  },
  {
    "date": "1994-01-31",
    "symbol": "LOW",
    "reportedCurrency": "USD",
    "cik": "0000060667",
    "fillingDate": "1994-05-03",
    "acceptedDate": "1994-05-03 00:00:00",
    "calendarYear": "1993",
    "period": "FY",
    "revenue": 4538000000,
    "costOfRevenue": 3456700000,
    "grossProfit": 1081300000,
    "grossProfitRatio": 0.2382767739,
    "researchAndDevelopmentExpenses": 0,
    "generalAndAdministrativeExpenses": 0,
    "sellingAndMarketingExpenses": 0,
    "sellingGeneralAndAdministrativeExpenses": 746300000,
    "otherExpenses": 80500000,
    "operatingExpenses": 826800000,
    "costAndExpenses": 4283500000,
    "interestIncome": 0,
    "interestExpense": 0,
    "depreciationAndAmortization": 80500000,
    "ebitda": 335000000,
    "ebitdaratio": 0.0738210665,
    "operatingIncome": 254500000,
    "operatingIncomeRatio": 0.0560819744,
    "totalOtherIncomeExpensesNet": -56200000,
    "incomeBeforeTax": 198300000,
    "incomeBeforeTaxRatio": 0.0436976642,
    "incomeTaxExpense": 66500000,
    "netIncome": 131800000,
    "netIncomeRatio": 0.0290436316,
    "eps": 0.11,
    "epsdiluted": 0.11,
    "weightedAverageShsOut": 1171556000,
    "weightedAverageShsOutDil": 1171556000,
    "link": "https://www.sec.gov/Archives/edgar/data/60667/000006066794000015/0000060667-94-000015-index.htm",
    "finalLink": "https://www.sec.gov/Archives/edgar/data/60667/000006066794000015/"
  },
  {
    "date": "1993-01-31",
    "symbol": "LOW",
    "reportedCurrency": "USD",
    "cik": "0000060667",
    "fillingDate": "1993-01-31",
    "acceptedDate": "1993-01-31 00:00:00",
    "calendarYear": "1992",
    "period": "FY",
    "revenue": 3846400000,
    "costOfRevenue": 2945800000,
    "grossProfit": 900600000,
    "grossProfitRatio": 0.234141015,
    "researchAndDevelopmentExpenses": 0,
    "generalAndAdministrativeExpenses": 0,
    "sellingAndMarketingExpenses": 0,
    "sellingGeneralAndAdministrativeExpenses": 653800000,
    "otherExpenses": 69800000,
    "operatingExpenses": 723600000,
    "costAndExpenses": 3669400000,
    "interestIncome": 0,
    "interestExpense": 0,
    "depreciationAndAmortization": 69800000,
    "ebitda": 246800000,
    "ebitdaratio": 0.0641638935,
    "operatingIncome": 177000000,
    "operatingIncomeRatio": 0.0460170549,
    "totalOtherIncomeExpensesNet": -51100000,
    "incomeBeforeTax": 125900000,
    "incomeBeforeTaxRatio": 0.0327319052,
    "incomeTaxExpense": 41200000,
    "netIncome": 84700000,
    "netIncomeRatio": 0.0220205907,
    "eps": 0.0725,
    "epsdiluted": 0.0725,
    "weightedAverageShsOut": 1168276000,
    "weightedAverageShsOutDil": 1168276000,
    "link": null,
    "finalLink": null
  },
  {
    "date": "1992-01-31",
    "symbol": "LOW",
    "reportedCurrency": "USD",
    "cik": "0000060667",
    "fillingDate": "1992-01-31",
    "acceptedDate": "1992-01-31 00:00:00",
    "calendarYear": "1991",
    "period": "FY",
    "revenue": 3056200000,
    "costOfRevenue": 2321000000,
    "grossProfit": 735200000,
    "grossProfitRatio": 0.2405601728,
    "researchAndDevelopmentExpenses": 0,
    "generalAndAdministrativeExpenses": 0,
    "sellingAndMarketingExpenses": 0,
    "sellingGeneralAndAdministrativeExpenses": 583800000,
    "otherExpenses": 58300000,
    "operatingExpenses": 642100000,
    "costAndExpenses": 2963100000,
    "interestIncome": 0,
    "interestExpense": 0,
    "depreciationAndAmortization": 58300000,
    "ebitda": 151400000,
    "ebitdaratio": 0.0495386428,
    "operatingIncome": 93100000,
    "operatingIncomeRatio": 0.0304626661,
    "totalOtherIncomeExpensesNet": -88100000,
    "incomeBeforeTax": 5000000,
    "incomeBeforeTaxRatio": 0.0016360186,
    "incomeTaxExpense": -1500000,
    "netIncome": 6500000,
    "netIncomeRatio": 0.0021268242,
    "eps": 0.0075,
    "epsdiluted": 0.0075,
    "weightedAverageShsOut": 866667000,
    "weightedAverageShsOutDil": 866667000,
    "link": null,
    "finalLink": null
  },
  {
    "date": "1991-01-31",
    "symbol": "LOW",
    "reportedCurrency": "USD",
    "cik": "0000060667",
    "fillingDate": "1991-01-31",
    "acceptedDate": "1991-01-31 00:00:00",
    "calendarYear": "1990",
    "period": "FY",
    "revenue": 2833100000,
    "costOfRevenue": 2130400000,
    "grossProfit": 702700000,
    "grossProfitRatio": 0.2480321909,
    "researchAndDevelopmentExpenses": 0,
    "generalAndAdministrativeExpenses": 0,
    "sellingAndMarketingExpenses": 0,
    "sellingGeneralAndAdministrativeExpenses": 505900000,
    "otherExpenses": 51400000,
    "operatingExpenses": 557300000,
    "costAndExpenses": 2687700000,
    "interestIncome": 0,
    "interestExpense": 0,
    "depreciationAndAmortization": 51400000,
    "ebitda": 196800000,
    "ebitdaratio": 0.0694645441,
    "operatingIncome": 145400000,
    "operatingIncomeRatio": 0.0513218736,
    "totalOtherIncomeExpensesNet": -45100000,
    "incomeBeforeTax": 100300000,
    "incomeBeforeTaxRatio": 0.0354029155,
    "incomeTaxExpense": 29200000,
    "netIncome": 71100000,
    "netIncomeRatio": 0.0250961844,
    "eps": 0.06,
    "epsdiluted": 0.06,
    "weightedAverageShsOut": 1185000000,
    "weightedAverageShsOutDil": 1185000000,
    "link": null,
    "finalLink": null
  },
  {
    "date": "1990-01-31",
    "symbol": "LOW",
    "reportedCurrency": "USD",
    "cik": "0000060667",
    "fillingDate": "1990-01-31",
    "acceptedDate": "1990-01-31 00:00:00",
    "calendarYear": "1989",
    "period": "FY",
    "revenue": 2650500000,
    "costOfRevenue": 2004200000,
    "grossProfit": 646300000,
    "grossProfitRatio": 0.2438407848,
    "researchAndDevelopmentExpenses": 0,
    "generalAndAdministrativeExpenses": 0,
    "sellingAndMarketingExpenses": 0,
    "sellingGeneralAndAdministrativeExpenses": 472200000,
    "otherExpenses": 46100000,
    "operatingExpenses": 518300000,
    "costAndExpenses": 2522500000,
    "interestIncome": 0,
    "interestExpense": 0,
    "depreciationAndAmortization": 46100000,
    "ebitda": 174100000,
    "ebitdaratio": 0.0656857197,
    "operatingIncome": 128000000,
    "operatingIncomeRatio": 0.0482927749,
    "totalOtherIncomeExpensesNet": -19200000,
    "incomeBeforeTax": 108800000,
    "incomeBeforeTaxRatio": 0.0410488587,
    "incomeTaxExpense": 33900000,
    "netIncome": 74900000,
    "netIncomeRatio": 0.0282588191,
    "eps": 0.065,
    "epsdiluted": 0.065,
    "weightedAverageShsOut": 1152308000,
    "weightedAverageShsOutDil": 1152308000,
    "link": null,
    "finalLink": null
  },
  {
    "date": "1989-01-31",
    "symbol": "LOW",
    "reportedCurrency": "USD",
    "cik": "0000060667",
    "fillingDate": "1989-01-31",
    "acceptedDate": "1989-01-31 00:00:00",
    "calendarYear": "1988",
    "period": "FY",
    "revenue": 2516900000,
    "costOfRevenue": 1916400000,
    "grossProfit": 600500000,
    "grossProfitRatio": 0.2385871509,
    "researchAndDevelopmentExpenses": 0,
    "generalAndAdministrativeExpenses": 0,
    "sellingAndMarketingExpenses": 0,
    "sellingGeneralAndAdministrativeExpenses": 432700000,
    "otherExpenses": 41200000,
    "operatingExpenses": 473900000,
    "costAndExpenses": 2390300000,
    "interestIncome": 0,
    "interestExpense": 0,
    "depreciationAndAmortization": 41200000,
    "ebitda": 167800000,
    "ebitdaratio": 0.0666693154,
    "operatingIncome": 126600000,
    "operatingIncomeRatio": 0.0502999722,
    "totalOtherIncomeExpensesNet": -21000000,
    "incomeBeforeTax": 105600000,
    "incomeBeforeTaxRatio": 0.0419563749,
    "incomeTaxExpense": 36400000,
    "netIncome": 69200000,
    "netIncomeRatio": 0.0274941396,
    "eps": 0.0575,
    "epsdiluted": 0.0575,
    "weightedAverageShsOut": 1203478000,
    "weightedAverageShsOutDil": 1203478000,
    "link": null,
    "finalLink": null
  },
  {
    "date": "1988-01-31",
    "symbol": "LOW",
    "reportedCurrency": "USD",
    "cik": "0000060667",
    "fillingDate": "1988-01-31",
    "acceptedDate": "1988-01-31 00:00:00",
    "calendarYear": "1987",
    "period": "FY",
    "revenue": 2442200000,
    "costOfRevenue": 1858200000,
    "grossProfit": 584000000,
    "grossProfitRatio": 0.2391286545,
    "researchAndDevelopmentExpenses": 0,
    "generalAndAdministrativeExpenses": 0,
    "sellingAndMarketingExpenses": 0,
    "sellingGeneralAndAdministrativeExpenses": 435100000,
    "otherExpenses": 38500000,
    "operatingExpenses": 473600000,
    "costAndExpenses": 2331800000,
    "interestIncome": 0,
    "interestExpense": 0,
    "depreciationAndAmortization": 38500000,
    "ebitda": 148900000,
    "ebitdaratio": 0.0609696176,
    "operatingIncome": 110400000,
    "operatingIncomeRatio": 0.0452051429,
    "totalOtherIncomeExpensesNet": -19600000,
    "incomeBeforeTax": 90800000,
    "incomeBeforeTaxRatio": 0.0371795922,
    "incomeTaxExpense": 34800000,
    "netIncome": 56000000,
    "netIncomeRatio": 0.022930145,
    "eps": 0.05,
    "epsdiluted": 0.05,
    "weightedAverageShsOut": 1120000000,
    "weightedAverageShsOutDil": 1120000000,
    "link": null,
    "finalLink": null
  },
  {
    "date": "1987-01-31",
    "symbol": "LOW",
    "reportedCurrency": "USD",
    "cik": "0000060667",
    "fillingDate": "1987-01-31",
    "acceptedDate": "1987-01-31 00:00:00",
    "calendarYear": "1986",
    "period": "FY",
    "revenue": 2283500000,
    "costOfRevenue": 1724400000,
    "grossProfit": 559100000,
    "grossProfitRatio": 0.2448434421,
    "researchAndDevelopmentExpenses": 0,
    "generalAndAdministrativeExpenses": 0,
    "sellingAndMarketingExpenses": 0,
    "sellingGeneralAndAdministrativeExpenses": 406800000,
    "otherExpenses": 30500000,
    "operatingExpenses": 437300000,
    "costAndExpenses": 2161700000,
    "interestIncome": 0,
    "interestExpense": 0,
    "depreciationAndAmortization": 30500000,
    "ebitda": 152300000,
    "ebitdaratio": 0.0666958616,
    "operatingIncome": 121800000,
    "operatingIncomeRatio": 0.0533391723,
    "totalOtherIncomeExpensesNet": -13700000,
    "incomeBeforeTax": 108100000,
    "incomeBeforeTaxRatio": 0.0473396102,
    "incomeTaxExpense": 53000000,
    "netIncome": 55100000,
    "netIncomeRatio": 0.0241296256,
    "eps": 0.045,
    "epsdiluted": 0.045,
    "weightedAverageShsOut": 1224444000,
    "weightedAverageShsOutDil": 1224444000,
    "link": null,
    "finalLink": null
  },
  {
    "date": "1986-01-31",
    "symbol": "LOW",
    "reportedCurrency": "USD",
    "cik": "0000060667",
    "fillingDate": "1986-01-31",
    "acceptedDate": "1986-01-31 00:00:00",
    "calendarYear": "1985",
    "period": "FY",
    "revenue": 2072600000,
    "costOfRevenue": 1560400000,
    "grossProfit": 512200000,
    "grossProfitRatio": 0.2471292097,
    "researchAndDevelopmentExpenses": 0,
    "generalAndAdministrativeExpenses": 0,
    "sellingAndMarketingExpenses": 0,
    "sellingGeneralAndAdministrativeExpenses": 366100000,
    "otherExpenses": 21800000,
    "operatingExpenses": 387900000,
    "costAndExpenses": 1948300000,
    "interestIncome": 0,
    "interestExpense": 0,
    "depreciationAndAmortization": 21800000,
    "ebitda": 146100000,
    "ebitdaratio": 0.0704911705,
    "operatingIncome": 124300000,
    "operatingIncomeRatio": 0.0599729808,
    "totalOtherIncomeExpensesNet": -11400000,
    "incomeBeforeTax": 112900000,
    "incomeBeforeTaxRatio": 0.0544726431,
    "incomeTaxExpense": 53200000,
    "netIncome": 59700000,
    "netIncomeRatio": 0.0288044003,
    "eps": 0.0525,
    "epsdiluted": 0.0525,
    "weightedAverageShsOut": 1137143000,
    "weightedAverageShsOutDil": 1137143000,
    "link": null,
    "finalLink": null
  }
]