[
  {
    "date": "2025-06-29",
    "symbol": "LRCX",
    "reportedCurrency": "USD",
    "cik": "0000707549",
    "fillingDate": "2025-08-11",
    "acceptedDate": "2025-08-11 16:35:11",
    "calendarYear": "2025",
    "period": "Q4",
    "revenue": 5171393000,
    "costOfRevenue": 2581684000,
    "grossProfit": 2589709000,
    "grossProfitRatio": 0.5007759031,
    "researchAndDevelopmentExpenses": 580178000,
    "generalAndAdministrativeExpenses": 0,
    "sellingAndMarketingExpenses": 0,
    "sellingGeneralAndAdministrativeExpenses": 268403000,
    "otherExpenses": 0,
    "operatingExpenses": 848581000,
    "costAndExpenses": 3430265000,
    "interestIncome": 54633000,
    "interestExpense": 42774000,
    "depreciationAndAmortization": 98439000,
    "ebitda": 1877420000,
    "ebitdaratio": 0.3630395137,
    "operatingIncome": 1741128000,
    "operatingIncomeRatio": 0.3366845258,
    "totalOtherIncomeExpensesNet": 37853000,
    "incomeBeforeTax": 1778981000,
    "incomeBeforeTaxRatio": 0.344004217,
    "incomeTaxExpense": 58893000,
    "netIncome": 1720088000,
    "netIncomeRatio": 0.3326159895,
    "eps": 1.35,
    "epsdiluted": 1.35,
    "weightedAverageShsOut": 1274279000,
    "weightedAverageShsOutDil": 1276933000,
    "link": "https://www.sec.gov/Archives/edgar/data/707549/000070754925000075/0000707549-25-000075-index.htm",
    "finalLink": "https://www.sec.gov/Archives/edgar/data/707549/000070754925000075/lrcx-20250629.htm"
  },
  {
    "date": "2025-03-30",
    "symbol": "LRCX",
    "reportedCurrency": "USD",
    "cik": "0000707549",
    "fillingDate": "2025-04-25",
    "acceptedDate": "2025-04-25 16:06:27",
    "calendarYear": "2025",
    "period": "Q3",
    "revenue": 4720175000,
    "costOfRevenue": 2406489000,
    "grossProfit": 2313686000,
    "grossProfitRatio": 0.4901695382,
    "researchAndDevelopmentExpenses": 525904000,
    "generalAndAdministrativeExpenses": 0,
    "sellingAndMarketingExpenses": 0,
    "sellingGeneralAndAdministrativeExpenses": 226023000,
    "otherExpenses": 0,
    "operatingExpenses": 751927000,
    "costAndExpenses": 3158416000,
    "interestIncome": 50638000,
    "interestExpense": 45184000,
    "depreciationAndAmortization": 97343000,
    "ebitda": 1679251000,
    "ebitdaratio": 0.3557603267,
    "operatingIncome": 1561759000,
    "operatingIncomeRatio": 0.3308688767,
    "totalOtherIncomeExpensesNet": -25035000,
    "incomeBeforeTax": 1536724000,
    "incomeBeforeTaxRatio": 0.3255650479,
    "incomeTaxExpense": 206057000,
    "netIncome": 1330667000,
    "netIncomeRatio": 0.2819105224,
    "eps": 1.04,
    "epsdiluted": 1.03,
    "weightedAverageShsOut": 1283779000,
    "weightedAverageShsOutDil": 1288100000,
    "link": "https://www.sec.gov/Archives/edgar/data/707549/000070754925000054/0000707549-25-000054-index.htm",
    "finalLink": "https://www.sec.gov/Archives/edgar/data/707549/000070754925000054/lrcx-20250330.htm"
  },
  {
    "date": "2024-12-29",
    "symbol": "LRCX",
    "reportedCurrency": "USD",
    "cik": "0000707549",
    "fillingDate": "2025-01-31",
    "acceptedDate": "2025-01-31 16:05:38",
    "calendarYear": "2025",
    "period": "Q2",
    "revenue": 4376047000,
    "costOfRevenue": 2303066000,
    "grossProfit": 2072981000,
    "grossProfitRatio": 0.4737108628,
    "researchAndDevelopmentExpenses": 494947000,
    "generalAndAdministrativeExpenses": 0,
    "sellingAndMarketingExpenses": 0,
    "sellingGeneralAndAdministrativeExpenses": 244150000,
    "otherExpenses": 0,
    "operatingExpenses": 739097000,
    "costAndExpenses": 3042163000,
    "interestIncome": 57611000,
    "interestExpense": 45299000,
    "depreciationAndAmortization": 96200000,
    "ebitda": 1489645000,
    "ebitdaratio": 0.340408821,
    "operatingIncome": 1333884000,
    "operatingIncomeRatio": 0.3048148249,
    "totalOtherIncomeExpensesNet": 14262000,
    "incomeBeforeTax": 1348146000,
    "incomeBeforeTaxRatio": 0.3080739307,
    "incomeTaxExpense": 157128000,
    "netIncome": 1191018000,
    "netIncomeRatio": 0.2721675521,
    "eps": 0.93,
    "epsdiluted": 0.92,
    "weightedAverageShsOut": 1287109000,
    "weightedAverageShsOutDil": 1291469000,
    "link": "https://www.sec.gov/Archives/edgar/data/707549/000070754925000014/0000707549-25-000014-index.htm",
    "finalLink": "https://www.sec.gov/Archives/edgar/data/707549/000070754925000014/lrcx-20241229.htm"
  },
  {
    "date": "2024-09-29",
    "symbol": "LRCX",
    "reportedCurrency": "USD",
    "cik": "0000707549",
    "fillingDate": "2024-10-28",
    "acceptedDate": "2024-10-28 16:10:19",
    "calendarYear": "2025",
    "period": "Q1",
    "revenue": 4167976000,
    "costOfRevenue": 2165293000,
    "grossProfit": 2002683000,
    "grossProfitRatio": 0.4804929299,
    "researchAndDevelopmentExpenses": 495358000,
    "generalAndAdministrativeExpenses": 0,
    "sellingAndMarketingExpenses": 0,
    "sellingGeneralAndAdministrativeExpenses": 243128000,
    "otherExpenses": 0,
    "operatingExpenses": 738486000,
    "costAndExpenses": 2903779000,
    "interestIncome": 68449000,
    "interestExpense": 44946000,
    "depreciationAndAmortization": 94295000,
    "ebitda": 1433519000,
    "ebitdaratio": 0.3439364814,
    "operatingIncome": 1264197000,
    "operatingIncomeRatio": 0.3033119672,
    "totalOtherIncomeExpensesNet": 30081000,
    "incomeBeforeTax": 1294278000,
    "incomeBeforeTaxRatio": 0.3105291393,
    "incomeTaxExpense": 177834000,
    "netIncome": 1116444000,
    "netIncomeRatio": 0.2678623869,
    "eps": 0.86,
    "epsdiluted": 0.86,
    "weightedAverageShsOut": 1299236000,
    "weightedAverageShsOutDil": 1304066000,
    "link": "https://www.sec.gov/Archives/edgar/data/707549/000070754924000128/0000707549-24-000128-index.htm",
    "finalLink": "https://www.sec.gov/Archives/edgar/data/707549/000070754924000128/lrcx-20240929.htm"
  },
  {
    "date": "2024-06-30",
    "symbol": "LRCX",
    "reportedCurrency": "USD",
    "cik": "0000707549",
    "fillingDate": "2024-08-29",
    "acceptedDate": "2024-08-29 14:10:55",
    "calendarYear": "2024",
    "period": "Q4",
    "revenue": 3871507000,
    "costOfRevenue": 2031409000,
    "grossProfit": 1840098000,
    "grossProfitRatio": 0.4752924378,
    "researchAndDevelopmentExpenses": 497829000,
    "generalAndAdministrativeExpenses": 0,
    "sellingAndMarketingExpenses": 0,
    "sellingGeneralAndAdministrativeExpenses": 217247000,
    "otherExpenses": -1538000,
    "operatingExpenses": 713538000,
    "costAndExpenses": 2744947000,
    "interestIncome": 66027000,
    "interestExpense": 46439000,
    "depreciationAndAmortization": 88357000,
    "ebitda": 1289152000,
    "ebitdaratio": 0.3329845458,
    "operatingIncome": 1126560000,
    "operatingIncomeRatio": 0.290987463,
    "totalOtherIncomeExpensesNet": 27796000,
    "incomeBeforeTax": 1154356000,
    "incomeBeforeTaxRatio": 0.2981670962,
    "incomeTaxExpense": 134074000,
    "netIncome": 1020282000,
    "netIncomeRatio": 0.2635361372,
    "eps": 0.78,
    "epsdiluted": 0.78,
    "weightedAverageShsOut": 1314100000,
    "weightedAverageShsOutDil": 1319950000,
    "link": "https://www.sec.gov/Archives/edgar/data/707549/000070754924000106/0000707549-24-000106-index.htm",
    "finalLink": "https://www.sec.gov/Archives/edgar/data/707549/000070754924000106/lrcx-20240630.htm"
  },
  {
    "date": "2024-03-31",
    "symbol": "LRCX",
    "reportedCurrency": "USD",
    "cik": "0000707549",
    "fillingDate": "2024-04-29",
    "acceptedDate": "2024-04-29 16:11:09",
    "calendarYear": "2024",
    "period": "Q3",
    "revenue": 3793558000,
    "costOfRevenue": 1993022000,
    "grossProfit": 1800536000,
    "grossProfitRatio": 0.4746298857,
    "researchAndDevelopmentExpenses": 512274000,
    "generalAndAdministrativeExpenses": 0,
    "sellingAndMarketingExpenses": 0,
    "sellingGeneralAndAdministrativeExpenses": 215134000,
    "otherExpenses": 16016000,
    "operatingExpenses": 743424000,
    "costAndExpenses": 2736446000,
    "interestIncome": 71752000,
    "interestExpense": 47153000,
    "depreciationAndAmortization": 89922000,
    "ebitda": 1230260000,
    "ebitdaratio": 0.3243024095,
    "operatingIncome": 1057112000,
    "operatingIncomeRatio": 0.2786597701,
    "totalOtherIncomeExpensesNet": 36073000,
    "incomeBeforeTax": 1093185000,
    "incomeBeforeTaxRatio": 0.2881687851,
    "incomeTaxExpense": 127359000,
    "netIncome": 965826000,
    "netIncomeRatio": 0.2545963446,
    "eps": 0.74,
    "epsdiluted": 0.73,
    "weightedAverageShsOut": 1308380000,
    "weightedAverageShsOutDil": 1315180000,
    "link": "https://www.sec.gov/Archives/edgar/data/707549/000070754924000067/0000707549-24-000067-index.htm",
    "finalLink": "https://www.sec.gov/Archives/edgar/data/707549/000070754924000067/lrcx-20240331.htm"
  },
  {
    "date": "2023-12-24",
    "symbol": "LRCX",
    "reportedCurrency": "USD",
    "cik": "0000707549",
    "fillingDate": "2024-01-29",
    "acceptedDate": "2024-01-29 16:07:46",
    "calendarYear": "2024",
    "period": "Q2",
    "revenue": 3758259000,
    "costOfRevenue": 2000804000,
    "grossProfit": 1757455000,
    "grossProfitRatio": 0.4676247699,
    "researchAndDevelopmentExpenses": 469712000,
    "generalAndAdministrativeExpenses": 0,
    "sellingAndMarketingExpenses": 0,
    "sellingGeneralAndAdministrativeExpenses": 228843000,
    "otherExpenses": 1688000,
    "operatingExpenses": 700243000,
    "costAndExpenses": 2701047000,
    "interestIncome": 57595000,
    "interestExpense": 46313000,
    "depreciationAndAmortization": 90941000,
    "ebitda": 1224305000,
    "ebitdaratio": 0.325763871,
    "operatingIncome": 1057212000,
    "operatingIncomeRatio": 0.2813036568,
    "totalOtherIncomeExpensesNet": 29839000,
    "incomeBeforeTax": 1087051000,
    "incomeBeforeTaxRatio": 0.2892432374,
    "incomeTaxExpense": 132785000,
    "netIncome": 954266000,
    "netIncomeRatio": 0.2539117182,
    "eps": 0.73,
    "epsdiluted": 0.72,
    "weightedAverageShsOut": 1316289990,
    "weightedAverageShsOutDil": 1322200000,
    "link": "https://www.sec.gov/Archives/edgar/data/707549/000070754924000016/0000707549-24-000016-index.htm",
    "finalLink": "https://www.sec.gov/Archives/edgar/data/707549/000070754924000016/lrcx-20231224.htm"
  },
  {
    "date": "2023-09-24",
    "symbol": "LRCX",
    "reportedCurrency": "USD",
    "cik": "0000707549",
    "fillingDate": "2023-10-23",
    "acceptedDate": "2023-10-23 16:07:00",
    "calendarYear": "2024",
    "period": "Q1",
    "revenue": 3482062000,
    "costOfRevenue": 1827360000,
    "grossProfit": 1654702000,
    "grossProfitRatio": 0.4752075064,
    "researchAndDevelopmentExpenses": 422629000,
    "generalAndAdministrativeExpenses": 0,
    "sellingAndMarketingExpenses": 0,
    "sellingGeneralAndAdministrativeExpenses": 207023000,
    "otherExpenses": 2021000,
    "operatingExpenses": 631673000,
    "costAndExpenses": 2459033000,
    "interestIncome": 56564000,
    "interestExpense": 45331000,
    "depreciationAndAmortization": 90479000,
    "ebitda": 1161440000,
    "ebitdaratio": 0.3335494888,
    "operatingIncome": 1023029000,
    "operatingIncomeRatio": 0.2937997658,
    "totalOtherIncomeExpensesNet": 2601000,
    "incomeBeforeTax": 1025630000,
    "incomeBeforeTaxRatio": 0.294546737,
    "incomeTaxExpense": 138232000,
    "netIncome": 887398000,
    "netIncomeRatio": 0.2548484203,
    "eps": 0.67,
    "epsdiluted": 0.67,
    "weightedAverageShsOut": 1325840000,
    "weightedAverageShsOutDil": 1331660000,
    "link": "https://www.sec.gov/Archives/edgar/data/707549/000070754923000115/0000707549-23-000115-index.htm",
    "finalLink": "https://www.sec.gov/Archives/edgar/data/707549/000070754923000115/lrcx-20230924.htm"
  },
  {
    "date": "2023-06-25",
    "symbol": "LRCX",
    "reportedCurrency": "USD",
    "cik": "0000707549",
    "fillingDate": "2023-08-15",
    "acceptedDate": "2023-08-15 16:04:08",
    "calendarYear": "2023",
    "period": "Q4",
    "revenue": 3207257000,
    "costOfRevenue": 1749128000,
    "grossProfit": 1458129000,
    "grossProfitRatio": 0.4546342872,
    "researchAndDevelopmentExpenses": 401951000,
    "generalAndAdministrativeExpenses": 0,
    "sellingAndMarketingExpenses": 0,
    "sellingGeneralAndAdministrativeExpenses": 199831000,
    "otherExpenses": 1742000,
    "operatingExpenses": 603524000,
    "costAndExpenses": 2352652000,
    "interestIncome": 55829000,
    "interestExpense": 46532000,
    "depreciationAndAmortization": 89604000,
    "ebitda": 999751000,
    "ebitdaratio": 0.3117152757,
    "operatingIncome": 854605000,
    "operatingIncomeRatio": 0.2664597817,
    "totalOtherIncomeExpensesNet": 9010000,
    "incomeBeforeTax": 863615000,
    "incomeBeforeTaxRatio": 0.2692690358,
    "incomeTaxExpense": 61078000,
    "netIncome": 802537000,
    "netIncomeRatio": 0.2502253483,
    "eps": 0.6,
    "epsdiluted": 0.6,
    "weightedAverageShsOut": 1340519990,
    "weightedAverageShsOutDil": 1343920000,
    "link": "https://www.sec.gov/Archives/edgar/data/707549/000070754923000102/0000707549-23-000102-index.htm",
    "finalLink": "https://www.sec.gov/Archives/edgar/data/707549/000070754923000102/lrcx-20230625.htm"
  },
  {
    "date": "2023-03-26",
    "symbol": "LRCX",
    "reportedCurrency": "USD",
    "cik": "0000707549",
    "fillingDate": "2023-04-24",
    "acceptedDate": "2023-04-24 16:30:15",
    "calendarYear": "2023",
    "period": "Q3",
    "revenue": 3869569000,
    "costOfRevenue": 2263957000,
    "grossProfit": 1605612000,
    "grossProfitRatio": 0.4149330326,
    "researchAndDevelopmentExpenses": 429451000,
    "generalAndAdministrativeExpenses": 0,
    "sellingAndMarketingExpenses": 0,
    "sellingGeneralAndAdministrativeExpenses": 193500000,
    "otherExpenses": 40408000,
    "operatingExpenses": 663359000,
    "costAndExpenses": 2927316000,
    "interestIncome": 41974000,
    "interestExpense": 47217000,
    "depreciationAndAmortization": 91663000,
    "ebitda": 1078002000,
    "ebitdaratio": 0.2785845142,
    "operatingIncome": 942253000,
    "operatingIncomeRatio": 0.2435033462,
    "totalOtherIncomeExpensesNet": -3331000,
    "incomeBeforeTax": 938922000,
    "incomeBeforeTaxRatio": 0.2426425269,
    "incomeTaxExpense": 124914000,
    "netIncome": 814008000,
    "netIncomeRatio": 0.2103614123,
    "eps": 0.6,
    "epsdiluted": 0.6,
    "weightedAverageShsOut": 1349240000,
    "weightedAverageShsOutDil": 1353950000,
    "link": "https://www.sec.gov/Archives/edgar/data/707549/000070754923000081/0000707549-23-000081-index.htm",
    "finalLink": "https://www.sec.gov/Archives/edgar/data/707549/000070754923000081/lrcx-20230326.htm"
  },
  {
    "date": "2022-12-25",
    "symbol": "LRCX",
    "reportedCurrency": "USD",
    "cik": "0000707549",
    "fillingDate": "2023-01-30",
    "acceptedDate": "2023-01-30 16:08:01",
    "calendarYear": "2023",
    "period": "Q2",
    "revenue": 5277569000,
    "costOfRevenue": 2901220000,
    "grossProfit": 2376349000,
    "grossProfitRatio": 0.4502734119,
    "researchAndDevelopmentExpenses": 462385000,
    "generalAndAdministrativeExpenses": 0,
    "sellingAndMarketingExpenses": 0,
    "sellingGeneralAndAdministrativeExpenses": 233802000,
    "otherExpenses": 0,
    "operatingExpenses": 696187000,
    "costAndExpenses": 3597407000,
    "interestIncome": 26125000,
    "interestExpense": 46661000,
    "depreciationAndAmortization": 85414000,
    "ebitda": 1784003000,
    "ebitdaratio": 0.338034993,
    "operatingIncome": 1680162000,
    "operatingIncomeRatio": 0.3183590778,
    "totalOtherIncomeExpensesNet": -28234000,
    "incomeBeforeTax": 1651928000,
    "incomeBeforeTaxRatio": 0.3130092662,
    "incomeTaxExpense": 183421000,
    "netIncome": 1468507000,
    "netIncomeRatio": 0.2782544387,
    "eps": 1.08,
    "epsdiluted": 1.08,
    "weightedAverageShsOut": 1360180000,
    "weightedAverageShsOutDil": 1363390000,
    "link": "https://www.sec.gov/Archives/edgar/data/707549/000070754923000008/0000707549-23-000008-index.htm",
    "finalLink": "https://www.sec.gov/Archives/edgar/data/707549/000070754923000008/lrcx-20221225.htm"
  },
  {
    "date": "2022-09-25",
    "symbol": "LRCX",
    "reportedCurrency": "USD",
    "cik": "0000707549",
    "fillingDate": "2022-10-24",
    "acceptedDate": "2022-10-24 16:20:06",
    "calendarYear": "2023",
    "period": "Q1",
    "revenue": 5074121000,
    "costOfRevenue": 2737286000,
    "grossProfit": 2336835000,
    "grossProfitRatio": 0.4605398649,
    "researchAndDevelopmentExpenses": 433375000,
    "generalAndAdministrativeExpenses": 0,
    "sellingAndMarketingExpenses": 0,
    "sellingGeneralAndAdministrativeExpenses": 205620000,
    "otherExpenses": 0,
    "operatingExpenses": 638995000,
    "costAndExpenses": 3376281000,
    "interestIncome": 15056000,
    "interestExpense": 46052000,
    "depreciationAndAmortization": 75751000,
    "ebitda": 1776548000,
    "ebitdaratio": 0.3501193606,
    "operatingIncome": 1697840000,
    "operatingIncomeRatio": 0.3346077084,
    "totalOtherIncomeExpensesNet": -43095000,
    "incomeBeforeTax": 1654745000,
    "incomeBeforeTaxRatio": 0.3261146118,
    "incomeTaxExpense": 228866000,
    "netIncome": 1425879000,
    "netIncomeRatio": 0.2810100508,
    "eps": 1.04,
    "epsdiluted": 1.04,
    "weightedAverageShsOut": 1368910000,
    "weightedAverageShsOutDil": 1372080000,
    "link": "https://www.sec.gov/Archives/edgar/data/707549/000070754922000124/0000707549-22-000124-index.htm",
    "finalLink": "https://www.sec.gov/Archives/edgar/data/707549/000070754922000124/lrcx-20220925.htm"
  },
  {
    "date": "2022-06-26",
    "symbol": "LRCX",
    "reportedCurrency": "USD",
    "cik": "0000707549",
    "fillingDate": "2022-08-24",
    "acceptedDate": "2022-08-24 16:09:20",
    "calendarYear": "2022",
    "period": "Q4",
    "revenue": 4635554000,
    "costOfRevenue": 2535042000,
    "grossProfit": 2100512000,
    "grossProfitRatio": 0.4531307369,
    "researchAndDevelopmentExpenses": 411150000,
    "generalAndAdministrativeExpenses": 0,
    "sellingAndMarketingExpenses": 0,
    "sellingGeneralAndAdministrativeExpenses": 208639000,
    "otherExpenses": 1370000,
    "operatingExpenses": 621159000,
    "costAndExpenses": 3156201000,
    "interestIncome": 6221000,
    "interestExpense": 46228000,
    "depreciationAndAmortization": 87932000,
    "ebitda": 1493065000,
    "ebitdaratio": 0.3220898732,
    "operatingIncome": 1479353000,
    "operatingIncomeRatio": 0.3191318664,
    "totalOtherIncomeExpensesNet": -120448000,
    "incomeBeforeTax": 1358905000,
    "incomeBeforeTaxRatio": 0.2931483486,
    "incomeTaxExpense": 149971000,
    "netIncome": 1208934000,
    "netIncomeRatio": 0.2607960127,
    "eps": 0.88,
    "epsdiluted": 0.87,
    "weightedAverageShsOut": 1379930000,
    "weightedAverageShsOutDil": 1383130000,
    "link": "https://www.sec.gov/Archives/edgar/data/707549/000070754922000107/0000707549-22-000107-index.htm",
    "finalLink": "https://www.sec.gov/Archives/edgar/data/707549/000070754922000107/lrcx-20220626.htm"
  },
  {
    "date": "2022-03-27",
    "symbol": "LRCX",
    "reportedCurrency": "USD",
    "cik": "0000707549",
    "fillingDate": "2022-04-26",
    "acceptedDate": "2022-04-26 16:02:09",
    "calendarYear": "2022",
    "period": "Q3",
    "revenue": 4060416000,
    "costOfRevenue": 2243791000,
    "grossProfit": 1816625000,
    "grossProfitRatio": 0.4473987394,
    "researchAndDevelopmentExpenses": 407120000,
    "generalAndAdministrativeExpenses": 0,
    "sellingAndMarketingExpenses": 0,
    "sellingGeneralAndAdministrativeExpenses": 217408000,
    "otherExpenses": 0,
    "operatingExpenses": 624528000,
    "costAndExpenses": 2868319000,
    "interestIncome": 1938000,
    "interestExpense": 46710000,
    "depreciationAndAmortization": 84328000,
    "ebitda": 1265733000,
    "ebitdaratio": 0.3117249563,
    "operatingIncome": 1192097000,
    "operatingIncomeRatio": 0.2935898686,
    "totalOtherIncomeExpensesNet": -57402000,
    "incomeBeforeTax": 1134695000,
    "incomeBeforeTaxRatio": 0.2794528935,
    "incomeTaxExpense": 112917000,
    "netIncome": 1021778000,
    "netIncomeRatio": 0.2516436739,
    "eps": 0.73,
    "epsdiluted": 0.73,
    "weightedAverageShsOut": 1392290000,
    "weightedAverageShsOutDil": 1400570000,
    "link": "https://www.sec.gov/Archives/edgar/data/707549/000070754922000067/0000707549-22-000067-index.htm",
    "finalLink": "https://www.sec.gov/Archives/edgar/data/707549/000070754922000067/lrcx-20220327.htm"
  },
  {
    "date": "2021-12-26",
    "symbol": "LRCX",
    "reportedCurrency": "USD",
    "cik": "0000707549",
    "fillingDate": "2022-02-01",
    "acceptedDate": "2022-02-01 16:05:14",
    "calendarYear": "2022",
    "period": "Q2",
    "revenue": 4226604000,
    "costOfRevenue": 2248688000,
    "grossProfit": 1977916000,
    "grossProfitRatio": 0.4679681371,
    "researchAndDevelopmentExpenses": 403644000,
    "generalAndAdministrativeExpenses": 0,
    "sellingAndMarketingExpenses": 0,
    "sellingGeneralAndAdministrativeExpenses": 236133000,
    "otherExpenses": 0,
    "operatingExpenses": 639777000,
    "costAndExpenses": 2888465000,
    "interestIncome": 2372000,
    "interestExpense": 46765000,
    "depreciationAndAmortization": 81705000,
    "ebitda": 1484608000,
    "ebitdaratio": 0.3512531574,
    "operatingIncome": 1338139000,
    "operatingIncomeRatio": 0.3165990947,
    "totalOtherIncomeExpensesNet": 17999000,
    "incomeBeforeTax": 1356138000,
    "incomeBeforeTaxRatio": 0.3208575963,
    "incomeTaxExpense": 161308000,
    "netIncome": 1194830000,
    "netIncomeRatio": 0.2826926771,
    "eps": 0.85,
    "epsdiluted": 0.84,
    "weightedAverageShsOut": 1406300000,
    "weightedAverageShsOutDil": 1415300000,
    "link": "https://www.sec.gov/Archives/edgar/data/707549/000070754922000012/0000707549-22-000012-index.htm",
    "finalLink": "https://www.sec.gov/Archives/edgar/data/707549/000070754922000012/lrcx-20211226.htm"
  },
  {
    "date": "2021-09-26",
    "symbol": "LRCX",
    "reportedCurrency": "USD",
    "cik": "0000707549",
    "fillingDate": "2021-10-26",
    "acceptedDate": "2021-10-26 16:06:27",
    "calendarYear": "2022",
    "period": "Q1",
    "revenue": 4304465000,
    "costOfRevenue": 2327711000,
    "grossProfit": 1976754000,
    "grossProfitRatio": 0.4592333774,
    "researchAndDevelopmentExpenses": 382327000,
    "generalAndAdministrativeExpenses": 0,
    "sellingAndMarketingExpenses": 0,
    "sellingGeneralAndAdministrativeExpenses": 222194000,
    "otherExpenses": 0,
    "operatingExpenses": 604521000,
    "costAndExpenses": 2932232000,
    "interestIncome": 4678000,
    "interestExpense": 45056000,
    "depreciationAndAmortization": 79874000,
    "ebitda": 1468306000,
    "ebitdaratio": 0.3411123101,
    "operatingIncome": 1372233000,
    "operatingIncomeRatio": 0.3187929278,
    "totalOtherIncomeExpensesNet": -28857000,
    "incomeBeforeTax": 1343376000,
    "incomeBeforeTaxRatio": 0.3120889588,
    "incomeTaxExpense": 163632000,
    "netIncome": 1179744000,
    "netIncomeRatio": 0.2740744785,
    "eps": 0.83,
    "epsdiluted": 0.83,
    "weightedAverageShsOut": 1417430000,
    "weightedAverageShsOutDil": 1426120000,
    "link": "https://www.sec.gov/Archives/edgar/data/707549/000070754921000155/0000707549-21-000155-index.htm",
    "finalLink": "https://www.sec.gov/Archives/edgar/data/707549/000070754921000155/lrcx-20210926.htm"
  },
  {
    "date": "2021-06-27",
    "symbol": "LRCX",
    "reportedCurrency": "USD",
    "cik": "0000707549",
    "fillingDate": "2021-08-17",
    "acceptedDate": "2021-08-17 16:06:57",
    "calendarYear": "2021",
    "period": "Q4",
    "revenue": 4145179000,
    "costOfRevenue": 2229978000,
    "grossProfit": 1915201000,
    "grossProfitRatio": 0.4620309521,
    "researchAndDevelopmentExpenses": 381749000,
    "generalAndAdministrativeExpenses": 0,
    "sellingAndMarketingExpenses": 0,
    "sellingGeneralAndAdministrativeExpenses": 217525000,
    "otherExpenses": 0,
    "operatingExpenses": 599274000,
    "costAndExpenses": 2829252000,
    "interestIncome": 3723000,
    "interestExpense": 51695000,
    "depreciationAndAmortization": 78397000,
    "ebitda": 1438853000,
    "ebitdaratio": 0.3471148049,
    "operatingIncome": 1315927000,
    "operatingIncomeRatio": 0.317459632,
    "totalOtherIncomeExpensesNet": -7166000,
    "incomeBeforeTax": 1308761000,
    "incomeBeforeTaxRatio": 0.3157308768,
    "incomeTaxExpense": 164104000,
    "netIncome": 1144657000,
    "netIncomeRatio": 0.2761417541,
    "eps": 0.8,
    "epsdiluted": 0.8,
    "weightedAverageShsOut": 1426620000,
    "weightedAverageShsOutDil": 1435140000,
    "link": "https://www.sec.gov/Archives/edgar/data/707549/000070754921000136/0000707549-21-000136-index.htm",
    "finalLink": "https://www.sec.gov/Archives/edgar/data/707549/000070754921000136/lrcx-20210627.htm"
  },
  {
    "date": "2021-03-28",
    "symbol": "LRCX",
    "reportedCurrency": "USD",
    "cik": "0000707549",
    "fillingDate": "2021-04-28",
    "acceptedDate": "2021-04-28 16:08:15",
    "calendarYear": "2021",
    "period": "Q3",
    "revenue": 3847654000,
    "costOfRevenue": 2067523000,
    "grossProfit": 1780131000,
    "grossProfitRatio": 0.4626536066,
    "researchAndDevelopmentExpenses": 381120000,
    "generalAndAdministrativeExpenses": 0,
    "sellingAndMarketingExpenses": 0,
    "sellingGeneralAndAdministrativeExpenses": 203703000,
    "otherExpenses": 0,
    "operatingExpenses": 584823000,
    "costAndExpenses": 2652346000,
    "interestIncome": 4209000,
    "interestExpense": 52236000,
    "depreciationAndAmortization": 79453000,
    "ebitda": 1291677000,
    "ebitdaratio": 0.3357050816,
    "operatingIncome": 1195308000,
    "operatingIncomeRatio": 0.3106589106,
    "totalOtherIncomeExpensesNet": -35320000,
    "incomeBeforeTax": 1159988000,
    "incomeBeforeTaxRatio": 0.301479291,
    "incomeTaxExpense": 88867000,
    "netIncome": 1071121000,
    "netIncomeRatio": 0.2783828795,
    "eps": 0.75,
    "epsdiluted": 0.74,
    "weightedAverageShsOut": 1426760000,
    "weightedAverageShsOutDil": 1446090000,
    "link": "https://www.sec.gov/Archives/edgar/data/707549/000070754921000089/0000707549-21-000089-index.htm",
    "finalLink": "https://www.sec.gov/Archives/edgar/data/707549/000070754921000089/lrcx-20210328.htm"
  },
  {
    "date": "2020-12-27",
    "symbol": "LRCX",
    "reportedCurrency": "USD",
    "cik": "0000707549",
    "fillingDate": "2021-02-02",
    "acceptedDate": "2021-02-02 16:03:10",
    "calendarYear": "2021",
    "period": "Q2",
    "revenue": 3456237000,
    "costOfRevenue": 1852442000,
    "grossProfit": 1603795000,
    "grossProfitRatio": 0.4640292318,
    "researchAndDevelopmentExpenses": 375172000,
    "generalAndAdministrativeExpenses": 0,
    "sellingAndMarketingExpenses": 0,
    "sellingGeneralAndAdministrativeExpenses": 218899000,
    "otherExpenses": 0,
    "operatingExpenses": 594071000,
    "costAndExpenses": 2446513000,
    "interestIncome": 4796000,
    "interestExpense": 52551000,
    "depreciationAndAmortization": 76389000,
    "ebitda": 1108723000,
    "ebitdaratio": 0.3207890547,
    "operatingIncome": 1009724000,
    "operatingIncomeRatio": 0.292145475,
    "totalOtherIncomeExpensesNet": -29941000,
    "incomeBeforeTax": 979783000,
    "incomeBeforeTaxRatio": 0.2834825853,
    "incomeTaxExpense": 110554000,
    "netIncome": 869229000,
    "netIncomeRatio": 0.2514957742,
    "eps": 0.6,
    "epsdiluted": 0.6,
    "weightedAverageShsOut": 1438300000,
    "weightedAverageShsOutDil": 1459100000,
    "link": "https://www.sec.gov/Archives/edgar/data/707549/000070754921000017/0000707549-21-000017-index.htm",
    "finalLink": "https://www.sec.gov/Archives/edgar/data/707549/000070754921000017/lrcx-20201227.htm"
  },
  {
    "date": "2020-09-27",
    "symbol": "LRCX",
    "reportedCurrency": "USD",
    "cik": "0000707549",
    "fillingDate": "2020-10-27",
    "acceptedDate": "2020-10-27 16:04:03",
    "calendarYear": "2021",
    "period": "Q1",
    "revenue": 3177080000,
    "costOfRevenue": 1670901000,
    "grossProfit": 1506179000,
    "grossProfitRatio": 0.4740765105,
    "researchAndDevelopmentExpenses": 355367000,
    "generalAndAdministrativeExpenses": 0,
    "sellingAndMarketingExpenses": 0,
    "sellingGeneralAndAdministrativeExpenses": 189748000,
    "otherExpenses": 0,
    "operatingExpenses": 545115000,
    "costAndExpenses": 2216016000,
    "interestIncome": 6959000,
    "interestExpense": 52115000,
    "depreciationAndAmortization": 72912000,
    "ebitda": 1047299000,
    "ebitdaratio": 0.3296419983,
    "operatingIncome": 961064000,
    "operatingIncomeRatio": 0.3024991502,
    "totalOtherIncomeExpensesNet": -38792000,
    "incomeBeforeTax": 922272000,
    "incomeBeforeTaxRatio": 0.2902891964,
    "incomeTaxExpense": 98821000,
    "netIncome": 823451000,
    "netIncomeRatio": 0.259184849,
    "eps": 0.57,
    "epsdiluted": 0.56,
    "weightedAverageShsOut": 1452670000,
    "weightedAverageShsOutDil": 1472480000,
    "link": "https://www.sec.gov/Archives/edgar/data/707549/000070754920000173/0000707549-20-000173-index.htm",
    "finalLink": "https://www.sec.gov/Archives/edgar/data/707549/000070754920000173/lrcx-20200927.htm"
  },
  {
    "date": "2020-06-28",
    "symbol": "LRCX",
    "reportedCurrency": "USD",
    "cik": "0000707549",
    "fillingDate": "2020-08-18",
    "acceptedDate": "2020-08-18 16:30:43",
    "calendarYear": "2020",
    "period": "Q4",
    "revenue": 2791864000,
    "costOfRevenue": 1511532000,
    "grossProfit": 1280332000,
    "grossProfitRatio": 0.4585939716,
    "researchAndDevelopmentExpenses": 338810000,
    "generalAndAdministrativeExpenses": 0,
    "sellingAndMarketingExpenses": 0,
    "sellingGeneralAndAdministrativeExpenses": 185800000,
    "otherExpenses": 0,
    "operatingExpenses": 524610000,
    "costAndExpenses": 2036142000,
    "interestIncome": 9339000,
    "interestExpense": 49250000,
    "depreciationAndAmortization": 71083000,
    "ebitda": 868502000,
    "ebitdaratio": 0.3110832046,
    "operatingIncome": 755722000,
    "operatingIncomeRatio": 0.2706872541,
    "totalOtherIncomeExpensesNet": -7553000,
    "incomeBeforeTax": 748169000,
    "incomeBeforeTaxRatio": 0.2679818931,
    "incomeTaxExpense": 51496000,
    "netIncome": 696673000,
    "netIncomeRatio": 0.2495368686,
    "eps": 0.48,
    "epsdiluted": 0.47,
    "weightedAverageShsOut": 1452950000,
    "weightedAverageShsOutDil": 1474160000,
    "link": "https://www.sec.gov/Archives/edgar/data/707549/000070754920000138/0000707549-20-000138-index.htm",
    "finalLink": "https://www.sec.gov/Archives/edgar/data/707549/000070754920000138/lrcx10k2020document.htm"
  },
  {
    "date": "2020-03-29",
    "symbol": "LRCX",
    "reportedCurrency": "USD",
    "cik": "0000707549",
    "fillingDate": "2020-04-28",
    "acceptedDate": "2020-04-28 16:07:41",
    "calendarYear": "2020",
    "period": "Q3",
    "revenue": 2503625000,
    "costOfRevenue": 1336618000,
    "grossProfit": 1167007000,
    "grossProfitRatio": 0.466126916,
    "researchAndDevelopmentExpenses": 307914000,
    "generalAndAdministrativeExpenses": 0,
    "sellingAndMarketingExpenses": 0,
    "sellingGeneralAndAdministrativeExpenses": 164979000,
    "otherExpenses": 0,
    "operatingExpenses": 472893000,
    "costAndExpenses": 1809511000,
    "interestIncome": 18856000,
    "interestExpense": 41580000,
    "depreciationAndAmortization": 67248000,
    "ebitda": 738323000,
    "ebitdaratio": 0.2949015927,
    "operatingIncome": 694114000,
    "operatingIncomeRatio": 0.2772435968,
    "totalOtherIncomeExpensesNet": -64619000,
    "incomeBeforeTax": 629495000,
    "incomeBeforeTaxRatio": 0.2514334215,
    "incomeTaxExpense": 54714000,
    "netIncome": 574781000,
    "netIncomeRatio": 0.2295795097,
    "eps": 0.4,
    "epsdiluted": 0.39,
    "weightedAverageShsOut": 1453010000,
    "weightedAverageShsOutDil": 1481650000,
    "link": "https://www.sec.gov/Archives/edgar/data/707549/000070754920000081/0000707549-20-000081-index.htm",
    "finalLink": "https://www.sec.gov/Archives/edgar/data/707549/000070754920000081/lrcx10q3q2020document.htm"
  },
  {
    "date": "2019-12-29",
    "symbol": "LRCX",
    "reportedCurrency": "USD",
    "cik": "0000707549",
    "fillingDate": "2020-02-04",
    "acceptedDate": "2020-02-04 16:09:12",
    "calendarYear": "2020",
    "period": "Q2",
    "revenue": 2583501000,
    "costOfRevenue": 1403857000,
    "grossProfit": 1179644000,
    "grossProfitRatio": 0.4566067518,
    "researchAndDevelopmentExpenses": 318861000,
    "generalAndAdministrativeExpenses": 0,
    "sellingAndMarketingExpenses": 0,
    "sellingGeneralAndAdministrativeExpenses": 174272000,
    "otherExpenses": 0,
    "operatingExpenses": 493133000,
    "costAndExpenses": 1896990000,
    "interestIncome": 25454000,
    "interestExpense": 42615000,
    "depreciationAndAmortization": 65530000,
    "ebitda": 780732000,
    "ebitdaratio": 0.302199225,
    "operatingIncome": 686511000,
    "operatingIncomeRatio": 0.2657289469,
    "totalOtherIncomeExpensesNet": -13924000,
    "incomeBeforeTax": 672587000,
    "incomeBeforeTaxRatio": 0.2603393612,
    "incomeTaxExpense": 158077000,
    "netIncome": 514510000,
    "netIncomeRatio": 0.1991522357,
    "eps": 0.36,
    "epsdiluted": 0.34,
    "weightedAverageShsOut": 1439870000,
    "weightedAverageShsOutDil": 1500970000,
    "link": "https://www.sec.gov/Archives/edgar/data/707549/000070754920000020/0000707549-20-000020-index.htm",
    "finalLink": "https://www.sec.gov/Archives/edgar/data/707549/000070754920000020/lrcx10q2q2020document.htm"
  },
  {
    "date": "2019-09-29",
    "symbol": "LRCX",
    "reportedCurrency": "USD",
    "cik": "0000707549",
    "fillingDate": "2019-10-29",
    "acceptedDate": "2019-10-29 16:06:30",
    "calendarYear": "2020",
    "period": "Q1",
    "revenue": 2165746000,
    "costOfRevenue": 1184036000,
    "grossProfit": 981710000,
    "grossProfitRatio": 0.4532895363,
    "researchAndDevelopmentExpenses": 286827000,
    "generalAndAdministrativeExpenses": 0,
    "sellingAndMarketingExpenses": 0,
    "sellingGeneralAndAdministrativeExpenses": 157428000,
    "otherExpenses": 0,
    "operatingExpenses": 444255000,
    "costAndExpenses": 1628291000,
    "interestIncome": 31784000,
    "interestExpense": 43995000,
    "depreciationAndAmortization": 64664000,
    "ebitda": 633386000,
    "ebitdaratio": 0.2924562714,
    "operatingIncome": 537455000,
    "operatingIncomeRatio": 0.2481616034,
    "totalOtherIncomeExpensesNet": -12728000,
    "incomeBeforeTax": 524727000,
    "incomeBeforeTaxRatio": 0.2422846446,
    "incomeTaxExpense": 58938000,
    "netIncome": 465789000,
    "netIncomeRatio": 0.2150709271,
    "eps": 0.32,
    "epsdiluted": 0.31,
    "weightedAverageShsOut": 1446730000,
    "weightedAverageShsOutDil": 1506820000,
    "link": "https://www.sec.gov/Archives/edgar/data/707549/000070754919000163/0000707549-19-000163-index.htm",
    "finalLink": "https://www.sec.gov/Archives/edgar/data/707549/000070754919000163/lrcx10q1q2020document.htm"
  },
  {
    "date": "2019-06-30",
    "symbol": "LRCX",
    "reportedCurrency": "USD",
    "cik": "0000707549",
    "fillingDate": "2019-08-20",
    "acceptedDate": "2019-08-20 16:15:59",
    "calendarYear": "2019",
    "period": "Q4",
    "revenue": 2361147000,
    "costOfRevenue": 1280256000,
    "grossProfit": 1080891000,
    "grossProfitRatio": 0.4577821711,
    "researchAndDevelopmentExpenses": 295578000,
    "generalAndAdministrativeExpenses": 0,
    "sellingAndMarketingExpenses": 0,
    "sellingGeneralAndAdministrativeExpenses": 168228000,
    "otherExpenses": 0,
    "operatingExpenses": 463806000,
    "costAndExpenses": 1744062000,
    "interestIncome": 35062000,
    "interestExpense": 45428000,
    "depreciationAndAmortization": 65408000,
    "ebitda": 720254000,
    "ebitdaratio": 0.3050441163,
    "operatingIncome": 617085000,
    "operatingIncomeRatio": 0.2613496745,
    "totalOtherIncomeExpensesNet": -7667000,
    "incomeBeforeTax": 609418000,
    "incomeBeforeTaxRatio": 0.2581025239,
    "incomeTaxExpense": 67593000,
    "netIncome": 541825000,
    "netIncomeRatio": 0.2294753355,
    "eps": 0.37,
    "epsdiluted": 0.35,
    "weightedAverageShsOut": 1481310000,
    "weightedAverageShsOutDil": 1544740000,
    "link": "https://www.sec.gov/Archives/edgar/data/707549/000070754919000124/0000707549-19-000124-index.htm",
    "finalLink": "https://www.sec.gov/Archives/edgar/data/707549/000070754919000124/lrcx10k2019document.htm"
  },
  {
    "date": "2019-03-31",
    "symbol": "LRCX",
    "reportedCurrency": "USD",
    "cik": "0000707549",
    "fillingDate": "2019-04-30",
    "acceptedDate": "2019-04-30 16:38:29",
    "calendarYear": "2019",
    "period": "Q3",
    "revenue": 2439048000,
    "costOfRevenue": 1364711000,
    "grossProfit": 1074337000,
    "grossProfitRatio": 0.4404739062,
    "researchAndDevelopmentExpenses": 318514000,
    "generalAndAdministrativeExpenses": 0,
    "sellingAndMarketingExpenses": 0,
    "sellingGeneralAndAdministrativeExpenses": 190306000,
    "otherExpenses": 0,
    "operatingExpenses": 508820000,
    "costAndExpenses": 1873531000,
    "interestIncome": 26966000,
    "interestExpense": 30263000,
    "depreciationAndAmortization": 82274000,
    "ebitda": 698586000,
    "ebitdaratio": 0.2864174875,
    "operatingIncome": 565517000,
    "operatingIncomeRatio": 0.2318597256,
    "totalOtherIncomeExpensesNet": 20532000,
    "incomeBeforeTax": 586049000,
    "incomeBeforeTaxRatio": 0.2402777641,
    "incomeTaxExpense": 38659000,
    "netIncome": 547390000,
    "netIncomeRatio": 0.2244277275,
    "eps": 0.36,
    "epsdiluted": 0.35,
    "weightedAverageShsOut": 1512010000,
    "weightedAverageShsOutDil": 1578490000,
    "link": "https://www.sec.gov/Archives/edgar/data/707549/000070754919000078/0000707549-19-000078-index.htm",
    "finalLink": "https://www.sec.gov/Archives/edgar/data/707549/000070754919000078/lrcx10q3q2019document.htm"
  },
  {
    "date": "2018-12-23",
    "symbol": "LRCX",
    "reportedCurrency": "USD",
    "cik": "0000707549",
    "fillingDate": "2019-01-30",
    "acceptedDate": "2019-01-30 16:06:54",
    "calendarYear": "2019",
    "period": "Q2",
    "revenue": 2522673000,
    "costOfRevenue": 1377640000,
    "grossProfit": 1145033000,
    "grossProfitRatio": 0.4538967199,
    "researchAndDevelopmentExpenses": 285556000,
    "generalAndAdministrativeExpenses": 0,
    "sellingAndMarketingExpenses": 0,
    "sellingGeneralAndAdministrativeExpenses": 169098000,
    "otherExpenses": 0,
    "operatingExpenses": 454654000,
    "costAndExpenses": 1832294000,
    "interestIncome": 17809000,
    "interestExpense": 19784000,
    "depreciationAndAmortization": 81794000,
    "ebitda": 761308000,
    "ebitdaratio": 0.3017862402,
    "operatingIncome": 690379000,
    "operatingIncomeRatio": 0.2736696353,
    "totalOtherIncomeExpensesNet": -30649000,
    "incomeBeforeTax": 659730000,
    "incomeBeforeTaxRatio": 0.2615202208,
    "incomeTaxExpense": 90875000,
    "netIncome": 568855000,
    "netIncomeRatio": 0.2254969233,
    "eps": 0.37,
    "epsdiluted": 0.35,
    "weightedAverageShsOut": 1550220000,
    "weightedAverageShsOutDil": 1621700000,
    "link": "https://www.sec.gov/Archives/edgar/data/707549/000070754919000008/0000707549-19-000008-index.htm",
    "finalLink": "https://www.sec.gov/Archives/edgar/data/707549/000070754919000008/lrcx10q2q2019document.htm"
  },
  {
    "date": "2018-09-23",
    "symbol": "LRCX",
    "reportedCurrency": "USD",
    "cik": "0000707549",
    "fillingDate": "2018-10-23",
    "acceptedDate": "2018-10-23 17:30:20",
    "calendarYear": "2019",
    "period": "Q1",
    "revenue": 2330691000,
    "costOfRevenue": 1272493000,
    "grossProfit": 1058198000,
    "grossProfitRatio": 0.4540275824,
    "researchAndDevelopmentExpenses": 291672000,
    "generalAndAdministrativeExpenses": 0,
    "sellingAndMarketingExpenses": 0,
    "sellingGeneralAndAdministrativeExpenses": 174775000,
    "otherExpenses": 0,
    "operatingExpenses": 466447000,
    "costAndExpenses": 1738940000,
    "interestIncome": 18933000,
    "interestExpense": 21788000,
    "depreciationAndAmortization": 79805000,
    "ebitda": 692967000,
    "ebitdaratio": 0.2973225537,
    "operatingIncome": 591751000,
    "operatingIncomeRatio": 0.2538950895,
    "totalOtherIncomeExpensesNet": -377000,
    "incomeBeforeTax": 591374000,
    "incomeBeforeTaxRatio": 0.2537333349,
    "incomeTaxExpense": 58014000,
    "netIncome": 533360000,
    "netIncomeRatio": 0.2288420044,
    "eps": 0.34,
    "epsdiluted": 0.32,
    "weightedAverageShsOut": 1556580000,
    "weightedAverageShsOutDil": 1653270000,
    "link": "https://www.sec.gov/Archives/edgar/data/707549/000070754918000125/0000707549-18-000125-index.htm",
    "finalLink": "https://www.sec.gov/Archives/edgar/data/707549/000070754918000125/lrcx10q1q2019document.htm"
  },
  {
    "date": "2018-06-24",
    "symbol": "LRCX",
    "reportedCurrency": "USD",
    "cik": "0000707549",
    "fillingDate": "2018-08-14",
    "acceptedDate": "2018-08-14 16:18:51",
    "calendarYear": "2018",
    "period": "Q4",
    "revenue": 3125928000,
    "costOfRevenue": 1646520000,
    "grossProfit": 1479408000,
    "grossProfitRatio": 0.4732700177,
    "researchAndDevelopmentExpenses": 327713000,
    "generalAndAdministrativeExpenses": 0,
    "sellingAndMarketingExpenses": 0,
    "sellingGeneralAndAdministrativeExpenses": 196500000,
    "otherExpenses": 0,
    "operatingExpenses": 524213000,
    "costAndExpenses": 2170733000,
    "interestIncome": 23265000,
    "interestExpense": 24431000,
    "depreciationAndAmortization": 85119000,
    "ebitda": 1067699000,
    "ebitdaratio": 0.3415622497,
    "operatingIncome": 955195000,
    "operatingIncomeRatio": 0.3055716574,
    "totalOtherIncomeExpensesNet": 2954000,
    "incomeBeforeTax": 958149000,
    "incomeBeforeTaxRatio": 0.3065166568,
    "incomeTaxExpense": -62997000,
    "netIncome": 1021146000,
    "netIncomeRatio": 0.3266697122,
    "eps": 0.64,
    "epsdiluted": 0.58,
    "weightedAverageShsOut": 1609160000,
    "weightedAverageShsOutDil": 1754320000,
    "link": "https://www.sec.gov/Archives/edgar/data/707549/000070754918000115/0000707549-18-000115-index.htm",
    "finalLink": "https://www.sec.gov/Archives/edgar/data/707549/000070754918000115/lrcx_10kx2018xdocument.htm"
  },
  {
    "date": "2018-03-25",
    "symbol": "LRCX",
    "reportedCurrency": "USD",
    "cik": "0000707549",
    "fillingDate": "2018-04-24",
    "acceptedDate": "2018-04-24 16:09:13",
    "calendarYear": "2018",
    "period": "Q3",
    "revenue": 2892115000,
    "costOfRevenue": 1561401000,
    "grossProfit": 1330714000,
    "grossProfitRatio": 0.4601179414,
    "researchAndDevelopmentExpenses": 305412000,
    "generalAndAdministrativeExpenses": 0,
    "sellingAndMarketingExpenses": 0,
    "sellingGeneralAndAdministrativeExpenses": 197791000,
    "otherExpenses": 0,
    "operatingExpenses": 503203000,
    "costAndExpenses": 2064604000,
    "interestIncome": 21761000,
    "interestExpense": 25734000,
    "depreciationAndAmortization": 82236000,
    "ebitda": 879671000,
    "ebitdaratio": 0.3041618331,
    "operatingIncome": 827511000,
    "operatingIncomeRatio": 0.286126589,
    "totalOtherIncomeExpensesNet": -55810000,
    "incomeBeforeTax": 771701000,
    "incomeBeforeTaxRatio": 0.2668292927,
    "incomeTaxExpense": -7099000,
    "netIncome": 778800000,
    "netIncomeRatio": 0.2692838978,
    "eps": 0.48,
    "epsdiluted": 0.43,
    "weightedAverageShsOut": 1623780000,
    "weightedAverageShsOutDil": 1797790000,
    "link": "https://www.sec.gov/Archives/edgar/data/707549/000070754918000084/0000707549-18-000084-index.htm",
    "finalLink": "https://www.sec.gov/Archives/edgar/data/707549/000070754918000084/lrcx_10qx3qx2018xdocument.htm"
  },
  {
    "date": "2017-12-24",
    "symbol": "LRCX",
    "reportedCurrency": "USD",
    "cik": "0000707549",
    "fillingDate": "2018-01-30",
    "acceptedDate": "2018-01-30 17:17:36",
    "calendarYear": "2018",
    "period": "Q2",
    "revenue": 2580815000,
    "costOfRevenue": 1375248000,
    "grossProfit": 1205567000,
    "grossProfitRatio": 0.4671264697,
    "researchAndDevelopmentExpenses": 281311000,
    "generalAndAdministrativeExpenses": 0,
    "sellingAndMarketingExpenses": 0,
    "sellingGeneralAndAdministrativeExpenses": 186885000,
    "otherExpenses": 0,
    "operatingExpenses": 468196000,
    "costAndExpenses": 1843444000,
    "interestIncome": 20578000,
    "interestExpense": 23317000,
    "depreciationAndAmortization": 79898000,
    "ebitda": 837434000,
    "ebitdaratio": 0.3244843199,
    "operatingIncome": 737371000,
    "operatingIncomeRatio": 0.285712459,
    "totalOtherIncomeExpensesNet": -3152000,
    "incomeBeforeTax": 734219000,
    "incomeBeforeTaxRatio": 0.2844911394,
    "incomeTaxExpense": 744174000,
    "netIncome": -9955000,
    "netIncomeRatio": -0.0038573086,
    "eps": -0.0062,
    "epsdiluted": -0.0062,
    "weightedAverageShsOut": 1611350000,
    "weightedAverageShsOutDil": 1611350000,
    "link": "https://www.sec.gov/Archives/edgar/data/707549/000070754918000016/0000707549-18-000016-index.htm",
    "finalLink": "https://www.sec.gov/Archives/edgar/data/707549/000070754918000016/lrcx_10qx2qx2018xdocument.htm"
  },
  {
    "date": "2017-09-24",
    "symbol": "LRCX",
    "reportedCurrency": "USD",
    "cik": "0000707549",
    "fillingDate": "2017-10-23",
    "acceptedDate": "2017-10-23 16:27:13",
    "calendarYear": "2018",
    "period": "Q1",
    "revenue": 2478140000,
    "costOfRevenue": 1328797000,
    "grossProfit": 1149343000,
    "grossProfitRatio": 0.4637926025,
    "researchAndDevelopmentExpenses": 275078000,
    "generalAndAdministrativeExpenses": 0,
    "sellingAndMarketingExpenses": 0,
    "sellingGeneralAndAdministrativeExpenses": 181043000,
    "otherExpenses": 0,
    "operatingExpenses": 456121000,
    "costAndExpenses": 1784918000,
    "interestIncome": 20209000,
    "interestExpense": 23905000,
    "depreciationAndAmortization": 79142000,
    "ebitda": 790767000,
    "ebitdaratio": 0.319096984,
    "operatingIncome": 693222000,
    "operatingIncomeRatio": 0.2797348011,
    "totalOtherIncomeExpensesNet": -5502000,
    "incomeBeforeTax": 687720000,
    "incomeBeforeTaxRatio": 0.2775145876,
    "incomeTaxExpense": 97030000,
    "netIncome": 590690000,
    "netIncomeRatio": 0.2383602218,
    "eps": 0.36,
    "epsdiluted": 0.32,
    "weightedAverageShsOut": 1621410000,
    "weightedAverageShsOutDil": 1838800000,
    "link": "https://www.sec.gov/Archives/edgar/data/707549/000070754917000139/0000707549-17-000139-index.htm",
    "finalLink": "https://www.sec.gov/Archives/edgar/data/707549/000070754917000139/lrcx_10qx1qx2018xdocument.htm"
  },
  {
    "date": "2017-06-25",
    "symbol": "LRCX",
    "reportedCurrency": "USD",
    "cik": "0000707549",
    "fillingDate": "2017-08-15",
    "acceptedDate": "2017-08-15 16:08:17",
    "calendarYear": "2017",
    "period": "Q4",
    "revenue": 2344907000,
    "costOfRevenue": 1275946000,
    "grossProfit": 1068961000,
    "grossProfitRatio": 0.4558649874,
    "researchAndDevelopmentExpenses": 285712000,
    "generalAndAdministrativeExpenses": 0,
    "sellingAndMarketingExpenses": 0,
    "sellingGeneralAndAdministrativeExpenses": 175310000,
    "otherExpenses": 0,
    "operatingExpenses": 461022000,
    "costAndExpenses": 1736968000,
    "interestIncome": 17805000,
    "interestExpense": 24912000,
    "depreciationAndAmortization": 79036000,
    "ebitda": 707443000,
    "ebitdaratio": 0.3016934147,
    "operatingIncome": 607939000,
    "operatingIncomeRatio": 0.2592593224,
    "totalOtherIncomeExpensesNet": -4444000,
    "incomeBeforeTax": 603495000,
    "incomeBeforeTaxRatio": 0.2573641513,
    "incomeTaxExpense": 77071000,
    "netIncome": 526424000,
    "netIncomeRatio": 0.2244967498,
    "eps": 0.33,
    "epsdiluted": 0.28,
    "weightedAverageShsOut": 1622130000,
    "weightedAverageShsOutDil": 1864270000,
    "link": "https://www.sec.gov/Archives/edgar/data/707549/000070754917000100/0000707549-17-000100-index.htm",
    "finalLink": "https://www.sec.gov/Archives/edgar/data/707549/000070754917000100/lrcx_10kx2017xdocument.htm"
  },
  {
    "date": "2017-03-26",
    "symbol": "LRCX",
    "reportedCurrency": "USD",
    "cik": "0000707549",
    "fillingDate": "2017-04-24",
    "acceptedDate": "2017-04-24 16:27:41",
    "calendarYear": "2017",
    "period": "Q3",
    "revenue": 2153995000,
    "costOfRevenue": 1182591000,
    "grossProfit": 971404000,
    "grossProfitRatio": 0.4509778342,
    "researchAndDevelopmentExpenses": 265986000,
    "generalAndAdministrativeExpenses": 0,
    "sellingAndMarketingExpenses": 0,
    "sellingGeneralAndAdministrativeExpenses": 167000000,
    "otherExpenses": 0,
    "operatingExpenses": 432986000,
    "costAndExpenses": 1615577000,
    "interestIncome": 16345000,
    "interestExpense": 24752000,
    "depreciationAndAmortization": 76242000,
    "ebitda": 631574000,
    "ebitdaratio": 0.2932105228,
    "operatingIncome": 538418000,
    "operatingIncomeRatio": 0.2499625115,
    "totalOtherIncomeExpensesNet": -7838000,
    "incomeBeforeTax": 530580000,
    "incomeBeforeTaxRatio": 0.2463236916,
    "incomeTaxExpense": -44133000,
    "netIncome": 574713000,
    "netIncomeRatio": 0.2668125971,
    "eps": 0.35,
    "epsdiluted": 0.31,
    "weightedAverageShsOut": 1634080000,
    "weightedAverageShsOutDil": 1850940000,
    "link": "https://www.sec.gov/Archives/edgar/data/707549/000070754917000056/0000707549-17-000056-index.htm",
    "finalLink": "https://www.sec.gov/Archives/edgar/data/707549/000070754917000056/lrcx_10qx3qx2017xdocument.htm"
  },
  {
    "date": "2016-12-25",
    "symbol": "LRCX",
    "reportedCurrency": "USD",
    "cik": "0000707549",
    "fillingDate": "2017-01-30",
    "acceptedDate": "2017-01-30 16:15:34",
    "calendarYear": "2017",
    "period": "Q2",
    "revenue": 1882299000,
    "costOfRevenue": 1035502000,
    "grossProfit": 846797000,
    "grossProfitRatio": 0.4498737979,
    "researchAndDevelopmentExpenses": 246804000,
    "generalAndAdministrativeExpenses": 0,
    "sellingAndMarketingExpenses": 0,
    "sellingGeneralAndAdministrativeExpenses": 160165000,
    "otherExpenses": 0,
    "operatingExpenses": 406969000,
    "costAndExpenses": 1442471000,
    "interestIncome": 10945000,
    "interestExpense": 26641000,
    "depreciationAndAmortization": 77065000,
    "ebitda": 488511000,
    "ebitdaratio": 0.2595289059,
    "operatingIncome": 439828000,
    "operatingIncomeRatio": 0.233665321,
    "totalOtherIncomeExpensesNet": -55023000,
    "incomeBeforeTax": 384805000,
    "incomeBeforeTaxRatio": 0.2044335145,
    "incomeTaxExpense": 52014000,
    "netIncome": 332791000,
    "netIncomeRatio": 0.1768002852,
    "eps": 0.21,
    "epsdiluted": 0.18,
    "weightedAverageShsOut": 1626590000,
    "weightedAverageShsOutDil": 1835430000,
    "link": "https://www.sec.gov/Archives/edgar/data/707549/000070754917000010/0000707549-17-000010-index.htm",
    "finalLink": "https://www.sec.gov/Archives/edgar/data/707549/000070754917000010/lrcx_10qx2qx2017xdocument.htm"
  },
  {
    "date": "2016-09-25",
    "symbol": "LRCX",
    "reportedCurrency": "USD",
    "cik": "0000707549",
    "fillingDate": "2016-10-25",
    "acceptedDate": "2016-10-24 19:57:45",
    "calendarYear": "2017",
    "period": "Q1",
    "revenue": 1632419000,
    "costOfRevenue": 916222000,
    "grossProfit": 716197000,
    "grossProfitRatio": 0.4387335604,
    "researchAndDevelopmentExpenses": 235240000,
    "generalAndAdministrativeExpenses": 0,
    "sellingAndMarketingExpenses": 0,
    "sellingGeneralAndAdministrativeExpenses": 165010000,
    "otherExpenses": 0,
    "operatingExpenses": 400250000,
    "costAndExpenses": 1316472000,
    "interestIncome": 12763000,
    "interestExpense": 41429000,
    "depreciationAndAmortization": 74562000,
    "ebitda": 408784000,
    "ebitdaratio": 0.2504161003,
    "operatingIncome": 315947000,
    "operatingIncomeRatio": 0.1935452846,
    "totalOtherIncomeExpensesNet": -23154000,
    "incomeBeforeTax": 292793000,
    "incomeBeforeTaxRatio": 0.1793614262,
    "incomeTaxExpense": 28958000,
    "netIncome": 263835000,
    "netIncomeRatio": 0.161622108,
    "eps": 0.16,
    "epsdiluted": 0.15,
    "weightedAverageShsOut": 1606070000,
    "weightedAverageShsOutDil": 1800170000,
    "link": "https://www.sec.gov/Archives/edgar/data/707549/000070754916000085/0000707549-16-000085-index.htm",
    "finalLink": "https://www.sec.gov/Archives/edgar/data/707549/000070754916000085/lrcx_10qx1qx2017xdocument.htm"
  },
  {
    "date": "2016-06-26",
    "symbol": "LRCX",
    "reportedCurrency": "USD",
    "cik": "0000707549",
    "fillingDate": "2016-08-17",
    "acceptedDate": "2016-08-16 19:26:13",
    "calendarYear": "2016",
    "period": "Q4",
    "revenue": 1546261000,
    "costOfRevenue": 847477000,
    "grossProfit": 698784000,
    "grossProfitRatio": 0.4519185312,
    "researchAndDevelopmentExpenses": 237255000,
    "generalAndAdministrativeExpenses": 0,
    "sellingAndMarketingExpenses": 0,
    "sellingGeneralAndAdministrativeExpenses": 152288000,
    "otherExpenses": 0,
    "operatingExpenses": 389543000,
    "costAndExpenses": 1237020000,
    "interestIncome": 8875000,
    "interestExpense": 33479000,
    "depreciationAndAmortization": 74976000,
    "ebitda": 435217000,
    "ebitdaratio": 0.2814641254,
    "operatingIncome": 309241000,
    "operatingIncomeRatio": 0.1999927567,
    "totalOtherIncomeExpensesNet": -27249000,
    "incomeBeforeTax": 281992000,
    "incomeBeforeTaxRatio": 0.1823702467,
    "incomeTaxExpense": 23053000,
    "netIncome": 258939000,
    "netIncomeRatio": 0.1674613794,
    "eps": 0.16,
    "epsdiluted": 0.15,
    "weightedAverageShsOut": 1598620000,
    "weightedAverageShsOutDil": 1776490000,
    "link": "https://www.sec.gov/Archives/edgar/data/707549/000070754916000050/0000707549-16-000050-index.htm",
    "finalLink": "https://www.sec.gov/Archives/edgar/data/707549/000070754916000050/lrcx_10kx2016xdocument.htm"
  },
  {
    "date": "2016-03-27",
    "symbol": "LRCX",
    "reportedCurrency": "USD",
    "cik": "0000707549",
    "fillingDate": "2016-04-25",
    "acceptedDate": "2016-04-25 16:14:26",
    "calendarYear": "2016",
    "period": "Q3",
    "revenue": 1314055000,
    "costOfRevenue": 742790000,
    "grossProfit": 571265000,
    "grossProfitRatio": 0.434734467,
    "researchAndDevelopmentExpenses": 221494000,
    "generalAndAdministrativeExpenses": 0,
    "sellingAndMarketingExpenses": 0,
    "sellingGeneralAndAdministrativeExpenses": 159018000,
    "otherExpenses": 0,
    "operatingExpenses": 380512000,
    "costAndExpenses": 1123302000,
    "interestIncome": 8148000,
    "interestExpense": 38056000,
    "depreciationAndAmortization": 73664000,
    "ebitda": 264417000,
    "ebitdaratio": 0.2012221711,
    "operatingIncome": 190753000,
    "operatingIncomeRatio": 0.1451636347,
    "totalOtherIncomeExpensesNet": -29834000,
    "incomeBeforeTax": 160919000,
    "incomeBeforeTaxRatio": 0.1224598666,
    "incomeTaxExpense": 17468000,
    "netIncome": 143451000,
    "netIncomeRatio": 0.1091666635,
    "eps": 0.09,
    "epsdiluted": 0.082,
    "weightedAverageShsOut": 1590390000,
    "weightedAverageShsOutDil": 1743730000,
    "link": "https://www.sec.gov/Archives/edgar/data/707549/000070754916000014/0000707549-16-000014-index.htm",
    "finalLink": "https://www.sec.gov/Archives/edgar/data/707549/000070754916000014/lrcx_10qx3qxdocument.htm"
  },
  {
    "date": "2015-12-27",
    "symbol": "LRCX",
    "reportedCurrency": "USD",
    "cik": "0000707549",
    "fillingDate": "2016-02-03",
    "acceptedDate": "2016-02-03 16:18:11",
    "calendarYear": "2016",
    "period": "Q2",
    "revenue": 1425534000,
    "costOfRevenue": 799024000,
    "grossProfit": 626510000,
    "grossProfitRatio": 0.4394914467,
    "researchAndDevelopmentExpenses": 220754000,
    "generalAndAdministrativeExpenses": 0,
    "sellingAndMarketingExpenses": 0,
    "sellingGeneralAndAdministrativeExpenses": 166922000,
    "otherExpenses": 0,
    "operatingExpenses": 387676000,
    "costAndExpenses": 1186700000,
    "interestIncome": 6729000,
    "interestExpense": 38577000,
    "depreciationAndAmortization": 71798000,
    "ebitda": 310632000,
    "ebitdaratio": 0.2179057111,
    "operatingIncome": 238834000,
    "operatingIncomeRatio": 0.1675400236,
    "totalOtherIncomeExpensesNet": -29935000,
    "incomeBeforeTax": 208899000,
    "incomeBeforeTaxRatio": 0.1465408752,
    "incomeTaxExpense": -14081000,
    "netIncome": 222980000,
    "netIncomeRatio": 0.1564185772,
    "eps": 0.14,
    "epsdiluted": 0.13,
    "weightedAverageShsOut": 1584240000,
    "weightedAverageShsOutDil": 1742420000,
    "link": "https://www.sec.gov/Archives/edgar/data/707549/000162828016010687/0001628280-16-010687-index.htm",
    "finalLink": "https://www.sec.gov/Archives/edgar/data/707549/000162828016010687/lrcx_10qx2qxdocument.htm"
  },
  {
    "date": "2015-09-27",
    "symbol": "LRCX",
    "reportedCurrency": "USD",
    "cik": "0000707549",
    "fillingDate": "2015-11-03",
    "acceptedDate": "2015-11-03 16:46:41",
    "calendarYear": "2016",
    "period": "Q1",
    "revenue": 1600043000,
    "costOfRevenue": 877680000,
    "grossProfit": 722363000,
    "grossProfitRatio": 0.4514647419,
    "researchAndDevelopmentExpenses": 234209000,
    "generalAndAdministrativeExpenses": 0,
    "sellingAndMarketingExpenses": 0,
    "sellingGeneralAndAdministrativeExpenses": 152726000,
    "otherExpenses": 0,
    "operatingExpenses": 386935000,
    "costAndExpenses": 1264615000,
    "interestIncome": 5760000,
    "interestExpense": 24661000,
    "depreciationAndAmortization": 70590000,
    "ebitda": 406018000,
    "ebitdaratio": 0.2537544303,
    "operatingIncome": 335428000,
    "operatingIncomeRatio": 0.209636866,
    "totalOtherIncomeExpensesNet": -27121000,
    "incomeBeforeTax": 308307000,
    "incomeBeforeTaxRatio": 0.1926866965,
    "incomeTaxExpense": 19628000,
    "netIncome": 288679000,
    "netIncomeRatio": 0.1804195262,
    "eps": 0.18,
    "epsdiluted": 0.17,
    "weightedAverageShsOut": 1583520000,
    "weightedAverageShsOutDil": 1743740000,
    "link": "https://www.sec.gov/Archives/edgar/data/707549/000119312515364406/0001193125-15-364406-index.htm",
    "finalLink": "https://www.sec.gov/Archives/edgar/data/707549/000119312515364406/d15431d10q.htm"
  },
  {
    "date": "2015-06-28",
    "symbol": "LRCX",
    "reportedCurrency": "USD",
    "cik": "0000707549",
    "fillingDate": "2015-08-13",
    "acceptedDate": "2015-08-13 16:16:15",
    "calendarYear": "2015",
    "period": "Q4",
    "revenue": 1481370000,
    "costOfRevenue": 839832000,
    "grossProfit": 641538000,
    "grossProfitRatio": 0.4330707386,
    "researchAndDevelopmentExpenses": 221675000,
    "generalAndAdministrativeExpenses": 0,
    "sellingAndMarketingExpenses": 0,
    "sellingGeneralAndAdministrativeExpenses": 149384000,
    "otherExpenses": 79444000,
    "operatingExpenses": 450503000,
    "costAndExpenses": 1290335000,
    "interestIncome": 6856000,
    "interestExpense": 24553000,
    "depreciationAndAmortization": 70177000,
    "ebitda": 350477000,
    "ebitdaratio": 0.2365897784,
    "operatingIncome": 191035000,
    "operatingIncomeRatio": 0.1289583291,
    "totalOtherIncomeExpensesNet": -20353000,
    "incomeBeforeTax": 170682000,
    "incomeBeforeTaxRatio": 0.1152190202,
    "incomeTaxExpense": 39411000,
    "netIncome": 131271000,
    "netIncomeRatio": 0.0886145932,
    "eps": 0.083,
    "epsdiluted": 0.074,
    "weightedAverageShsOut": 1585900000,
    "weightedAverageShsOutDil": 1765750000,
    "link": "https://www.sec.gov/Archives/edgar/data/707549/000119312515290023/0001193125-15-290023-index.htm",
    "finalLink": "https://www.sec.gov/Archives/edgar/data/707549/000119312515290023/d937085d10k.htm"
  },
  {
    "date": "2015-03-29",
    "symbol": "LRCX",
    "reportedCurrency": "USD",
    "cik": "0000707549",
    "fillingDate": "2015-04-30",
    "acceptedDate": "2015-04-30 16:18:11",
    "calendarYear": "2015",
    "period": "Q3",
    "revenue": 1393333000,
    "costOfRevenue": 792731000,
    "grossProfit": 600602000,
    "grossProfitRatio": 0.4310541701,
    "researchAndDevelopmentExpenses": 217865000,
    "generalAndAdministrativeExpenses": 0,
    "sellingAndMarketingExpenses": 0,
    "sellingGeneralAndAdministrativeExpenses": 142772000,
    "otherExpenses": 0,
    "operatingExpenses": 360637000,
    "costAndExpenses": 1153368000,
    "interestIncome": 5100000,
    "interestExpense": 17628000,
    "depreciationAndAmortization": 70322000,
    "ebitda": 310287000,
    "ebitdaratio": 0.2226940724,
    "operatingIncome": 239965000,
    "operatingIncomeRatio": 0.1722237254,
    "totalOtherIncomeExpensesNet": -11389000,
    "incomeBeforeTax": 228576000,
    "incomeBeforeTaxRatio": 0.1640498,
    "incomeTaxExpense": 22291000,
    "netIncome": 206285000,
    "netIncomeRatio": 0.1480514708,
    "eps": 0.13,
    "epsdiluted": 0.12,
    "weightedAverageShsOut": 1589920000,
    "weightedAverageShsOutDil": 1775310000,
    "link": "https://www.sec.gov/Archives/edgar/data/707549/000119312515161955/0001193125-15-161955-index.htm",
    "finalLink": "https://www.sec.gov/Archives/edgar/data/707549/000119312515161955/d892728d10q.htm"
  },
  {
    "date": "2014-12-28",
    "symbol": "LRCX",
    "reportedCurrency": "USD",
    "cik": "0000707549",
    "fillingDate": "2015-02-03",
    "acceptedDate": "2015-02-03 16:02:36",
    "calendarYear": "2015",
    "period": "Q2",
    "revenue": 1232241000,
    "costOfRevenue": 695584000,
    "grossProfit": 536657000,
    "grossProfitRatio": 0.4355130206,
    "researchAndDevelopmentExpenses": 196768000,
    "generalAndAdministrativeExpenses": 0,
    "sellingAndMarketingExpenses": 0,
    "sellingGeneralAndAdministrativeExpenses": 151148000,
    "otherExpenses": 0,
    "operatingExpenses": 347916000,
    "costAndExpenses": 1043500000,
    "interestIncome": 4024000,
    "interestExpense": 15797000,
    "depreciationAndAmortization": 69536000,
    "ebitda": 258277000,
    "ebitdaratio": 0.2095994209,
    "operatingIncome": 188741000,
    "operatingIncomeRatio": 0.1531689012,
    "totalOtherIncomeExpensesNet": -9799000,
    "incomeBeforeTax": 178942000,
    "incomeBeforeTaxRatio": 0.145216723,
    "incomeTaxExpense": 2002000,
    "netIncome": 176940000,
    "netIncomeRatio": 0.1435920408,
    "eps": 0.11,
    "epsdiluted": 0.1,
    "weightedAverageShsOut": 1592480000,
    "weightedAverageShsOutDil": 1770460000,
    "link": "https://www.sec.gov/Archives/edgar/data/707549/000119312515031451/0001193125-15-031451-index.htm",
    "finalLink": "https://www.sec.gov/Archives/edgar/data/707549/000119312515031451/d819463d10q.htm"
  },
  {
    "date": "2014-09-28",
    "symbol": "LRCX",
    "reportedCurrency": "USD",
    "cik": "0000707549",
    "fillingDate": "2014-11-03",
    "acceptedDate": "2014-11-03 16:03:39",
    "calendarYear": "2015",
    "period": "Q1",
    "revenue": 1152368000,
    "costOfRevenue": 646829000,
    "grossProfit": 505539000,
    "grossProfitRatio": 0.4386957986,
    "researchAndDevelopmentExpenses": 188934000,
    "generalAndAdministrativeExpenses": 0,
    "sellingAndMarketingExpenses": 0,
    "sellingGeneralAndAdministrativeExpenses": 148307000,
    "otherExpenses": 0,
    "operatingExpenses": 337241000,
    "costAndExpenses": 984070000,
    "interestIncome": 3288000,
    "interestExpense": 15704000,
    "depreciationAndAmortization": 67885000,
    "ebitda": 236183000,
    "ebitdaratio": 0.2049544937,
    "operatingIncome": 168298000,
    "operatingIncomeRatio": 0.1460453605,
    "totalOtherIncomeExpensesNet": -5648000,
    "incomeBeforeTax": 162650000,
    "incomeBeforeTaxRatio": 0.1411441484,
    "incomeTaxExpense": 21569000,
    "netIncome": 141081000,
    "netIncomeRatio": 0.1224270372,
    "eps": 0.087,
    "epsdiluted": 0.08,
    "weightedAverageShsOut": 1616850000,
    "weightedAverageShsOutDil": 1771180000,
    "link": "https://www.sec.gov/Archives/edgar/data/707549/000119312514394018/0001193125-14-394018-index.htm",
    "finalLink": "https://www.sec.gov/Archives/edgar/data/707549/000119312514394018/d789413d10q.htm"
  },
  {
    "date": "2014-06-29",
    "symbol": "LRCX",
    "reportedCurrency": "USD",
    "cik": "0000707549",
    "fillingDate": "2014-08-26",
    "acceptedDate": "2014-08-26 17:02:02",
    "calendarYear": "2014",
    "period": "Q4",
    "revenue": 1248797000,
    "costOfRevenue": 691761000,
    "grossProfit": 557036000,
    "grossProfitRatio": 0.4460580863,
    "researchAndDevelopmentExpenses": 185449000,
    "generalAndAdministrativeExpenses": 0,
    "sellingAndMarketingExpenses": 0,
    "sellingGeneralAndAdministrativeExpenses": 155737000,
    "otherExpenses": 0,
    "operatingExpenses": 341186000,
    "costAndExpenses": 1032947000,
    "interestIncome": 3879000,
    "interestExpense": 15472000,
    "depreciationAndAmortization": 71115000,
    "ebitda": 269965000,
    "ebitdaratio": 0.2161800517,
    "operatingIncome": 215850000,
    "operatingIncomeRatio": 0.1728463473,
    "totalOtherIncomeExpensesNet": 73648000,
    "incomeBeforeTax": 289498000,
    "incomeBeforeTaxRatio": 0.231821505,
    "incomeTaxExpense": 56103000,
    "netIncome": 233395000,
    "netIncomeRatio": 0.1868958686,
    "eps": 0.14,
    "epsdiluted": 0.14,
    "weightedAverageShsOut": 1622150000,
    "weightedAverageShsOutDil": 1733450000,
    "link": "https://www.sec.gov/Archives/edgar/data/707549/000119312514321759/0001193125-14-321759-index.htm",
    "finalLink": "https://www.sec.gov/Archives/edgar/data/707549/000119312514321759/d741932d10k.htm"
  },
  {
    "date": "2014-03-30",
    "symbol": "LRCX",
    "reportedCurrency": "USD",
    "cik": "0000707549",
    "fillingDate": "2014-05-08",
    "acceptedDate": "2014-05-08 16:14:45",
    "calendarYear": "2014",
    "period": "Q3",
    "revenue": 1227392000,
    "costOfRevenue": 696594000,
    "grossProfit": 530798000,
    "grossProfitRatio": 0.4324600454,
    "researchAndDevelopmentExpenses": 185978000,
    "generalAndAdministrativeExpenses": 0,
    "sellingAndMarketingExpenses": 0,
    "sellingGeneralAndAdministrativeExpenses": 152883000,
    "otherExpenses": 0,
    "operatingExpenses": 338861000,
    "costAndExpenses": 1035455000,
    "interestIncome": 3110000,
    "interestExpense": 15621000,
    "depreciationAndAmortization": 73256000,
    "ebitda": 271193000,
    "ebitdaratio": 0.2209506009,
    "operatingIncome": 191937000,
    "operatingIncomeRatio": 0.1563779135,
    "totalOtherIncomeExpensesNet": -9855000,
    "incomeBeforeTax": 182082000,
    "incomeBeforeTaxRatio": 0.1483486938,
    "incomeTaxExpense": 17686000,
    "netIncome": 164396000,
    "netIncomeRatio": 0.1339392794,
    "eps": 0.1,
    "epsdiluted": 0.096,
    "weightedAverageShsOut": 1622380000,
    "weightedAverageShsOutDil": 1716360000,
    "link": "https://www.sec.gov/Archives/edgar/data/707549/000119312514190001/0001193125-14-190001-index.htm",
    "finalLink": "https://www.sec.gov/Archives/edgar/data/707549/000119312514190001/d696529d10q.htm"
  },
  {
    "date": "2013-12-29",
    "symbol": "LRCX",
    "reportedCurrency": "USD",
    "cik": "0000707549",
    "fillingDate": "2014-02-06",
    "acceptedDate": "2014-02-06 16:11:34",
    "calendarYear": "2014",
    "period": "Q2",
    "revenue": 1116061000,
    "costOfRevenue": 628272000,
    "grossProfit": 487789000,
    "grossProfitRatio": 0.4370630279,
    "researchAndDevelopmentExpenses": 174477000,
    "generalAndAdministrativeExpenses": 0,
    "sellingAndMarketingExpenses": 0,
    "sellingGeneralAndAdministrativeExpenses": 148838000,
    "otherExpenses": 0,
    "operatingExpenses": 323315000,
    "costAndExpenses": 951587000,
    "interestIncome": 2828000,
    "interestExpense": 15297000,
    "depreciationAndAmortization": 73552000,
    "ebitda": 238026000,
    "ebitdaratio": 0.2132732888,
    "operatingIncome": 164474000,
    "operatingIncomeRatio": 0.147370081,
    "totalOtherIncomeExpensesNet": -3837000,
    "incomeBeforeTax": 160637000,
    "incomeBeforeTaxRatio": 0.1439320969,
    "incomeTaxExpense": 11645000,
    "netIncome": 148992000,
    "netIncomeRatio": 0.1334980794,
    "eps": 0.092,
    "epsdiluted": 0.087,
    "weightedAverageShsOut": 1623050000,
    "weightedAverageShsOutDil": 1717570000,
    "link": "https://www.sec.gov/Archives/edgar/data/707549/000119312514038822/0001193125-14-038822-index.htm",
    "finalLink": "https://www.sec.gov/Archives/edgar/data/707549/000119312514038822/d643492d10q.htm"
  },
  {
    "date": "2013-09-29",
    "symbol": "LRCX",
    "reportedCurrency": "USD",
    "cik": "0000707549",
    "fillingDate": "2013-11-07",
    "acceptedDate": "2013-11-07 16:09:27",
    "calendarYear": "2014",
    "period": "Q1",
    "revenue": 1015059000,
    "costOfRevenue": 583201000,
    "grossProfit": 431858000,
    "grossProfitRatio": 0.4254511314,
    "researchAndDevelopmentExpenses": 170567000,
    "generalAndAdministrativeExpenses": 0,
    "sellingAndMarketingExpenses": 0,
    "sellingGeneralAndAdministrativeExpenses": 155883000,
    "otherExpenses": 0,
    "operatingExpenses": 326450000,
    "costAndExpenses": 909651000,
    "interestIncome": 2723000,
    "interestExpense": 15302000,
    "depreciationAndAmortization": 74331000,
    "ebitda": 186743000,
    "ebitdaratio": 0.1839725573,
    "operatingIncome": 105408000,
    "operatingIncomeRatio": 0.10384421,
    "totalOtherIncomeExpensesNet": -14262000,
    "incomeBeforeTax": 91146000,
    "incomeBeforeTaxRatio": 0.0897937952,
    "incomeTaxExpense": 5640000,
    "netIncome": 85506000,
    "netIncomeRatio": 0.084237468,
    "eps": 0.0525,
    "epsdiluted": 0.05,
    "weightedAverageShsOut": 1628960000,
    "weightedAverageShsOutDil": 1713630000,
    "link": "https://www.sec.gov/Archives/edgar/data/707549/000119312513432804/0001193125-13-432804-index.htm",
    "finalLink": "https://www.sec.gov/Archives/edgar/data/707549/000119312513432804/d603827d10q.htm"
  },
  {
    "date": "2013-06-30",
    "symbol": "LRCX",
    "reportedCurrency": "USD",
    "cik": "0000707549",
    "fillingDate": "2013-08-27",
    "acceptedDate": "2013-08-27 16:11:24",
    "calendarYear": "2013",
    "period": "Q4",
    "revenue": 986214000,
    "costOfRevenue": 572287000,
    "grossProfit": 413927000,
    "grossProfitRatio": 0.4197131657,
    "researchAndDevelopmentExpenses": 180220000,
    "generalAndAdministrativeExpenses": 0,
    "sellingAndMarketingExpenses": 0,
    "sellingGeneralAndAdministrativeExpenses": 146417000,
    "otherExpenses": 792000,
    "operatingExpenses": 327429000,
    "costAndExpenses": 899716000,
    "interestIncome": 3326000,
    "interestExpense": 15114000,
    "depreciationAndAmortization": 76051000,
    "ebitda": 165412000,
    "ebitdaratio": 0.1677242465,
    "operatingIncome": 86498000,
    "operatingIncomeRatio": 0.0877071305,
    "totalOtherIncomeExpensesNet": -12251000,
    "incomeBeforeTax": 74247000,
    "incomeBeforeTaxRatio": 0.0752848773,
    "incomeTaxExpense": -11460000,
    "netIncome": 85707000,
    "netIncomeRatio": 0.0869050733,
    "eps": 0.053,
    "epsdiluted": 0.05,
    "weightedAverageShsOut": 1625200000,
    "weightedAverageShsOutDil": 1697220000,
    "link": "https://www.sec.gov/Archives/edgar/data/707549/000119312513348269/0001193125-13-348269-index.htm",
    "finalLink": "https://www.sec.gov/Archives/edgar/data/707549/000119312513348269/d556924d10k.htm"
  },
  {
    "date": "2013-03-31",
    "symbol": "LRCX",
    "reportedCurrency": "USD",
    "cik": "0000707549",
    "fillingDate": "2013-05-09",
    "acceptedDate": "2013-05-09 16:55:36",
    "calendarYear": "2013",
    "period": "Q3",
    "revenue": 844928000,
    "costOfRevenue": 505096000,
    "grossProfit": 339832000,
    "grossProfitRatio": 0.4022023178,
    "researchAndDevelopmentExpenses": 174206000,
    "generalAndAdministrativeExpenses": 0,
    "sellingAndMarketingExpenses": 0,
    "sellingGeneralAndAdministrativeExpenses": 154807000,
    "otherExpenses": 0,
    "operatingExpenses": 329013000,
    "costAndExpenses": 834109000,
    "interestIncome": 3235000,
    "interestExpense": 15175000,
    "depreciationAndAmortization": 74861000,
    "ebitda": 85021000,
    "ebitdaratio": 0.100625142,
    "operatingIncome": 10819000,
    "operatingIncomeRatio": 0.0128046413,
    "totalOtherIncomeExpensesNet": -15834000,
    "incomeBeforeTax": -5015000,
    "incomeBeforeTaxRatio": -0.005935417,
    "incomeTaxExpense": -24011000,
    "netIncome": 18996000,
    "netIncomeRatio": 0.022482389,
    "eps": 0.012,
    "epsdiluted": 0.011,
    "weightedAverageShsOut": 1630340000,
    "weightedAverageShsOutDil": 1685040000,
    "link": "https://www.sec.gov/Archives/edgar/data/707549/000119312513211314/0001193125-13-211314-index.htm",
    "finalLink": "https://www.sec.gov/Archives/edgar/data/707549/000119312513211314/d508952d10q.htm"
  },
  {
    "date": "2012-12-23",
    "symbol": "LRCX",
    "reportedCurrency": "USD",
    "cik": "0000707549",
    "fillingDate": "2013-01-31",
    "acceptedDate": "2013-01-31 16:22:26",
    "calendarYear": "2013",
    "period": "Q2",
    "revenue": 860886000,
    "costOfRevenue": 545472000,
    "grossProfit": 315414000,
    "grossProfitRatio": 0.3663830054,
    "researchAndDevelopmentExpenses": 165951000,
    "generalAndAdministrativeExpenses": 0,
    "sellingAndMarketingExpenses": 0,
    "sellingGeneralAndAdministrativeExpenses": 144400000,
    "otherExpenses": 1021000,
    "operatingExpenses": 311372000,
    "costAndExpenses": 856844000,
    "interestIncome": 4376000,
    "interestExpense": 14975000,
    "depreciationAndAmortization": 78388000,
    "ebitda": 84015000,
    "ebitdaratio": 0.0975913187,
    "operatingIncome": 4042000,
    "operatingIncomeRatio": 0.0046951629,
    "totalOtherIncomeExpensesNet": -13390000,
    "incomeBeforeTax": -9348000,
    "incomeBeforeTaxRatio": -0.0108585806,
    "incomeTaxExpense": -15756000,
    "netIncome": 6408000,
    "netIncomeRatio": 0.0074434943,
    "eps": 0.004,
    "epsdiluted": 0.004,
    "weightedAverageShsOut": 1706990000,
    "weightedAverageShsOutDil": 1730270000,
    "link": "https://www.sec.gov/Archives/edgar/data/707549/000119312513032553/0001193125-13-032553-index.htm",
    "finalLink": "https://www.sec.gov/Archives/edgar/data/707549/000119312513032553/d445167d10q.htm"
  },
  {
    "date": "2012-09-23",
    "symbol": "LRCX",
    "reportedCurrency": "USD",
    "cik": "0000707549",
    "fillingDate": "2012-11-01",
    "acceptedDate": "2012-11-01 16:47:32",
    "calendarYear": "2013",
    "period": "Q1",
    "revenue": 906888000,
    "costOfRevenue": 573002000,
    "grossProfit": 333886000,
    "grossProfitRatio": 0.3681667416,
    "researchAndDevelopmentExpenses": 163311000,
    "generalAndAdministrativeExpenses": 0,
    "sellingAndMarketingExpenses": 0,
    "sellingGeneralAndAdministrativeExpenses": 153863000,
    "otherExpenses": 0,
    "operatingExpenses": 317174000,
    "costAndExpenses": 890176000,
    "interestIncome": 3800000,
    "interestExpense": 15144000,
    "depreciationAndAmortization": 74816000,
    "ebitda": 96734000,
    "ebitdaratio": 0.1066658727,
    "operatingIncome": 16712000,
    "operatingIncomeRatio": 0.0184278544,
    "totalOtherIncomeExpensesNet": -9938000,
    "incomeBeforeTax": 6774000,
    "incomeBeforeTaxRatio": 0.0074695001,
    "incomeTaxExpense": 4006000,
    "netIncome": 2768000,
    "netIncomeRatio": 0.0030521961,
    "eps": 0.002,
    "epsdiluted": 0.002,
    "weightedAverageShsOut": 1799280000,
    "weightedAverageShsOutDil": 1819260000,
    "link": "https://www.sec.gov/Archives/edgar/data/707549/000119312512446748/0001193125-12-446748-index.htm",
    "finalLink": "https://www.sec.gov/Archives/edgar/data/707549/000119312512446748/d413418d10q.htm"
  },
  {
    "date": "2012-06-24",
    "symbol": "LRCX",
    "reportedCurrency": "USD",
    "cik": "0000707549",
    "fillingDate": "2012-08-22",
    "acceptedDate": "2012-08-22 17:01:37",
    "calendarYear": "2012",
    "period": "Q4",
    "revenue": 741814000,
    "costOfRevenue": 443601000,
    "grossProfit": 298213000,
    "grossProfitRatio": 0.4020050848,
    "researchAndDevelopmentExpenses": 124528000,
    "generalAndAdministrativeExpenses": 0,
    "sellingAndMarketingExpenses": 0,
    "sellingGeneralAndAdministrativeExpenses": 141015000,
    "otherExpenses": 0,
    "operatingExpenses": 265543000,
    "costAndExpenses": 709144000,
    "interestIncome": 4121000,
    "interestExpense": 10934000,
    "depreciationAndAmortization": 34576000,
    "ebitda": 68291000,
    "ebitdaratio": 0.092059465,
    "operatingIncome": 32670000,
    "operatingIncomeRatio": 0.0440406894,
    "totalOtherIncomeExpensesNet": -9889000,
    "incomeBeforeTax": 22781000,
    "incomeBeforeTaxRatio": 0.0307098545,
    "incomeTaxExpense": 4712000,
    "netIncome": 18069000,
    "netIncomeRatio": 0.0243578579,
    "eps": 0.013,
    "epsdiluted": 0.013,
    "weightedAverageShsOut": 1339970000,
    "weightedAverageShsOutDil": 1358420000,
    "link": "https://www.sec.gov/Archives/edgar/data/707549/000119312512365446/0001193125-12-365446-index.htm",
    "finalLink": "https://www.sec.gov/Archives/edgar/data/707549/000119312512365446/d365655d10k.htm"
  },
  {
    "date": "2012-03-25",
    "symbol": "LRCX",
    "reportedCurrency": "USD",
    "cik": "0000707549",
    "fillingDate": "2012-05-03",
    "acceptedDate": "2012-05-03 16:08:16",
    "calendarYear": "2012",
    "period": "Q3",
    "revenue": 658961000,
    "costOfRevenue": 391814000,
    "grossProfit": 267147000,
    "grossProfitRatio": 0.4054063898,
    "researchAndDevelopmentExpenses": 113448000,
    "generalAndAdministrativeExpenses": 0,
    "sellingAndMarketingExpenses": 0,
    "sellingGeneralAndAdministrativeExpenses": 95581000,
    "otherExpenses": 0,
    "operatingExpenses": 209029000,
    "costAndExpenses": 600843000,
    "interestIncome": 2959000,
    "interestExpense": 9422000,
    "depreciationAndAmortization": 22517000,
    "ebitda": 86489000,
    "ebitdaratio": 0.1312505596,
    "operatingIncome": 58118000,
    "operatingIncomeRatio": 0.0881964183,
    "totalOtherIncomeExpensesNet": -3568000,
    "incomeBeforeTax": 54550000,
    "incomeBeforeTaxRatio": 0.0827818338,
    "incomeTaxExpense": 8946000,
    "netIncome": 45604000,
    "netIncomeRatio": 0.0692059166,
    "eps": 0.038,
    "epsdiluted": 0.038,
    "weightedAverageShsOut": 1198410000,
    "weightedAverageShsOutDil": 1209560000,
    "link": "https://www.sec.gov/Archives/edgar/data/707549/000119312512208438/0001193125-12-208438-index.htm",
    "finalLink": "https://www.sec.gov/Archives/edgar/data/707549/000119312512208438/d316295d10q.htm"
  },
  {
    "date": "2011-12-25",
    "symbol": "LRCX",
    "reportedCurrency": "USD",
    "cik": "0000707549",
    "fillingDate": "2012-02-03",
    "acceptedDate": "2012-02-03 16:07:18",
    "calendarYear": "2012",
    "period": "Q2",
    "revenue": 583981000,
    "costOfRevenue": 349155000,
    "grossProfit": 234826000,
    "grossProfitRatio": 0.4021123975,
    "researchAndDevelopmentExpenses": 104024000,
    "generalAndAdministrativeExpenses": 0,
    "sellingAndMarketingExpenses": 0,
    "sellingGeneralAndAdministrativeExpenses": 83256000,
    "otherExpenses": 0,
    "operatingExpenses": 187280000,
    "costAndExpenses": 536435000,
    "interestIncome": 2472000,
    "interestExpense": 9346000,
    "depreciationAndAmortization": 22372000,
    "ebitda": 71479000,
    "ebitdaratio": 0.1223995301,
    "operatingIncome": 47546000,
    "operatingIncomeRatio": 0.0814170324,
    "totalOtherIncomeExpensesNet": -7785000,
    "incomeBeforeTax": 39761000,
    "incomeBeforeTaxRatio": 0.0680861192,
    "incomeTaxExpense": 6549000,
    "netIncome": 33212000,
    "netIncomeRatio": 0.0568717133,
    "eps": 0.028,
    "epsdiluted": 0.027,
    "weightedAverageShsOut": 1197390000,
    "weightedAverageShsOutDil": 1208730000,
    "link": "https://www.sec.gov/Archives/edgar/data/707549/000119312512038815/0001193125-12-038815-index.htm",
    "finalLink": "https://www.sec.gov/Archives/edgar/data/707549/000119312512038815/d260189d10q.htm"
  },
  {
    "date": "2011-09-25",
    "symbol": "LRCX",
    "reportedCurrency": "USD",
    "cik": "0000707549",
    "fillingDate": "2011-11-03",
    "acceptedDate": "2011-11-03 16:32:21",
    "calendarYear": "2012",
    "period": "Q1",
    "revenue": 680436000,
    "costOfRevenue": 396553000,
    "grossProfit": 283883000,
    "grossProfitRatio": 0.4172074964,
    "researchAndDevelopmentExpenses": 102559000,
    "generalAndAdministrativeExpenses": 0,
    "sellingAndMarketingExpenses": 0,
    "sellingGeneralAndAdministrativeExpenses": 80200000,
    "otherExpenses": 1725000,
    "operatingExpenses": 184484000,
    "costAndExpenses": 581037000,
    "interestIncome": 2589000,
    "interestExpense": 9260000,
    "depreciationAndAmortization": 21360000,
    "ebitda": 117946000,
    "ebitdaratio": 0.1733388592,
    "operatingIncome": 99399000,
    "operatingIncomeRatio": 0.1460813361,
    "totalOtherIncomeExpensesNet": -12073000,
    "incomeBeforeTax": 87326000,
    "incomeBeforeTaxRatio": 0.1283383007,
    "incomeTaxExpense": 15488000,
    "netIncome": 71838000,
    "netIncomeRatio": 0.1055764245,
    "eps": 0.058,
    "epsdiluted": 0.058,
    "weightedAverageShsOut": 1231300000,
    "weightedAverageShsOutDil": 1240490000,
    "link": "https://www.sec.gov/Archives/edgar/data/707549/000119312511295210/0001193125-11-295210-index.htm",
    "finalLink": "https://www.sec.gov/Archives/edgar/data/707549/000119312511295210/d227033d10q.htm"
  },
  {
    "date": "2011-06-26",
    "symbol": "LRCX",
    "reportedCurrency": "USD",
    "cik": "0000707549",
    "fillingDate": "2011-08-19",
    "acceptedDate": "2011-08-19 17:10:36",
    "calendarYear": "2011",
    "period": "Q4",
    "revenue": 752018000,
    "costOfRevenue": 413564000,
    "grossProfit": 338454000,
    "grossProfitRatio": 0.4500610358,
    "researchAndDevelopmentExpenses": 99583000,
    "generalAndAdministrativeExpenses": 0,
    "sellingAndMarketingExpenses": 0,
    "sellingGeneralAndAdministrativeExpenses": 79938000,
    "otherExpenses": 16742000,
    "operatingExpenses": 196263000,
    "costAndExpenses": 609827000,
    "interestIncome": 3491000,
    "interestExpense": 5062000,
    "depreciationAndAmortization": 19972000,
    "ebitda": 162094000,
    "ebitdaratio": 0.2155453726,
    "operatingIncome": 142191000,
    "operatingIncomeRatio": 0.1890792508,
    "totalOtherIncomeExpensesNet": -5131000,
    "incomeBeforeTax": 137060000,
    "incomeBeforeTaxRatio": 0.1822562758,
    "incomeTaxExpense": 11132000,
    "netIncome": 125928000,
    "netIncomeRatio": 0.1674534386,
    "eps": 0.1,
    "epsdiluted": 0.1,
    "weightedAverageShsOut": 1236700000,
    "weightedAverageShsOutDil": 1251000000,
    "link": "https://www.sec.gov/Archives/edgar/data/707549/000119312511227691/0001193125-11-227691-index.htm",
    "finalLink": "https://www.sec.gov/Archives/edgar/data/707549/000119312511227691/d10k.htm"
  },
  {
    "date": "2011-03-27",
    "symbol": "LRCX",
    "reportedCurrency": "USD",
    "cik": "0000707549",
    "fillingDate": "2011-05-03",
    "acceptedDate": "2011-05-03 16:05:18",
    "calendarYear": "2011",
    "period": "Q3",
    "revenue": 809087000,
    "costOfRevenue": 435068000,
    "grossProfit": 374019000,
    "grossProfitRatio": 0.4622729076,
    "researchAndDevelopmentExpenses": 96880000,
    "generalAndAdministrativeExpenses": 0,
    "sellingAndMarketingExpenses": 0,
    "sellingGeneralAndAdministrativeExpenses": 80143000,
    "otherExpenses": 0,
    "operatingExpenses": 177023000,
    "costAndExpenses": 612091000,
    "interestIncome": 2237000,
    "interestExpense": 107000,
    "depreciationAndAmortization": 18176000,
    "ebitda": 216942000,
    "ebitdaratio": 0.2681318573,
    "operatingIncome": 196996000,
    "operatingIncomeRatio": 0.2434793786,
    "totalOtherIncomeExpensesNet": 1663000,
    "incomeBeforeTax": 198659000,
    "incomeBeforeTaxRatio": 0.2455347818,
    "incomeTaxExpense": 16419000,
    "netIncome": 182240000,
    "netIncomeRatio": 0.2252415377,
    "eps": 0.15,
    "epsdiluted": 0.14,
    "weightedAverageShsOut": 1236740000,
    "weightedAverageShsOutDil": 1252930000,
    "link": "https://www.sec.gov/Archives/edgar/data/707549/000119312511123917/0001193125-11-123917-index.htm",
    "finalLink": "https://www.sec.gov/Archives/edgar/data/707549/000119312511123917/d10q.htm"
  },
  {
    "date": "2010-12-26",
    "symbol": "LRCX",
    "reportedCurrency": "USD",
    "cik": "0000707549",
    "fillingDate": "2011-02-03",
    "acceptedDate": "2011-02-03 15:39:21",
    "calendarYear": "2011",
    "period": "Q2",
    "revenue": 870714000,
    "costOfRevenue": 463281000,
    "grossProfit": 407433000,
    "grossProfitRatio": 0.467929768,
    "researchAndDevelopmentExpenses": 90477000,
    "generalAndAdministrativeExpenses": 0,
    "sellingAndMarketingExpenses": 0,
    "sellingGeneralAndAdministrativeExpenses": 75852000,
    "otherExpenses": 0,
    "operatingExpenses": 166329000,
    "costAndExpenses": 629610000,
    "interestIncome": 2635000,
    "interestExpense": 110000,
    "depreciationAndAmortization": 18663000,
    "ebitda": 260915000,
    "ebitdaratio": 0.299656374,
    "operatingIncome": 241104000,
    "operatingIncomeRatio": 0.2769037824,
    "totalOtherIncomeExpensesNet": 1038000,
    "incomeBeforeTax": 242142000,
    "incomeBeforeTaxRatio": 0.2780959075,
    "incomeTaxExpense": 20286000,
    "netIncome": 221856000,
    "netIncomeRatio": 0.2547977866,
    "eps": 0.18,
    "epsdiluted": 0.18,
    "weightedAverageShsOut": 1231010000,
    "weightedAverageShsOutDil": 1247860000,
    "link": "https://www.sec.gov/Archives/edgar/data/707549/000119312511023102/0001193125-11-023102-index.htm",
    "finalLink": "https://www.sec.gov/Archives/edgar/data/707549/000119312511023102/d10q.htm"
  },
  {
    "date": "2010-09-26",
    "symbol": "LRCX",
    "reportedCurrency": "USD",
    "cik": "0000707549",
    "fillingDate": "2010-11-03",
    "acceptedDate": "2010-11-03 16:36:09",
    "calendarYear": "2011",
    "period": "Q1",
    "revenue": 805874000,
    "costOfRevenue": 428548000,
    "grossProfit": 377326000,
    "grossProfitRatio": 0.4682195976,
    "researchAndDevelopmentExpenses": 86353000,
    "generalAndAdministrativeExpenses": 0,
    "sellingAndMarketingExpenses": 0,
    "sellingGeneralAndAdministrativeExpenses": 72142000,
    "otherExpenses": -5163000,
    "operatingExpenses": 153332000,
    "costAndExpenses": 581880000,
    "interestIncome": 2411000,
    "interestExpense": 101000,
    "depreciationAndAmortization": 17948000,
    "ebitda": 241064000,
    "ebitdaratio": 0.2991336115,
    "operatingIncome": 223994000,
    "operatingIncomeRatio": 0.2779516401,
    "totalOtherIncomeExpensesNet": -979000,
    "incomeBeforeTax": 223015000,
    "incomeBeforeTaxRatio": 0.27673681,
    "incomeTaxExpense": 29291000,
    "netIncome": 193724000,
    "netIncomeRatio": 0.2403899369,
    "eps": 0.16,
    "epsdiluted": 0.16,
    "weightedAverageShsOut": 1236650000,
    "weightedAverageShsOutDil": 1252020000,
    "link": "https://www.sec.gov/Archives/edgar/data/707549/000119312510246215/0001193125-10-246215-index.htm",
    "finalLink": "https://www.sec.gov/Archives/edgar/data/707549/000119312510246215/d10q.htm"
  },
  {
    "date": "2010-06-27",
    "symbol": "LRCX",
    "reportedCurrency": "USD",
    "cik": "0000707549",
    "fillingDate": "2010-08-23",
    "acceptedDate": "2010-08-20 18:37:58",
    "calendarYear": "2010",
    "period": "Q4",
    "revenue": 695289000,
    "costOfRevenue": 378199000,
    "grossProfit": 317090000,
    "grossProfitRatio": 0.4560549642,
    "researchAndDevelopmentExpenses": 85644000,
    "generalAndAdministrativeExpenses": 52119000,
    "sellingAndMarketingExpenses": -23930000,
    "sellingGeneralAndAdministrativeExpenses": 28189000,
    "otherExpenses": 47540000,
    "operatingExpenses": 161373000,
    "costAndExpenses": 539572000,
    "interestIncome": 1679000,
    "interestExpense": 126000,
    "depreciationAndAmortization": 17664000,
    "ebitda": 177048000,
    "ebitdaratio": 0.2546394377,
    "operatingIncome": 155717000,
    "operatingIncomeRatio": 0.2239601087,
    "totalOtherIncomeExpensesNet": 3541000,
    "incomeBeforeTax": 159258000,
    "incomeBeforeTaxRatio": 0.229052955,
    "incomeTaxExpense": 19261000,
    "netIncome": 139997000,
    "netIncomeRatio": 0.2013508052,
    "eps": 0.11,
    "epsdiluted": 0.11,
    "weightedAverageShsOut": 1263510000,
    "weightedAverageShsOutDil": 1278000000,
    "link": "https://www.sec.gov/Archives/edgar/data/707549/000119312510194304/0001193125-10-194304-index.htm",
    "finalLink": "https://www.sec.gov/Archives/edgar/data/707549/000119312510194304/d10k.htm"
  },
  {
    "date": "2010-03-28",
    "symbol": "LRCX",
    "reportedCurrency": "USD",
    "cik": "0000707549",
    "fillingDate": "2010-05-05",
    "acceptedDate": "2010-05-05 17:27:13",
    "calendarYear": "2010",
    "period": "Q3",
    "revenue": 632763000,
    "costOfRevenue": 339892000,
    "grossProfit": 292871000,
    "grossProfitRatio": 0.4628446986,
    "researchAndDevelopmentExpenses": 81845000,
    "generalAndAdministrativeExpenses": 0,
    "sellingAndMarketingExpenses": 0,
    "sellingGeneralAndAdministrativeExpenses": 61933000,
    "otherExpenses": 0,
    "operatingExpenses": 143778000,
    "costAndExpenses": 483670000,
    "interestIncome": 2863000,
    "interestExpense": 434000,
    "depreciationAndAmortization": 17872000,
    "ebitda": 169015000,
    "ebitdaratio": 0.2671063257,
    "operatingIncome": 149093000,
    "operatingIncomeRatio": 0.235622184,
    "totalOtherIncomeExpensesNet": 1616000,
    "incomeBeforeTax": 150709000,
    "incomeBeforeTaxRatio": 0.2381760628,
    "incomeTaxExpense": 30408000,
    "netIncome": 120301000,
    "netIncomeRatio": 0.1901201556,
    "eps": 0.094,
    "epsdiluted": 0.094,
    "weightedAverageShsOut": 1273070000,
    "weightedAverageShsOutDil": 1285870000,
    "link": "https://www.sec.gov/Archives/edgar/data/707549/000119312510109158/0001193125-10-109158-index.htm",
    "finalLink": "https://www.sec.gov/Archives/edgar/data/707549/000119312510109158/d10q.htm"
  },
  {
    "date": "2009-12-27",
    "symbol": "LRCX",
    "reportedCurrency": "USD",
    "cik": "0000707549",
    "fillingDate": "2010-02-05",
    "acceptedDate": "2010-02-04 18:25:52",
    "calendarYear": "2010",
    "period": "Q2",
    "revenue": 487176000,
    "costOfRevenue": 265989000,
    "grossProfit": 221187000,
    "grossProfitRatio": 0.4540186709,
    "researchAndDevelopmentExpenses": 82171000,
    "generalAndAdministrativeExpenses": 0,
    "sellingAndMarketingExpenses": 0,
    "sellingGeneralAndAdministrativeExpenses": 60111000,
    "otherExpenses": -12443000,
    "operatingExpenses": 129839000,
    "costAndExpenses": 395828000,
    "interestIncome": 2008000,
    "interestExpense": 245000,
    "depreciationAndAmortization": 18184000,
    "ebitda": 109719000,
    "ebitdaratio": 0.2252142963,
    "operatingIncome": 91348000,
    "operatingIncomeRatio": 0.1875051316,
    "totalOtherIncomeExpensesNet": -58000,
    "incomeBeforeTax": 91290000,
    "incomeBeforeTaxRatio": 0.1873860781,
    "incomeTaxExpense": 21716000,
    "netIncome": 69574000,
    "netIncomeRatio": 0.1428108117,
    "eps": 0.055,
    "epsdiluted": 0.054,
    "weightedAverageShsOut": 1272960000,
    "weightedAverageShsOutDil": 1288290000,
    "link": "https://www.sec.gov/Archives/edgar/data/707549/000119312510022346/0001193125-10-022346-index.htm",
    "finalLink": "https://www.sec.gov/Archives/edgar/data/707549/000119312510022346/d10q.htm"
  },
  {
    "date": "2009-09-27",
    "symbol": "LRCX",
    "reportedCurrency": "USD",
    "cik": "0000707549",
    "fillingDate": "2009-11-06",
    "acceptedDate": "2009-11-05 18:49:44",
    "calendarYear": "2010",
    "period": "Q1",
    "revenue": 318548000,
    "costOfRevenue": 184113000,
    "grossProfit": 134435000,
    "grossProfitRatio": 0.4220243103,
    "researchAndDevelopmentExpenses": 71199000,
    "generalAndAdministrativeExpenses": 52119000,
    "sellingAndMarketingExpenses": 0,
    "sellingGeneralAndAdministrativeExpenses": 52119000,
    "otherExpenses": -18135000,
    "operatingExpenses": 105183000,
    "costAndExpenses": 289296000,
    "interestIncome": 2048000,
    "interestExpense": 189000,
    "depreciationAndAmortization": 17681000,
    "ebitda": 46754000,
    "ebitdaratio": 0.146772229,
    "operatingIncome": 29252000,
    "operatingIncomeRatio": 0.0918291749,
    "totalOtherIncomeExpensesNet": -368000,
    "incomeBeforeTax": 28884000,
    "incomeBeforeTaxRatio": 0.090673933,
    "incomeTaxExpense": 12087000,
    "netIncome": 16797000,
    "netIncomeRatio": 0.0527298869,
    "eps": 0.013,
    "epsdiluted": 0.013,
    "weightedAverageShsOut": 1267740000,
    "weightedAverageShsOutDil": 1278900000,
    "link": "https://www.sec.gov/Archives/edgar/data/707549/000119312509225916/0001193125-09-225916-index.htm",
    "finalLink": "https://www.sec.gov/Archives/edgar/data/707549/000119312509225916/d10q.htm"
  },
  {
    "date": "2009-06-28",
    "symbol": "LRCX",
    "reportedCurrency": "USD",
    "cik": "0000707549",
    "fillingDate": "2009-08-27",
    "acceptedDate": "2009-08-26 20:12:00",
    "calendarYear": "2009",
    "period": "Q4",
    "revenue": 217764000,
    "costOfRevenue": 150007000,
    "grossProfit": 67757000,
    "grossProfitRatio": 0.3111487666,
    "researchAndDevelopmentExpenses": 67491000,
    "generalAndAdministrativeExpenses": 0,
    "sellingAndMarketingExpenses": 0,
    "sellingGeneralAndAdministrativeExpenses": 51895000,
    "otherExpenses": 13557000,
    "operatingExpenses": 132943000,
    "costAndExpenses": 282950000,
    "interestIncome": 2996000,
    "interestExpense": 315000,
    "depreciationAndAmortization": 17694000,
    "ebitda": -44308000,
    "ebitdaratio": -0.2034679745,
    "operatingIncome": -65186000,
    "operatingIncomeRatio": -0.2993424074,
    "totalOtherIncomeExpensesNet": 2869000,
    "incomeBeforeTax": -62317000,
    "incomeBeforeTaxRatio": -0.2861675943,
    "incomeTaxExpense": 26173000,
    "netIncome": -88490000,
    "netIncomeRatio": -0.406357341,
    "eps": -0.07,
    "epsdiluted": -0.07,
    "weightedAverageShsOut": 1262760000,
    "weightedAverageShsOutDil": 1263000000,
    "link": "https://www.sec.gov/Archives/edgar/data/707549/000119312509182356/0001193125-09-182356-index.htm",
    "finalLink": "https://www.sec.gov/Archives/edgar/data/707549/000119312509182356/d10k.htm"
  },
  {
    "date": "2009-03-29",
    "symbol": "LRCX",
    "reportedCurrency": "USD",
    "cik": "0000707549",
    "fillingDate": "2009-05-08",
    "acceptedDate": "2009-05-08 16:52:37",
    "calendarYear": "2009",
    "period": "Q3",
    "revenue": 174412000,
    "costOfRevenue": 137897000,
    "grossProfit": 36515000,
    "grossProfitRatio": 0.2093605945,
    "researchAndDevelopmentExpenses": 70434000,
    "generalAndAdministrativeExpenses": 0,
    "sellingAndMarketingExpenses": 0,
    "sellingGeneralAndAdministrativeExpenses": 58515000,
    "otherExpenses": 102750000,
    "operatingExpenses": 231699000,
    "costAndExpenses": 369596000,
    "interestIncome": 5360000,
    "interestExpense": 1146000,
    "depreciationAndAmortization": 19650000,
    "ebitda": -160891000,
    "ebitdaratio": -0.9224766644,
    "operatingIncome": -195184000,
    "operatingIncomeRatio": -1.1190973098,
    "totalOtherIncomeExpensesNet": 13497000,
    "incomeBeforeTax": -181687000,
    "incomeBeforeTaxRatio": -1.0417115795,
    "incomeTaxExpense": 16672000,
    "netIncome": -198359000,
    "netIncomeRatio": -1.1373013325,
    "eps": -0.16,
    "epsdiluted": -0.16,
    "weightedAverageShsOut": 1255660000,
    "weightedAverageShsOutDil": 1255660000,
    "link": "https://www.sec.gov/Archives/edgar/data/707549/000119312509105515/0001193125-09-105515-index.htm",
    "finalLink": "https://www.sec.gov/Archives/edgar/data/707549/000119312509105515/d10q.htm"
  },
  {
    "date": "2008-12-28",
    "symbol": "LRCX",
    "reportedCurrency": "USD",
    "cik": "0000707549",
    "fillingDate": "2009-02-06",
    "acceptedDate": "2009-02-06 16:55:21",
    "calendarYear": "2009",
    "period": "Q2",
    "revenue": 283409000,
    "costOfRevenue": 182057000,
    "grossProfit": 101352000,
    "grossProfitRatio": 0.3576174363,
    "researchAndDevelopmentExpenses": 68781000,
    "generalAndAdministrativeExpenses": 0,
    "sellingAndMarketingExpenses": 0,
    "sellingGeneralAndAdministrativeExpenses": 59842000,
    "otherExpenses": 10121000,
    "operatingExpenses": 138744000,
    "costAndExpenses": 320801000,
    "interestIncome": 8131000,
    "interestExpense": 2483000,
    "depreciationAndAmortization": 17177000,
    "ebitda": -24965000,
    "ebitdaratio": -0.08808824,
    "operatingIncome": -37392000,
    "operatingIncomeRatio": -0.1319365299,
    "totalOtherIncomeExpensesNet": -7233000,
    "incomeBeforeTax": -44625000,
    "incomeBeforeTaxRatio": -0.1574579495,
    "incomeTaxExpense": -20453000,
    "netIncome": -24172000,
    "netIncomeRatio": -0.0852901637,
    "eps": -0.019,
    "epsdiluted": -0.019,
    "weightedAverageShsOut": 1250840000,
    "weightedAverageShsOutDil": 1250840000,
    "link": "https://www.sec.gov/Archives/edgar/data/707549/000095013409002080/0000950134-09-002080-index.htm",
    "finalLink": "https://www.sec.gov/Archives/edgar/data/707549/000095013409002080/f51386e10vq.htm"
  },
  {
    "date": "2008-09-28",
    "symbol": "LRCX",
    "reportedCurrency": "USD",
    "cik": "0000707549",
    "fillingDate": "2008-11-07",
    "acceptedDate": "2008-11-07 16:24:56",
    "calendarYear": "2009",
    "period": "Q1",
    "revenue": 440361000,
    "costOfRevenue": 257251000,
    "grossProfit": 183110000,
    "grossProfitRatio": 0.4158179312,
    "researchAndDevelopmentExpenses": 81563000,
    "generalAndAdministrativeExpenses": 0,
    "sellingAndMarketingExpenses": 0,
    "sellingGeneralAndAdministrativeExpenses": 69060000,
    "otherExpenses": 15968000,
    "operatingExpenses": 166591000,
    "costAndExpenses": 423842000,
    "interestIncome": 7796000,
    "interestExpense": 2553000,
    "depreciationAndAmortization": 17896000,
    "ebitda": 45985000,
    "ebitdaratio": 0.1044256871,
    "operatingIncome": 16519000,
    "operatingIncomeRatio": 0.0375124046,
    "totalOtherIncomeExpensesNet": 9017000,
    "incomeBeforeTax": 25536000,
    "incomeBeforeTaxRatio": 0.0579887865,
    "incomeTaxExpense": 16663000,
    "netIncome": 8873000,
    "netIncomeRatio": 0.0201493774,
    "eps": 0.007,
    "epsdiluted": 0.007,
    "weightedAverageShsOut": 1255270000,
    "weightedAverageShsOutDil": 1268190000,
    "link": "https://www.sec.gov/Archives/edgar/data/707549/000095013408019861/0000950134-08-019861-index.htm",
    "finalLink": "https://www.sec.gov/Archives/edgar/data/707549/000095013408019861/f50409e10vq.htm"
  },
  {
    "date": "2008-06-29",
    "symbol": "LRCX",
    "reportedCurrency": "USD",
    "cik": "0000707549",
    "fillingDate": "2008-08-28",
    "acceptedDate": "2008-08-28 17:13:38",
    "calendarYear": "2008",
    "period": "Q4",
    "revenue": 566160000,
    "costOfRevenue": 331510000,
    "grossProfit": 234650000,
    "grossProfitRatio": 0.4144588102,
    "researchAndDevelopmentExpenses": 86652000,
    "generalAndAdministrativeExpenses": 0,
    "sellingAndMarketingExpenses": 0,
    "sellingGeneralAndAdministrativeExpenses": 33920000,
    "otherExpenses": 50150000,
    "operatingExpenses": 170722000,
    "costAndExpenses": 502232000,
    "interestIncome": 0,
    "interestExpense": 0,
    "depreciationAndAmortization": 16701000,
    "ebitda": 86995000,
    "ebitdaratio": 0.1536579765,
    "operatingIncome": 63928000,
    "operatingIncomeRatio": 0.112915077,
    "totalOtherIncomeExpensesNet": 10344000,
    "incomeBeforeTax": 74272000,
    "incomeBeforeTaxRatio": 0.1311855306,
    "incomeTaxExpense": 2094000,
    "netIncome": 72178000,
    "netIncomeRatio": 0.1274869295,
    "eps": 0.057,
    "epsdiluted": 0.057,
    "weightedAverageShsOut": 1250610000,
    "weightedAverageShsOutDil": 1267000000,
    "link": "https://www.sec.gov/Archives/edgar/data/707549/000095013408015947/0000950134-08-015947-index.htm",
    "finalLink": "https://www.sec.gov/Archives/edgar/data/707549/000095013408015947/f43373e10vk.htm"
  },
  {
    "date": "2008-03-30",
    "symbol": "LRCX",
    "reportedCurrency": "USD",
    "cik": "0000707549",
    "fillingDate": "2008-05-09",
    "acceptedDate": "2008-05-09 17:03:50",
    "calendarYear": "2008",
    "period": "Q3",
    "revenue": 613810000,
    "costOfRevenue": 326602000,
    "grossProfit": 287208000,
    "grossProfitRatio": 0.4679102654,
    "researchAndDevelopmentExpenses": 80576000,
    "generalAndAdministrativeExpenses": 0,
    "sellingAndMarketingExpenses": 0,
    "sellingGeneralAndAdministrativeExpenses": 118275000,
    "otherExpenses": 2074000,
    "operatingExpenses": 200925000,
    "costAndExpenses": 527527000,
    "interestIncome": 0,
    "interestExpense": 0,
    "depreciationAndAmortization": 13888000,
    "ebitda": 102245000,
    "ebitdaratio": 0.1665743471,
    "operatingIncome": 86283000,
    "operatingIncomeRatio": 0.1405695574,
    "totalOtherIncomeExpensesNet": 49605000,
    "incomeBeforeTax": 135888000,
    "incomeBeforeTaxRatio": 0.2213844675,
    "incomeTaxExpense": 32364000,
    "netIncome": 103524000,
    "netIncomeRatio": 0.1686580538,
    "eps": 0.083,
    "epsdiluted": 0.082,
    "weightedAverageShsOut": 1247680000,
    "weightedAverageShsOutDil": 1265490000,
    "link": "https://www.sec.gov/Archives/edgar/data/707549/000095013408009110/0000950134-08-009110-index.htm",
    "finalLink": "https://www.sec.gov/Archives/edgar/data/707549/000095013408009110/f40659e10vq.htm"
  },
  {
    "date": "2007-12-23",
    "symbol": "LRCX",
    "reportedCurrency": "USD",
    "cik": "0000707549",
    "fillingDate": "2008-03-31",
    "acceptedDate": "2008-03-31 17:16:26",
    "calendarYear": "2008",
    "period": "Q2",
    "revenue": 610320000,
    "costOfRevenue": 302659000,
    "grossProfit": 307661000,
    "grossProfitRatio": 0.5040978503,
    "researchAndDevelopmentExpenses": 80243000,
    "generalAndAdministrativeExpenses": 0,
    "sellingAndMarketingExpenses": 0,
    "sellingGeneralAndAdministrativeExpenses": 66084000,
    "otherExpenses": 0,
    "operatingExpenses": 146327000,
    "costAndExpenses": 448986000,
    "interestIncome": 0,
    "interestExpense": 0,
    "depreciationAndAmortization": 0,
    "ebitda": 161334000,
    "ebitdaratio": 0.2643432953,
    "operatingIncome": 161334000,
    "operatingIncomeRatio": 0.2643432953,
    "totalOtherIncomeExpensesNet": -37000,
    "incomeBeforeTax": 161297000,
    "incomeBeforeTaxRatio": 0.2642826714,
    "incomeTaxExpense": 46238000,
    "netIncome": 115059000,
    "netIncomeRatio": 0.1885224145,
    "eps": 0.092,
    "epsdiluted": 0.091,
    "weightedAverageShsOut": 1246850000,
    "weightedAverageShsOutDil": 1266530000,
    "link": "https://www.sec.gov/Archives/edgar/data/707549/000089161808000191/0000891618-08-000191-index.htm",
    "finalLink": "https://www.sec.gov/Archives/edgar/data/707549/000089161808000191/f39312e10vq.htm"
  },
  {
    "date": "2007-09-23",
    "symbol": "LRCX",
    "reportedCurrency": "USD",
    "cik": "0000707549",
    "fillingDate": "2008-03-31",
    "acceptedDate": "2008-03-31 17:15:37",
    "calendarYear": "2008",
    "period": "Q1",
    "revenue": 684621000,
    "costOfRevenue": 340734000,
    "grossProfit": 343887000,
    "grossProfitRatio": 0.5023027339,
    "researchAndDevelopmentExpenses": 76288000,
    "generalAndAdministrativeExpenses": 0,
    "sellingAndMarketingExpenses": 0,
    "sellingGeneralAndAdministrativeExpenses": 69713000,
    "otherExpenses": 0,
    "operatingExpenses": 146001000,
    "costAndExpenses": 486735000,
    "interestIncome": 0,
    "interestExpense": 0,
    "depreciationAndAmortization": 0,
    "ebitda": 197886000,
    "ebitdaratio": 0.2890445955,
    "operatingIncome": 197886000,
    "operatingIncomeRatio": 0.2890445955,
    "totalOtherIncomeExpensesNet": 7633000,
    "incomeBeforeTax": 205519000,
    "incomeBeforeTaxRatio": 0.3001938299,
    "incomeTaxExpense": 56931000,
    "netIncome": 148588000,
    "netIncomeRatio": 0.2170368715,
    "eps": 0.12,
    "epsdiluted": 0.12,
    "weightedAverageShsOut": 1240570000,
    "weightedAverageShsOutDil": 1263580000,
    "link": "https://www.sec.gov/Archives/edgar/data/707549/000089161808000190/0000891618-08-000190-index.htm",
    "finalLink": "https://www.sec.gov/Archives/edgar/data/707549/000089161808000190/f39311e10vq.htm"
  },
  {
    "date": "2007-06-24",
    "symbol": "LRCX",
    "reportedCurrency": "USD",
    "cik": "0000707549",
    "fillingDate": "2008-03-31",
    "acceptedDate": "2008-03-31 17:14:43",
    "calendarYear": "2007",
    "period": "Q4",
    "revenue": 678519000,
    "costOfRevenue": 335790000,
    "grossProfit": 342729000,
    "grossProfitRatio": 0.5051133424,
    "researchAndDevelopmentExpenses": 79601000,
    "generalAndAdministrativeExpenses": 0,
    "sellingAndMarketingExpenses": 0,
    "sellingGeneralAndAdministrativeExpenses": 62779000,
    "otherExpenses": 0,
    "operatingExpenses": 142380000,
    "costAndExpenses": 478170000,
    "interestIncome": 0,
    "interestExpense": 0,
    "depreciationAndAmortization": 11754000,
    "ebitda": 196269000,
    "ebitdaratio": 0.2892608755,
    "operatingIncome": 200349000,
    "operatingIncomeRatio": 0.2952739717,
    "totalOtherIncomeExpensesNet": 10872000,
    "incomeBeforeTax": 211221000,
    "incomeBeforeTaxRatio": 0.3112971044,
    "incomeTaxExpense": 40990000,
    "netIncome": 170231000,
    "netIncomeRatio": 0.2508861211,
    "eps": 0.13,
    "epsdiluted": 0.13,
    "weightedAverageShsOut": 1303080000,
    "weightedAverageShsOutDil": 1328000000,
    "link": "https://www.sec.gov/Archives/edgar/data/707549/000089161808000189/0000891618-08-000189-index.htm",
    "finalLink": "https://www.sec.gov/Archives/edgar/data/707549/000089161808000189/f39305e10vk.htm"
  },
  {
    "date": "2007-03-25",
    "symbol": "LRCX",
    "reportedCurrency": "USD",
    "cik": "0000707549",
    "fillingDate": "2007-04-30",
    "acceptedDate": "2007-04-30 16:09:28",
    "calendarYear": "2007",
    "period": "Q3",
    "revenue": 650270000,
    "costOfRevenue": 324025000,
    "grossProfit": 326245000,
    "grossProfitRatio": 0.5017069833,
    "researchAndDevelopmentExpenses": 75064000,
    "generalAndAdministrativeExpenses": 0,
    "sellingAndMarketingExpenses": 0,
    "sellingGeneralAndAdministrativeExpenses": 62208000,
    "otherExpenses": 0,
    "operatingExpenses": 137272000,
    "costAndExpenses": 461297000,
    "interestIncome": 0,
    "interestExpense": 0,
    "depreciationAndAmortization": 0,
    "ebitda": 188973000,
    "ebitdaratio": 0.2906069786,
    "operatingIncome": 188973000,
    "operatingIncomeRatio": 0.2906069786,
    "totalOtherIncomeExpensesNet": 14751000,
    "incomeBeforeTax": 203724000,
    "incomeBeforeTaxRatio": 0.313291402,
    "incomeTaxExpense": 38983000,
    "netIncome": 164741000,
    "netIncomeRatio": 0.2533424577,
    "eps": 0.12,
    "epsdiluted": 0.12,
    "weightedAverageShsOut": 1404230000,
    "weightedAverageShsOutDil": 1430520000,
    "link": "https://www.sec.gov/Archives/edgar/data/707549/000095013407009535/0000950134-07-009535-index.htm",
    "finalLink": "https://www.sec.gov/Archives/edgar/data/707549/000095013407009535/f29652e10vq.htm"
  },
  {
    "date": "2006-12-24",
    "symbol": "LRCX",
    "reportedCurrency": "USD",
    "cik": "0000707549",
    "fillingDate": "2007-01-30",
    "acceptedDate": "2007-01-29 19:48:44",
    "calendarYear": "2007",
    "period": "Q2",
    "revenue": 633400000,
    "costOfRevenue": 310484000,
    "grossProfit": 322916000,
    "grossProfitRatio": 0.5098137038,
    "researchAndDevelopmentExpenses": 69060000,
    "generalAndAdministrativeExpenses": 0,
    "sellingAndMarketingExpenses": 0,
    "sellingGeneralAndAdministrativeExpenses": 59351000,
    "otherExpenses": 0,
    "operatingExpenses": 128411000,
    "costAndExpenses": 438895000,
    "interestIncome": 0,
    "interestExpense": 0,
    "depreciationAndAmortization": 0,
    "ebitda": 194505000,
    "ebitdaratio": 0.3070808336,
    "operatingIncome": 194505000,
    "operatingIncomeRatio": 0.3070808336,
    "totalOtherIncomeExpensesNet": 13092000,
    "incomeBeforeTax": 207597000,
    "incomeBeforeTaxRatio": 0.3277502368,
    "incomeTaxExpense": 40271000,
    "netIncome": 167326000,
    "netIncomeRatio": 0.2641711399,
    "eps": 0.12,
    "epsdiluted": 0.12,
    "weightedAverageShsOut": 1423060000,
    "weightedAverageShsOutDil": 1453460000,
    "link": "https://www.sec.gov/Archives/edgar/data/707549/000095013407001541/0000950134-07-001541-index.htm",
    "finalLink": "https://www.sec.gov/Archives/edgar/data/707549/000095013407001541/f26746e10vq.htm"
  },
  {
    "date": "2006-09-24",
    "symbol": "LRCX",
    "reportedCurrency": "USD",
    "cik": "0000707549",
    "fillingDate": "2006-10-30",
    "acceptedDate": "2006-10-30 16:43:31",
    "calendarYear": "2007",
    "period": "Q1",
    "revenue": 604387000,
    "costOfRevenue": 291223000,
    "grossProfit": 313164000,
    "grossProfitRatio": 0.5181514493,
    "researchAndDevelopmentExpenses": 61623000,
    "generalAndAdministrativeExpenses": 0,
    "sellingAndMarketingExpenses": 0,
    "sellingGeneralAndAdministrativeExpenses": 56708000,
    "otherExpenses": 0,
    "operatingExpenses": 118331000,
    "costAndExpenses": 409554000,
    "interestIncome": 0,
    "interestExpense": 0,
    "depreciationAndAmortization": 0,
    "ebitda": 194833000,
    "ebitdaratio": 0.3223646438,
    "operatingIncome": 194833000,
    "operatingIncomeRatio": 0.3223646438,
    "totalOtherIncomeExpensesNet": 30348000,
    "incomeBeforeTax": 225181000,
    "incomeBeforeTaxRatio": 0.3725775041,
    "incomeTaxExpense": 41663000,
    "netIncome": 183518000,
    "netIncomeRatio": 0.3036431955,
    "eps": 0.13,
    "epsdiluted": 0.13,
    "weightedAverageShsOut": 1419280000,
    "weightedAverageShsOutDil": 1448500000,
    "link": "https://www.sec.gov/Archives/edgar/data/707549/000095013406019947/0000950134-06-019947-index.htm",
    "finalLink": "https://www.sec.gov/Archives/edgar/data/707549/000095013406019947/f24511e10vq.htm"
  },
  {
    "date": "2006-06-25",
    "symbol": "LRCX",
    "reportedCurrency": "USD",
    "cik": "0000707549",
    "fillingDate": "2006-08-17",
    "acceptedDate": "2006-08-16 19:12:37",
    "calendarYear": "2006",
    "period": "Q4",
    "revenue": 525596000,
    "costOfRevenue": 251445000,
    "grossProfit": 274151000,
    "grossProfitRatio": 0.5216002405,
    "researchAndDevelopmentExpenses": 60824000,
    "generalAndAdministrativeExpenses": 0,
    "sellingAndMarketingExpenses": 0,
    "sellingGeneralAndAdministrativeExpenses": 53921000,
    "otherExpenses": 0,
    "operatingExpenses": 114745000,
    "costAndExpenses": 366190000,
    "interestIncome": 0,
    "interestExpense": 0,
    "depreciationAndAmortization": 6196000,
    "ebitda": 165602000,
    "ebitdaratio": 0.3150746962,
    "operatingIncome": 159406000,
    "operatingIncomeRatio": 0.3032861742,
    "totalOtherIncomeExpensesNet": 9398000,
    "incomeBeforeTax": 168804000,
    "incomeBeforeTaxRatio": 0.3211668278,
    "incomeTaxExpense": 46655000,
    "netIncome": 122149000,
    "netIncomeRatio": 0.2324009315,
    "eps": 0.085,
    "epsdiluted": 0.084,
    "weightedAverageShsOut": 1412150000,
    "weightedAverageShsOutDil": 1447000000,
    "link": "https://www.sec.gov/Archives/edgar/data/707549/000095013406016366/0000950134-06-016366-index.htm",
    "finalLink": "https://www.sec.gov/Archives/edgar/data/707549/000095013406016366/f23105e10vk.htm"
  },
  {
    "date": "2006-03-26",
    "symbol": "LRCX",
    "reportedCurrency": "USD",
    "cik": "0000707549",
    "fillingDate": "2006-05-01",
    "acceptedDate": "2006-05-01 17:02:12",
    "calendarYear": "2006",
    "period": "Q3",
    "revenue": 437423000,
    "costOfRevenue": 217769000,
    "grossProfit": 219654000,
    "grossProfitRatio": 0.5021546649,
    "researchAndDevelopmentExpenses": 61083000,
    "generalAndAdministrativeExpenses": 0,
    "sellingAndMarketingExpenses": 0,
    "sellingGeneralAndAdministrativeExpenses": 48303000,
    "otherExpenses": 0,
    "operatingExpenses": 109386000,
    "costAndExpenses": 327155000,
    "interestIncome": 0,
    "interestExpense": 0,
    "depreciationAndAmortization": 0,
    "ebitda": 110268000,
    "ebitdaratio": 0.2520855099,
    "operatingIncome": 110268000,
    "operatingIncomeRatio": 0.2520855099,
    "totalOtherIncomeExpensesNet": 7828000,
    "incomeBeforeTax": 118096000,
    "incomeBeforeTaxRatio": 0.269981231,
    "incomeTaxExpense": 31759000,
    "netIncome": 86337000,
    "netIncomeRatio": 0.1973764525,
    "eps": 0.062,
    "epsdiluted": 0.06,
    "weightedAverageShsOut": 1401220000,
    "weightedAverageShsOutDil": 1448460000,
    "link": "https://www.sec.gov/Archives/edgar/data/707549/000095013406008407/0000950134-06-008407-index.htm",
    "finalLink": "https://www.sec.gov/Archives/edgar/data/707549/000095013406008407/f19981e10vq.htm"
  },
  {
    "date": "2005-12-25",
    "symbol": "LRCX",
    "reportedCurrency": "USD",
    "cik": "0000707549",
    "fillingDate": "2006-01-30",
    "acceptedDate": "2006-01-30 17:21:26",
    "calendarYear": "2006",
    "period": "Q2",
    "revenue": 358245000,
    "costOfRevenue": 180735000,
    "grossProfit": 177510000,
    "grossProfitRatio": 0.4954988904,
    "researchAndDevelopmentExpenses": 55742000,
    "generalAndAdministrativeExpenses": 0,
    "sellingAndMarketingExpenses": 0,
    "sellingGeneralAndAdministrativeExpenses": 44859000,
    "otherExpenses": 0,
    "operatingExpenses": 100601000,
    "costAndExpenses": 281336000,
    "interestIncome": 0,
    "interestExpense": 0,
    "depreciationAndAmortization": 0,
    "ebitda": 76909000,
    "ebitdaratio": 0.2146826892,
    "operatingIncome": 76909000,
    "operatingIncomeRatio": 0.2146826892,
    "totalOtherIncomeExpensesNet": 9308000,
    "incomeBeforeTax": 86217000,
    "incomeBeforeTaxRatio": 0.2406649081,
    "incomeTaxExpense": 8439000,
    "netIncome": 77778000,
    "netIncomeRatio": 0.2171084035,
    "eps": 0.057,
    "epsdiluted": 0.055,
    "weightedAverageShsOut": 1365720000,
    "weightedAverageShsOutDil": 1425250000,
    "link": "https://www.sec.gov/Archives/edgar/data/707549/000089161806000033/0000891618-06-000033-index.htm",
    "finalLink": "https://www.sec.gov/Archives/edgar/data/707549/000089161806000033/f16526e10vq.htm"
  },
  {
    "date": "2005-09-25",
    "symbol": "LRCX",
    "reportedCurrency": "USD",
    "cik": "0000707549",
    "fillingDate": "2005-10-31",
    "acceptedDate": "2005-10-31 17:08:29",
    "calendarYear": "2006",
    "period": "Q1",
    "revenue": 320907000,
    "costOfRevenue": 164828000,
    "grossProfit": 156079000,
    "grossProfitRatio": 0.4863683248,
    "researchAndDevelopmentExpenses": 51242000,
    "generalAndAdministrativeExpenses": 0,
    "sellingAndMarketingExpenses": 0,
    "sellingGeneralAndAdministrativeExpenses": 45155000,
    "otherExpenses": 0,
    "operatingExpenses": 96397000,
    "costAndExpenses": 261225000,
    "interestIncome": 0,
    "interestExpense": 0,
    "depreciationAndAmortization": 0,
    "ebitda": 59682000,
    "ebitdaratio": 0.1859791154,
    "operatingIncome": 59682000,
    "operatingIncomeRatio": 0.1859791154,
    "totalOtherIncomeExpensesNet": 8488000,
    "incomeBeforeTax": 68170000,
    "incomeBeforeTaxRatio": 0.2124291461,
    "incomeTaxExpense": 18679000,
    "netIncome": 49491000,
    "netIncomeRatio": 0.1542222513,
    "eps": 0.036,
    "epsdiluted": 0.035,
    "weightedAverageShsOut": 1364530000,
    "weightedAverageShsOutDil": 1414300000,
    "link": "https://www.sec.gov/Archives/edgar/data/707549/000095013405020081/0000950134-05-020081-index.htm",
    "finalLink": "https://www.sec.gov/Archives/edgar/data/707549/000095013405020081/f13801e10vq.htm"
  },
  {
    "date": "2005-06-26",
    "symbol": "LRCX",
    "reportedCurrency": "USD",
    "cik": "0000707549",
    "fillingDate": "2005-08-18",
    "acceptedDate": "2005-08-17 21:59:10",
    "calendarYear": "2005",
    "period": "Q4",
    "revenue": 353767000,
    "costOfRevenue": 177908000,
    "grossProfit": 175859000,
    "grossProfitRatio": 0.4971040261,
    "researchAndDevelopmentExpenses": 49474000,
    "generalAndAdministrativeExpenses": 0,
    "sellingAndMarketingExpenses": 0,
    "sellingGeneralAndAdministrativeExpenses": 43854000,
    "otherExpenses": 0,
    "operatingExpenses": 93328000,
    "costAndExpenses": 271236000,
    "interestIncome": 0,
    "interestExpense": 0,
    "depreciationAndAmortization": 7473000,
    "ebitda": 90004000,
    "ebitdaratio": 0.2544160422,
    "operatingIncome": 82531000,
    "operatingIncomeRatio": 0.233291969,
    "totalOtherIncomeExpensesNet": 6171000,
    "incomeBeforeTax": 88702000,
    "incomeBeforeTaxRatio": 0.2507356537,
    "incomeTaxExpense": 22176000,
    "netIncome": 66526000,
    "netIncomeRatio": 0.1880503269,
    "eps": 0.047,
    "epsdiluted": 0.047,
    "weightedAverageShsOut": 1377686670,
    "weightedAverageShsOutDil": 1425000000,
    "link": "https://www.sec.gov/Archives/edgar/data/707549/000089161805000627/0000891618-05-000627-index.htm",
    "finalLink": "https://www.sec.gov/Archives/edgar/data/707549/000089161805000627/f11836e10vk.htm"
  },
  {
    "date": "2005-03-27",
    "symbol": "LRCX",
    "reportedCurrency": "USD",
    "cik": "0000707549",
    "fillingDate": "2005-05-05",
    "acceptedDate": "2005-05-05 17:00:50",
    "calendarYear": "2005",
    "period": "Q3",
    "revenue": 349337000,
    "costOfRevenue": 174767000,
    "grossProfit": 174570000,
    "grossProfitRatio": 0.4997180373,
    "researchAndDevelopmentExpenses": 47226000,
    "generalAndAdministrativeExpenses": 0,
    "sellingAndMarketingExpenses": 0,
    "sellingGeneralAndAdministrativeExpenses": 34518000,
    "otherExpenses": 14201000,
    "operatingExpenses": 95945000,
    "costAndExpenses": 270712000,
    "interestIncome": 0,
    "interestExpense": 0,
    "depreciationAndAmortization": 7452000,
    "ebitda": 99911000,
    "ebitdaratio": 0.2860017691,
    "operatingIncome": 78625000,
    "operatingIncomeRatio": 0.2250692025,
    "totalOtherIncomeExpensesNet": 643000,
    "incomeBeforeTax": 79268000,
    "incomeBeforeTaxRatio": 0.2269098321,
    "incomeTaxExpense": 19817000,
    "netIncome": 59451000,
    "netIncomeRatio": 0.170182374,
    "eps": 0.042,
    "epsdiluted": 0.041,
    "weightedAverageShsOut": 1399670000,
    "weightedAverageShsOutDil": 1447560000,
    "link": "https://www.sec.gov/Archives/edgar/data/707549/000089161805000328/0000891618-05-000328-index.htm",
    "finalLink": "https://www.sec.gov/Archives/edgar/data/707549/000089161805000328/f08668e10vq.htm"
  },
  {
    "date": "2004-12-26",
    "symbol": "LRCX",
    "reportedCurrency": "USD",
    "cik": "0000707549",
    "fillingDate": "2005-02-03",
    "acceptedDate": "2005-02-03 16:02:06",
    "calendarYear": "2005",
    "period": "Q2",
    "revenue": 379800000,
    "costOfRevenue": 180898000,
    "grossProfit": 198902000,
    "grossProfitRatio": 0.5237019484,
    "researchAndDevelopmentExpenses": 47057000,
    "generalAndAdministrativeExpenses": 0,
    "sellingAndMarketingExpenses": 0,
    "sellingGeneralAndAdministrativeExpenses": 43275000,
    "otherExpenses": 0,
    "operatingExpenses": 90332000,
    "costAndExpenses": 271230000,
    "interestIncome": 0,
    "interestExpense": 0,
    "depreciationAndAmortization": 0,
    "ebitda": 108570000,
    "ebitdaratio": 0.2858609795,
    "operatingIncome": 108570000,
    "operatingIncomeRatio": 0.2858609795,
    "totalOtherIncomeExpensesNet": 1298000,
    "incomeBeforeTax": 109868000,
    "incomeBeforeTaxRatio": 0.2892785677,
    "incomeTaxExpense": 26254000,
    "netIncome": 83614000,
    "netIncomeRatio": 0.220152712,
    "eps": 0.061,
    "epsdiluted": 0.059,
    "weightedAverageShsOut": 1372550000,
    "weightedAverageShsOutDil": 1422680000,
    "link": "https://www.sec.gov/Archives/edgar/data/707549/000095013405001994/0000950134-05-001994-index.htm",
    "finalLink": "https://www.sec.gov/Archives/edgar/data/707549/000095013405001994/f05158e10vq.htm"
  },
  {
    "date": "2004-09-26",
    "symbol": "LRCX",
    "reportedCurrency": "USD",
    "cik": "0000707549",
    "fillingDate": "2004-11-04",
    "acceptedDate": "2004-11-04 15:25:30",
    "calendarYear": "2005",
    "period": "Q1",
    "revenue": 419549000,
    "costOfRevenue": 204788000,
    "grossProfit": 214761000,
    "grossProfitRatio": 0.5118853817,
    "researchAndDevelopmentExpenses": 50358000,
    "generalAndAdministrativeExpenses": 0,
    "sellingAndMarketingExpenses": 0,
    "sellingGeneralAndAdministrativeExpenses": 43127000,
    "otherExpenses": 0,
    "operatingExpenses": 93485000,
    "costAndExpenses": 298273000,
    "interestIncome": 0,
    "interestExpense": 0,
    "depreciationAndAmortization": 0,
    "ebitda": 121276000,
    "ebitdaratio": 0.2890627793,
    "operatingIncome": 121276000,
    "operatingIncomeRatio": 0.2890627793,
    "totalOtherIncomeExpensesNet": 8000,
    "incomeBeforeTax": 121284000,
    "incomeBeforeTaxRatio": 0.2890818474,
    "incomeTaxExpense": 31534000,
    "netIncome": 89750000,
    "netIncomeRatio": 0.2139201857,
    "eps": 0.066,
    "epsdiluted": 0.064,
    "weightedAverageShsOut": 1354780000,
    "weightedAverageShsOutDil": 1398080000,
    "link": "https://www.sec.gov/Archives/edgar/data/707549/000095013404016390/0000950134-04-016390-index.htm",
    "finalLink": "https://www.sec.gov/Archives/edgar/data/707549/000095013404016390/f02865e10vq.htm"
  },
  {
    "date": "2004-06-27",
    "symbol": "LRCX",
    "reportedCurrency": "USD",
    "cik": "0000707549",
    "fillingDate": "2004-09-10",
    "acceptedDate": "2004-09-10 12:40:30",
    "calendarYear": "2004",
    "period": "Q4",
    "revenue": 329572000,
    "costOfRevenue": 170369000,
    "grossProfit": 159203000,
    "grossProfitRatio": 0.4830598473,
    "researchAndDevelopmentExpenses": 49961000,
    "generalAndAdministrativeExpenses": 0,
    "sellingAndMarketingExpenses": 0,
    "sellingGeneralAndAdministrativeExpenses": 40711000,
    "otherExpenses": 0,
    "operatingExpenses": 90672000,
    "costAndExpenses": 261041000,
    "interestIncome": 0,
    "interestExpense": 0,
    "depreciationAndAmortization": 7393000,
    "ebitda": 75924000,
    "ebitdaratio": 0.2303715121,
    "operatingIncome": 68531000,
    "operatingIncomeRatio": 0.2079393881,
    "totalOtherIncomeExpensesNet": 1676000,
    "incomeBeforeTax": 70207000,
    "incomeBeforeTaxRatio": 0.2130247715,
    "incomeTaxExpense": 17552000,
    "netIncome": 52655000,
    "netIncomeRatio": 0.1597678201,
    "eps": 0.038,
    "epsdiluted": 0.038,
    "weightedAverageShsOut": 1398000000,
    "weightedAverageShsOutDil": 1398000000,
    "link": "https://www.sec.gov/Archives/edgar/data/707549/000095013404013455/0000950134-04-013455-index.htm",
    "finalLink": "https://www.sec.gov/Archives/edgar/data/707549/000095013404013455/f01598e10vk.htm"
  },
  {
    "date": "2004-03-28",
    "symbol": "LRCX",
    "reportedCurrency": "USD",
    "cik": "0000707549",
    "fillingDate": "2004-05-05",
    "acceptedDate": "2004-05-04 21:34:45",
    "calendarYear": "2004",
    "period": "Q3",
    "revenue": 231128000,
    "costOfRevenue": 125015000,
    "grossProfit": 106113000,
    "grossProfitRatio": 0.4591092382,
    "researchAndDevelopmentExpenses": 42914000,
    "generalAndAdministrativeExpenses": 0,
    "sellingAndMarketingExpenses": 0,
    "sellingGeneralAndAdministrativeExpenses": 37218000,
    "otherExpenses": 1317000,
    "operatingExpenses": 81449000,
    "costAndExpenses": 206464000,
    "interestIncome": 0,
    "interestExpense": 0,
    "depreciationAndAmortization": 10067000,
    "ebitda": 36048000,
    "ebitdaratio": 0.1559655256,
    "operatingIncome": 24664000,
    "operatingIncomeRatio": 0.1067114326,
    "totalOtherIncomeExpensesNet": 877000,
    "incomeBeforeTax": 25541000,
    "incomeBeforeTaxRatio": 0.1105058669,
    "incomeTaxExpense": 6385000,
    "netIncome": 19156000,
    "netIncomeRatio": 0.0828804818,
    "eps": 0.014,
    "epsdiluted": 0.013,
    "weightedAverageShsOut": 1332510000,
    "weightedAverageShsOutDil": 1473650000,
    "link": "https://www.sec.gov/Archives/edgar/data/707549/000095013404006610/0000950134-04-006610-index.htm",
    "finalLink": "https://www.sec.gov/Archives/edgar/data/707549/000095013404006610/f98566e10vq.htm"
  },
  {
    "date": "2003-12-28",
    "symbol": "LRCX",
    "reportedCurrency": "USD",
    "cik": "0000707549",
    "fillingDate": "2004-02-09",
    "acceptedDate": "2004-02-06 20:00:08",
    "calendarYear": "2004",
    "period": "Q2",
    "revenue": 191508000,
    "costOfRevenue": 104293000,
    "grossProfit": 87215000,
    "grossProfitRatio": 0.4554117844,
    "researchAndDevelopmentExpenses": 39078000,
    "generalAndAdministrativeExpenses": 0,
    "sellingAndMarketingExpenses": 0,
    "sellingGeneralAndAdministrativeExpenses": 34141000,
    "otherExpenses": 5948000,
    "operatingExpenses": 79167000,
    "costAndExpenses": 183460000,
    "interestIncome": 0,
    "interestExpense": 0,
    "depreciationAndAmortization": 6682000,
    "ebitda": 20678000,
    "ebitdaratio": 0.1079746016,
    "operatingIncome": 8048000,
    "operatingIncomeRatio": 0.0420243541,
    "totalOtherIncomeExpensesNet": 473000,
    "incomeBeforeTax": 8521000,
    "incomeBeforeTaxRatio": 0.0444942248,
    "incomeTaxExpense": 2130000,
    "netIncome": 6391000,
    "netIncomeRatio": 0.033371974,
    "eps": 0.005,
    "epsdiluted": 0.005,
    "weightedAverageShsOut": 1310200000,
    "weightedAverageShsOutDil": 1396580000,
    "link": "https://www.sec.gov/Archives/edgar/data/707549/000089161804000493/0000891618-04-000493-index.htm",
    "finalLink": "https://www.sec.gov/Archives/edgar/data/707549/000089161804000493/f96166e10vq.htm"
  },
  {
    "date": "2003-09-28",
    "symbol": "LRCX",
    "reportedCurrency": "USD",
    "cik": "0000707549",
    "fillingDate": "2003-11-10",
    "acceptedDate": "2003-11-07 19:31:30",
    "calendarYear": "2004",
    "period": "Q1",
    "revenue": 183738000,
    "costOfRevenue": 105220000,
    "grossProfit": 78518000,
    "grossProfitRatio": 0.4273367512,
    "researchAndDevelopmentExpenses": 38526000,
    "generalAndAdministrativeExpenses": 0,
    "sellingAndMarketingExpenses": 0,
    "sellingGeneralAndAdministrativeExpenses": 33993000,
    "otherExpenses": 1062000,
    "operatingExpenses": 73581000,
    "costAndExpenses": 178801000,
    "interestIncome": 0,
    "interestExpense": 0,
    "depreciationAndAmortization": 11231000,
    "ebitda": 17230000,
    "ebitdaratio": 0.0937748316,
    "operatingIncome": 4937000,
    "operatingIncomeRatio": 0.026869782,
    "totalOtherIncomeExpensesNet": 1444000,
    "incomeBeforeTax": 6381000,
    "incomeBeforeTaxRatio": 0.0347287986,
    "incomeTaxExpense": 1595000,
    "netIncome": 4786000,
    "netIncomeRatio": 0.0260479596,
    "eps": 0.004,
    "epsdiluted": 0.004,
    "weightedAverageShsOut": 1283510000,
    "weightedAverageShsOutDil": 1348860000,
    "link": "https://www.sec.gov/Archives/edgar/data/707549/000089161803005756/0000891618-03-005756-index.htm",
    "finalLink": "https://www.sec.gov/Archives/edgar/data/707549/000089161803005756/f94197e10vq.htm"
  },
  {
    "date": "2003-06-29",
    "symbol": "LRCX",
    "reportedCurrency": "USD",
    "cik": "0000707549",
    "fillingDate": "2003-09-25",
    "acceptedDate": "2003-09-24 21:58:58",
    "calendarYear": "2003",
    "period": "Q4",
    "revenue": 186086000,
    "costOfRevenue": 108962000,
    "grossProfit": 77124000,
    "grossProfitRatio": 0.4144535322,
    "researchAndDevelopmentExpenses": 40391000,
    "generalAndAdministrativeExpenses": 0,
    "sellingAndMarketingExpenses": 0,
    "sellingGeneralAndAdministrativeExpenses": 34501000,
    "otherExpenses": 9805000,
    "operatingExpenses": 84697000,
    "costAndExpenses": 193659000,
    "interestIncome": 0,
    "interestExpense": 0,
    "depreciationAndAmortization": 9439000,
    "ebitda": 11671000,
    "ebitdaratio": 0.062718313,
    "operatingIncome": -7573000,
    "operatingIncomeRatio": -0.0406962372,
    "totalOtherIncomeExpensesNet": 1710000,
    "incomeBeforeTax": -5863000,
    "incomeBeforeTaxRatio": -0.0315069377,
    "incomeTaxExpense": -9562000,
    "netIncome": 3699000,
    "netIncomeRatio": 0.0198779059,
    "eps": 0.0029,
    "epsdiluted": 0.0028,
    "weightedAverageShsOut": 1268700000,
    "weightedAverageShsOutDil": 1314000000,
    "link": "https://www.sec.gov/Archives/edgar/data/707549/000089161803004913/0000891618-03-004913-index.htm",
    "finalLink": "https://www.sec.gov/Archives/edgar/data/707549/000089161803004913/f93126e10vk.htm"
  },
  {
    "date": "2003-03-30",
    "symbol": "LRCX",
    "reportedCurrency": "USD",
    "cik": "0000707549",
    "fillingDate": "2003-05-14",
    "acceptedDate": "2003-05-13 21:54:38",
    "calendarYear": "2003",
    "period": "Q3",
    "revenue": 187059000,
    "costOfRevenue": 111838000,
    "grossProfit": 75221000,
    "grossProfitRatio": 0.4021244634,
    "researchAndDevelopmentExpenses": 38981000,
    "generalAndAdministrativeExpenses": 0,
    "sellingAndMarketingExpenses": 0,
    "sellingGeneralAndAdministrativeExpenses": 33245000,
    "otherExpenses": 4043000,
    "operatingExpenses": 76269000,
    "costAndExpenses": 188107000,
    "interestIncome": 0,
    "interestExpense": 0,
    "depreciationAndAmortization": 13385000,
    "ebitda": 16380000,
    "ebitdaratio": 0.0875659551,
    "operatingIncome": -1048000,
    "operatingIncomeRatio": -0.0056025104,
    "totalOtherIncomeExpensesNet": 2110000,
    "incomeBeforeTax": 1062000,
    "incomeBeforeTaxRatio": 0.0056773531,
    "incomeTaxExpense": 265000,
    "netIncome": 797000,
    "netIncomeRatio": 0.0042606878,
    "eps": 0.001,
    "epsdiluted": 0.001,
    "weightedAverageShsOut": 1259880000,
    "weightedAverageShsOutDil": 1295500000,
    "link": "https://www.sec.gov/Archives/edgar/data/707549/000089161803002510/0000891618-03-002510-index.htm",
    "finalLink": "https://www.sec.gov/Archives/edgar/data/707549/000089161803002510/f89885e10vq.htm"
  },
  {
    "date": "2002-12-29",
    "symbol": "LRCX",
    "reportedCurrency": "USD",
    "cik": "0000707549",
    "fillingDate": "2003-02-11",
    "acceptedDate": "2003-02-10 21:39:38",
    "calendarYear": "2003",
    "period": "Q2",
    "revenue": 184569000,
    "costOfRevenue": 112079000,
    "grossProfit": 72490000,
    "grossProfitRatio": 0.3927528458,
    "researchAndDevelopmentExpenses": 39739000,
    "generalAndAdministrativeExpenses": 0,
    "sellingAndMarketingExpenses": 0,
    "sellingGeneralAndAdministrativeExpenses": 31715000,
    "otherExpenses": 2053000,
    "operatingExpenses": 73507000,
    "costAndExpenses": 185586000,
    "interestIncome": 0,
    "interestExpense": 0,
    "depreciationAndAmortization": 11132000,
    "ebitda": 12168000,
    "ebitdaratio": 0.065926564,
    "operatingIncome": -1017000,
    "operatingIncomeRatio": -0.0055101344,
    "totalOtherIncomeExpensesNet": 2989000,
    "incomeBeforeTax": 1972000,
    "incomeBeforeTaxRatio": 0.0106843511,
    "incomeTaxExpense": 493000,
    "netIncome": 1479000,
    "netIncomeRatio": 0.0080132633,
    "eps": 0.0011,
    "epsdiluted": 0.0011,
    "weightedAverageShsOut": 1254110000,
    "weightedAverageShsOutDil": 1285370000,
    "link": "https://www.sec.gov/Archives/edgar/data/707549/000070754903000005/0000707549-03-000005-index.htm",
    "finalLink": "https://www.sec.gov/Archives/edgar/data/707549/000070754903000005/body10q.htm"
  },
  {
    "date": "2002-09-29",
    "symbol": "LRCX",
    "reportedCurrency": "USD",
    "cik": "0000707549",
    "fillingDate": "2002-11-13",
    "acceptedDate": "2002-11-12 20:44:09",
    "calendarYear": "2003",
    "period": "Q1",
    "revenue": 197520000,
    "costOfRevenue": 118526000,
    "grossProfit": 78994000,
    "grossProfitRatio": 0.3999291211,
    "researchAndDevelopmentExpenses": 41382000,
    "generalAndAdministrativeExpenses": 0,
    "sellingAndMarketingExpenses": 0,
    "sellingGeneralAndAdministrativeExpenses": 33359000,
    "otherExpenses": 0,
    "operatingExpenses": 74741000,
    "costAndExpenses": 193267000,
    "interestIncome": 0,
    "interestExpense": 0,
    "depreciationAndAmortization": 11011000,
    "ebitda": 15264000,
    "ebitdaratio": 0.0772782503,
    "operatingIncome": 4253000,
    "operatingIncomeRatio": 0.0215319968,
    "totalOtherIncomeExpensesNet": -17069000,
    "incomeBeforeTax": -12816000,
    "incomeBeforeTaxRatio": -0.0648845687,
    "incomeTaxExpense": 898000,
    "netIncome": -13714000,
    "netIncomeRatio": -0.0694309437,
    "eps": -0.0109,
    "epsdiluted": -0.0109,
    "weightedAverageShsOut": 1269310000,
    "weightedAverageShsOutDil": 1269310000,
    "link": "https://www.sec.gov/Archives/edgar/data/707549/000070754902000014/0000707549-02-000014-index.htm",
    "finalLink": "https://www.sec.gov/Archives/edgar/data/707549/000070754902000014/body10q.htm"
  },
  {
    "date": "2002-06-30",
    "symbol": "LRCX",
    "reportedCurrency": "USD",
    "cik": "0000707549",
    "fillingDate": "2002-09-12",
    "acceptedDate": "2002-09-11 21:43:18",
    "calendarYear": "2002",
    "period": "Q4",
    "revenue": 180256000,
    "costOfRevenue": 160293000,
    "grossProfit": 19963000,
    "grossProfitRatio": 0.1107480472,
    "researchAndDevelopmentExpenses": 41701000,
    "generalAndAdministrativeExpenses": 0,
    "sellingAndMarketingExpenses": 0,
    "sellingGeneralAndAdministrativeExpenses": 34322000,
    "otherExpenses": -48751000,
    "operatingExpenses": 27272000,
    "costAndExpenses": 187565000,
    "interestIncome": 0,
    "interestExpense": 0,
    "depreciationAndAmortization": 18006000,
    "ebitda": -45654000,
    "ebitdaratio": -0.2532731227,
    "operatingIncome": -7309000,
    "operatingIncomeRatio": -0.0405478874,
    "totalOtherIncomeExpensesNet": -25919000,
    "incomeBeforeTax": -33228000,
    "incomeBeforeTaxRatio": -0.1843378306,
    "incomeTaxExpense": -2183000,
    "netIncome": -31045000,
    "netIncomeRatio": -0.1722272768,
    "eps": -0.024,
    "epsdiluted": -0.024,
    "weightedAverageShsOut": 1269000000,
    "weightedAverageShsOutDil": 1269000000,
    "link": "https://www.sec.gov/Archives/edgar/data/707549/000070754902000010/0000707549-02-000010-index.htm",
    "finalLink": "https://www.sec.gov/Archives/edgar/data/707549/000070754902000010/form10k.htm"
  },
  {
    "date": "2002-03-31",
    "symbol": "LRCX",
    "reportedCurrency": "USD",
    "cik": "0000707549",
    "fillingDate": "2002-05-15",
    "acceptedDate": "2002-05-15 13:57:11",
    "calendarYear": "2002",
    "period": "Q3",
    "revenue": 164105000,
    "costOfRevenue": 109118000,
    "grossProfit": 54987000,
    "grossProfitRatio": 0.3350720575,
    "researchAndDevelopmentExpenses": 40552000,
    "generalAndAdministrativeExpenses": 0,
    "sellingAndMarketingExpenses": 0,
    "sellingGeneralAndAdministrativeExpenses": 36849000,
    "otherExpenses": 0,
    "operatingExpenses": 77401000,
    "costAndExpenses": 186519000,
    "interestIncome": 0,
    "interestExpense": 0,
    "depreciationAndAmortization": 14623000,
    "ebitda": -7791000,
    "ebitdaratio": -0.0474757015,
    "operatingIncome": -22414000,
    "operatingIncomeRatio": -0.1365832851,
    "totalOtherIncomeExpensesNet": 17443000,
    "incomeBeforeTax": -4971000,
    "incomeBeforeTaxRatio": -0.0302915816,
    "incomeTaxExpense": -6540000,
    "netIncome": 1569000,
    "netIncomeRatio": 0.0095609518,
    "eps": 0.0011,
    "epsdiluted": 0.0011,
    "weightedAverageShsOut": 1267470000,
    "weightedAverageShsOutDil": 1344200000,
    "link": "https://www.sec.gov/Archives/edgar/data/707549/000070754902000007/0000707549-02-000007-index.htm",
    "finalLink": "https://www.sec.gov/Archives/edgar/data/707549/000070754902000007/body10q.htm"
  },
  {
    "date": "2001-12-30",
    "symbol": "LRCX",
    "reportedCurrency": "USD",
    "cik": "0000707549",
    "fillingDate": "2002-02-13",
    "acceptedDate": "2002-02-13 00:00:00",
    "calendarYear": "2002",
    "period": "Q2",
    "revenue": 259173000,
    "costOfRevenue": 193745000,
    "grossProfit": 65428000,
    "grossProfitRatio": 0.2524491363,
    "researchAndDevelopmentExpenses": 49734000,
    "generalAndAdministrativeExpenses": 0,
    "sellingAndMarketingExpenses": 0,
    "sellingGeneralAndAdministrativeExpenses": 43524000,
    "otherExpenses": 72553000,
    "operatingExpenses": 165811000,
    "costAndExpenses": 359556000,
    "interestIncome": 0,
    "interestExpense": 0,
    "depreciationAndAmortization": 15755000,
    "ebitda": -12075000,
    "ebitdaratio": -0.0465905013,
    "operatingIncome": -100383000,
    "operatingIncomeRatio": -0.3873204385,
    "totalOtherIncomeExpensesNet": 18498000,
    "incomeBeforeTax": -81885000,
    "incomeBeforeTaxRatio": -0.315947263,
    "incomeTaxExpense": -30230000,
    "netIncome": -51655000,
    "netIncomeRatio": -0.1993070266,
    "eps": -0.041,
    "epsdiluted": -0.041,
    "weightedAverageShsOut": 1256740000,
    "weightedAverageShsOutDil": 1256740000,
    "link": "https://www.sec.gov/Archives/edgar/data/707549/000070754902000003/0000707549-02-000003-index.htm",
    "finalLink": "https://www.sec.gov/Archives/edgar/data/707549/000070754902000003/body10q.htm"
  },
  {
    "date": "2001-09-23",
    "symbol": "LRCX",
    "reportedCurrency": "USD",
    "cik": "0000707549",
    "fillingDate": "2001-11-05",
    "acceptedDate": "2001-11-05 00:00:00",
    "calendarYear": "2002",
    "period": "Q1",
    "revenue": 339580000,
    "costOfRevenue": 213869000,
    "grossProfit": 125711000,
    "grossProfitRatio": 0.3701955357,
    "researchAndDevelopmentExpenses": 47230000,
    "generalAndAdministrativeExpenses": 0,
    "sellingAndMarketingExpenses": 0,
    "sellingGeneralAndAdministrativeExpenses": 47165000,
    "otherExpenses": 21048000,
    "operatingExpenses": 115443000,
    "costAndExpenses": 329312000,
    "interestIncome": 0,
    "interestExpense": 0,
    "depreciationAndAmortization": 15954000,
    "ebitda": 54870000,
    "ebitdaratio": 0.1615819542,
    "operatingIncome": 10268000,
    "operatingIncomeRatio": 0.030237352,
    "totalOtherIncomeExpensesNet": -18179000,
    "incomeBeforeTax": -7911000,
    "incomeBeforeTaxRatio": -0.023296425,
    "incomeTaxExpense": 1009000,
    "netIncome": -8920000,
    "netIncomeRatio": -0.0262677425,
    "eps": -0.0071,
    "epsdiluted": -0.0071,
    "weightedAverageShsOut": 1253400000,
    "weightedAverageShsOutDil": 1253400000,
    "link": "https://www.sec.gov/Archives/edgar/data/707549/000070754901500019/0000707549-01-500019-index.htm",
    "finalLink": "https://www.sec.gov/Archives/edgar/data/707549/000070754901500019/body10q.htm"
  },
  {
    "date": "2001-06-24",
    "symbol": "LRCX",
    "reportedCurrency": "USD",
    "cik": "0000707549",
    "fillingDate": "2001-09-17",
    "acceptedDate": "2001-09-17 00:00:00",
    "calendarYear": "2001",
    "period": "Q4",
    "revenue": 171891000,
    "costOfRevenue": 117574000,
    "grossProfit": 54317000,
    "grossProfitRatio": 0.3159967654,
    "researchAndDevelopmentExpenses": 53204000,
    "generalAndAdministrativeExpenses": 0,
    "sellingAndMarketingExpenses": 0,
    "sellingGeneralAndAdministrativeExpenses": 48650000,
    "otherExpenses": 16769000,
    "operatingExpenses": 118623000,
    "costAndExpenses": 236197000,
    "interestIncome": 0,
    "interestExpense": 0,
    "depreciationAndAmortization": 16925000,
    "ebitda": -26623000,
    "ebitdaratio": -0.1548830363,
    "operatingIncome": -64306000,
    "operatingIncomeRatio": -0.3741091738,
    "totalOtherIncomeExpensesNet": 3108000,
    "incomeBeforeTax": -61198000,
    "incomeBeforeTaxRatio": -0.3560279479,
    "incomeTaxExpense": -18360000,
    "netIncome": -131869000,
    "netIncomeRatio": -0.767166402,
    "eps": -0.099,
    "epsdiluted": -0.099,
    "weightedAverageShsOut": 1335000000,
    "weightedAverageShsOutDil": 1335000000,
    "link": "https://www.sec.gov/Archives/edgar/data/707549/000070754901500016/0000707549-01-500016-index.htm",
    "finalLink": "https://www.sec.gov/Archives/edgar/data/707549/000070754901500016/form10k.htm"
  },
  {
    "date": "2001-03-25",
    "symbol": "LRCX",
    "reportedCurrency": "USD",
    "cik": "0000707549",
    "fillingDate": "2001-04-30",
    "acceptedDate": "2001-04-30 00:00:00",
    "calendarYear": "2001",
    "period": "Q3",
    "revenue": 465125000,
    "costOfRevenue": 262102000,
    "grossProfit": 203023000,
    "grossProfitRatio": 0.4364912658,
    "researchAndDevelopmentExpenses": 58791000,
    "generalAndAdministrativeExpenses": 0,
    "sellingAndMarketingExpenses": 0,
    "sellingGeneralAndAdministrativeExpenses": 55167000,
    "otherExpenses": 448000,
    "operatingExpenses": 114406000,
    "costAndExpenses": 376508000,
    "interestIncome": 0,
    "interestExpense": 0,
    "depreciationAndAmortization": 15062000,
    "ebitda": 103679000,
    "ebitdaratio": 0.2229056705,
    "operatingIncome": 88617000,
    "operatingIncomeRatio": 0.1905229777,
    "totalOtherIncomeExpensesNet": 4429000,
    "incomeBeforeTax": 93046000,
    "incomeBeforeTaxRatio": 0.2000451492,
    "incomeTaxExpense": 27924000,
    "netIncome": 65122000,
    "netIncomeRatio": 0.1400096748,
    "eps": 0.053,
    "epsdiluted": 0.048,
    "weightedAverageShsOut": 1231820000,
    "weightedAverageShsOutDil": 1419010000,
    "link": "https://www.sec.gov/Archives/edgar/data/707549/000070754901500009/0000707549-01-500009-index.htm",
    "finalLink": "https://www.sec.gov/Archives/edgar/data/707549/000070754901500009/body10q.htm"
  },
  {
    "date": "2000-12-24",
    "symbol": "LRCX",
    "reportedCurrency": "USD",
    "cik": "0000707549",
    "fillingDate": "2001-02-07",
    "acceptedDate": "2001-02-07 00:00:00",
    "calendarYear": "2001",
    "period": "Q2",
    "revenue": 384097000,
    "costOfRevenue": 214066000,
    "grossProfit": 170031000,
    "grossProfitRatio": 0.4426772404,
    "researchAndDevelopmentExpenses": 58722000,
    "generalAndAdministrativeExpenses": 0,
    "sellingAndMarketingExpenses": 0,
    "sellingGeneralAndAdministrativeExpenses": 62161000,
    "otherExpenses": 7835000,
    "operatingExpenses": 128718000,
    "costAndExpenses": 342784000,
    "interestIncome": 0,
    "interestExpense": 0,
    "depreciationAndAmortization": 13480000,
    "ebitda": 62793000,
    "ebitdaratio": 0.1634821412,
    "operatingIncome": 41313000,
    "operatingIncomeRatio": 0.1075587677,
    "totalOtherIncomeExpensesNet": 2926000,
    "incomeBeforeTax": 44239000,
    "incomeBeforeTaxRatio": 0.1151766351,
    "incomeTaxExpense": 13270000,
    "netIncome": 30969000,
    "netIncomeRatio": 0.0806280705,
    "eps": 0.17,
    "epsdiluted": 0.17,
    "weightedAverageShsOut": 1234200000,
    "weightedAverageShsOutDil": 1409790000,
    "link": "https://www.sec.gov/Archives/edgar/data/707549/000070754901500006/0000707549-01-500006-index.htm",
    "finalLink": "https://www.sec.gov/Archives/edgar/data/707549/000070754901500006/body10q.htm"
  },
  {
    "date": "2000-09-24",
    "symbol": "LRCX",
    "reportedCurrency": "USD",
    "cik": "0000707549",
    "fillingDate": "2000-11-07",
    "acceptedDate": "2000-11-07 00:00:00",
    "calendarYear": "2001",
    "period": "Q1",
    "revenue": 305031000,
    "costOfRevenue": 172363000,
    "grossProfit": 132668000,
    "grossProfitRatio": 0.4349328429,
    "researchAndDevelopmentExpenses": 56531000,
    "generalAndAdministrativeExpenses": 0,
    "sellingAndMarketingExpenses": 0,
    "sellingGeneralAndAdministrativeExpenses": 52941000,
    "otherExpenses": -505000,
    "operatingExpenses": 108967000,
    "costAndExpenses": 281330000,
    "interestIncome": 0,
    "interestExpense": 0,
    "depreciationAndAmortization": 13260000,
    "ebitda": 36961000,
    "ebitdaratio": 0.1211712908,
    "operatingIncome": 23701000,
    "operatingIncomeRatio": 0.0777002993,
    "totalOtherIncomeExpensesNet": 4640000,
    "incomeBeforeTax": 28341000,
    "incomeBeforeTaxRatio": 0.092911868,
    "incomeTaxExpense": 8501000,
    "netIncome": -102265000,
    "netIncomeRatio": -0.3352610063,
    "eps": -0.082,
    "epsdiluted": -0.082,
    "weightedAverageShsOut": 1244770000,
    "weightedAverageShsOutDil": 1337330000,
    "link": "https://www.sec.gov/Archives/edgar/data/707549/000070754900500013/0000707549-00-500013-index.htm",
    "finalLink": "https://www.sec.gov/Archives/edgar/data/707549/000070754900500013/body10q.htm"
  },
  {
    "date": "2000-06-25",
    "symbol": "LRCX",
    "reportedCurrency": "USD",
    "cik": "0000707549",
    "fillingDate": "2000-09-19",
    "acceptedDate": "2000-09-19 00:00:00",
    "calendarYear": "2000",
    "period": "Q4",
    "revenue": 374216000,
    "costOfRevenue": 205234000,
    "grossProfit": 168982000,
    "grossProfitRatio": 0.4515627338,
    "researchAndDevelopmentExpenses": 51466000,
    "generalAndAdministrativeExpenses": 0,
    "sellingAndMarketingExpenses": 0,
    "sellingGeneralAndAdministrativeExpenses": 47702000,
    "otherExpenses": -17008000,
    "operatingExpenses": 82160000,
    "costAndExpenses": 287394000,
    "interestIncome": 0,
    "interestExpense": 0,
    "depreciationAndAmortization": 12193000,
    "ebitda": 80607000,
    "ebitdaratio": 0.2154023345,
    "operatingIncome": 86822000,
    "operatingIncomeRatio": 0.2320103897,
    "totalOtherIncomeExpensesNet": 1958000,
    "incomeBeforeTax": 88780000,
    "incomeBeforeTaxRatio": 0.237242662,
    "incomeTaxExpense": 12429000,
    "netIncome": 76351000,
    "netIncomeRatio": 0.2040292238,
    "eps": 0.052,
    "epsdiluted": 0.052,
    "weightedAverageShsOut": 1463000000,
    "weightedAverageShsOutDil": 1463000000,
    "link": "https://www.sec.gov/Archives/edgar/data/707549/000070754900500008/0000707549-00-500008-index.htm",
    "finalLink": "https://www.sec.gov/Archives/edgar/data/707549/000070754900500008/form10k.htm"
  },
  {
    "date": "2000-03-26",
    "symbol": "LRCX",
    "reportedCurrency": "USD",
    "cik": "0000707549",
    "fillingDate": "2000-05-08",
    "acceptedDate": "2000-05-08 00:00:00",
    "calendarYear": "2000",
    "period": "Q3",
    "revenue": 326349000,
    "costOfRevenue": 182212000,
    "grossProfit": 144137000,
    "grossProfitRatio": 0.4416652112,
    "researchAndDevelopmentExpenses": 45881000,
    "generalAndAdministrativeExpenses": 0,
    "sellingAndMarketingExpenses": 0,
    "sellingGeneralAndAdministrativeExpenses": 41147000,
    "otherExpenses": -18932000,
    "operatingExpenses": 68096000,
    "costAndExpenses": 250308000,
    "interestIncome": 0,
    "interestExpense": 0,
    "depreciationAndAmortization": 10979000,
    "ebitda": 67239000,
    "ebitdaratio": 0.2060340311,
    "operatingIncome": 76041000,
    "operatingIncomeRatio": 0.2330051571,
    "totalOtherIncomeExpensesNet": 1883000,
    "incomeBeforeTax": 77924000,
    "incomeBeforeTaxRatio": 0.2387750537,
    "incomeTaxExpense": 10909000,
    "netIncome": 67015000,
    "netIncomeRatio": 0.2053476493,
    "eps": 0.055,
    "epsdiluted": 0.048,
    "weightedAverageShsOut": 1226460000,
    "weightedAverageShsOutDil": 1459310000,
    "link": "https://www.sec.gov/Archives/edgar/data/707549/000089161800002570/0000891618-00-002570-index.html",
    "finalLink": "https://www.sec.gov/Archives/edgar/data/707549/000089161800002570/"
  },
  {
    "date": "1999-12-26",
    "symbol": "LRCX",
    "reportedCurrency": "USD",
    "cik": "0000707549",
    "fillingDate": "2000-02-03",
    "acceptedDate": "2000-02-03 00:00:00",
    "calendarYear": "2000",
    "period": "Q2",
    "revenue": 288620000,
    "costOfRevenue": 162944000,
    "grossProfit": 125676000,
    "grossProfitRatio": 0.4354375996,
    "researchAndDevelopmentExpenses": 40284000,
    "generalAndAdministrativeExpenses": 0,
    "sellingAndMarketingExpenses": 0,
    "sellingGeneralAndAdministrativeExpenses": 38000000,
    "otherExpenses": 7460000,
    "operatingExpenses": 85744000,
    "costAndExpenses": 248688000,
    "interestIncome": 0,
    "interestExpense": 0,
    "depreciationAndAmortization": 11489000,
    "ebitda": 58881000,
    "ebitdaratio": 0.2040087312,
    "operatingIncome": 39932000,
    "operatingIncomeRatio": 0.1383549304,
    "totalOtherIncomeExpensesNet": 2752000,
    "incomeBeforeTax": 42684000,
    "incomeBeforeTaxRatio": 0.1478899591,
    "incomeTaxExpense": 5976000,
    "netIncome": 36708000,
    "netIncomeRatio": 0.1271845333,
    "eps": 0.0307,
    "epsdiluted": 0.0277,
    "weightedAverageShsOut": 1193430000,
    "weightedAverageShsOutDil": 1321710000,
    "link": "https://www.sec.gov/Archives/edgar/data/707549/000089161800000454/0000891618-00-000454-index.html",
    "finalLink": "https://www.sec.gov/Archives/edgar/data/707549/000089161800000454/"
  },
  {
    "date": "1999-09-26",
    "symbol": "LRCX",
    "reportedCurrency": "USD",
    "cik": "0000707549",
    "fillingDate": "1999-11-10",
    "acceptedDate": "1999-11-10 00:00:00",
    "calendarYear": "2000",
    "period": "Q1",
    "revenue": 241582000,
    "costOfRevenue": 140771000,
    "grossProfit": 100811000,
    "grossProfitRatio": 0.4172951627,
    "researchAndDevelopmentExpenses": 39264000,
    "generalAndAdministrativeExpenses": 0,
    "sellingAndMarketingExpenses": 0,
    "sellingGeneralAndAdministrativeExpenses": 34500000,
    "otherExpenses": 0,
    "operatingExpenses": 73764000,
    "costAndExpenses": 214535000,
    "interestIncome": 0,
    "interestExpense": 0,
    "depreciationAndAmortization": 11354000,
    "ebitda": 38401000,
    "ebitdaratio": 0.1589563792,
    "operatingIncome": 27047000,
    "operatingIncomeRatio": 0.1119578445,
    "totalOtherIncomeExpensesNet": 378000,
    "incomeBeforeTax": 27425000,
    "incomeBeforeTaxRatio": 0.1135225307,
    "incomeTaxExpense": 2743000,
    "netIncome": 24682000,
    "netIncomeRatio": 0.1021682079,
    "eps": 0.02,
    "epsdiluted": 0.019,
    "weightedAverageShsOut": 1173690000,
    "weightedAverageShsOutDil": 1278790000,
    "link": "https://www.sec.gov/Archives/edgar/data/707549/000089161899005017/0000891618-99-005017-index.html",
    "finalLink": "https://www.sec.gov/Archives/edgar/data/707549/000089161899005017/"
  },
  {
    "date": "1999-06-30",
    "symbol": "LRCX",
    "reportedCurrency": "USD",
    "cik": "0000707549",
    "fillingDate": "1999-09-24",
    "acceptedDate": "1999-09-24 00:00:00",
    "calendarYear": "1999",
    "period": "Q4",
    "revenue": 210885000,
    "costOfRevenue": 129071000,
    "grossProfit": 81814000,
    "grossProfitRatio": 0.3879555208,
    "researchAndDevelopmentExpenses": 37638000,
    "generalAndAdministrativeExpenses": 0,
    "sellingAndMarketingExpenses": 0,
    "sellingGeneralAndAdministrativeExpenses": 33109000,
    "otherExpenses": 0,
    "operatingExpenses": 70747000,
    "costAndExpenses": 199818000,
    "interestIncome": 0,
    "interestExpense": 0,
    "depreciationAndAmortization": 11927000,
    "ebitda": 22994000,
    "ebitdaratio": 0.1090357304,
    "operatingIncome": 11067000,
    "operatingIncomeRatio": 0.0524788392,
    "totalOtherIncomeExpensesNet": 282000,
    "incomeBeforeTax": 11349000,
    "incomeBeforeTaxRatio": 0.0538160609,
    "incomeTaxExpense": 0,
    "netIncome": 11349000,
    "netIncomeRatio": 0.0538160609,
    "eps": 0.0089,
    "epsdiluted": 0.0089,
    "weightedAverageShsOut": 1278000000,
    "weightedAverageShsOutDil": 1278000000,
    "link": "https://www.sec.gov/Archives/edgar/data/707549/000089161899004328/0000891618-99-004328-index.html",
    "finalLink": "https://www.sec.gov/Archives/edgar/data/707549/000089161899004328/"
  },
  {
    "date": "1999-03-31",
    "symbol": "LRCX",
    "reportedCurrency": "USD",
    "cik": "0000707549",
    "fillingDate": "1999-05-14",
    "acceptedDate": "1999-05-14 00:00:00",
    "calendarYear": "1999",
    "period": "Q3",
    "revenue": 152976000,
    "costOfRevenue": 98674000,
    "grossProfit": 54302000,
    "grossProfitRatio": 0.3549707144,
    "researchAndDevelopmentExpenses": 35751000,
    "generalAndAdministrativeExpenses": 0,
    "sellingAndMarketingExpenses": 0,
    "sellingGeneralAndAdministrativeExpenses": 33175000,
    "otherExpenses": 0,
    "operatingExpenses": 68926000,
    "costAndExpenses": 167600000,
    "interestIncome": 0,
    "interestExpense": 0,
    "depreciationAndAmortization": 10205000,
    "ebitda": -4419000,
    "ebitdaratio": -0.0288868842,
    "operatingIncome": -14624000,
    "operatingIncomeRatio": -0.0955966949,
    "totalOtherIncomeExpensesNet": -100000,
    "incomeBeforeTax": -14724000,
    "incomeBeforeTaxRatio": -0.0962503922,
    "incomeTaxExpense": 0,
    "netIncome": -14724000,
    "netIncomeRatio": -0.0962503922,
    "eps": -0.013,
    "epsdiluted": -0.013,
    "weightedAverageShsOut": 1161380000,
    "weightedAverageShsOutDil": 1161380000,
    "link": "https://www.sec.gov/Archives/edgar/data/707549/000089161899002271/0000891618-99-002271-index.html",
    "finalLink": "https://www.sec.gov/Archives/edgar/data/707549/"
  },
  {
    "date": "1998-12-31",
    "symbol": "LRCX",
    "reportedCurrency": "USD",
    "cik": "0000707549",
    "fillingDate": "1999-02-11",
    "acceptedDate": "1999-02-11 00:00:00",
    "calendarYear": "1999",
    "period": "Q2",
    "revenue": 141895000,
    "costOfRevenue": 94803000,
    "grossProfit": 47092000,
    "grossProfitRatio": 0.3318792065,
    "researchAndDevelopmentExpenses": 33992000,
    "generalAndAdministrativeExpenses": 0,
    "sellingAndMarketingExpenses": 0,
    "sellingGeneralAndAdministrativeExpenses": 37578000,
    "otherExpenses": 58372000,
    "operatingExpenses": 129942000,
    "costAndExpenses": 224745000,
    "interestIncome": 0,
    "interestExpense": 0,
    "depreciationAndAmortization": 13779000,
    "ebitda": -10699000,
    "ebitdaratio": -0.0754008246,
    "operatingIncome": -82850000,
    "operatingIncomeRatio": -0.5838824483,
    "totalOtherIncomeExpensesNet": 84000,
    "incomeBeforeTax": -82766000,
    "incomeBeforeTaxRatio": -0.5832904613,
    "incomeTaxExpense": 0,
    "netIncome": -82766000,
    "netIncomeRatio": -0.5832904613,
    "eps": -0.072,
    "epsdiluted": -0.072,
    "weightedAverageShsOut": 1153150000,
    "weightedAverageShsOutDil": 1153150000,
    "link": "https://www.sec.gov/Archives/edgar/data/707549/000089161899000442/0000891618-99-000442-index.html",
    "finalLink": "https://www.sec.gov/Archives/edgar/data/707549/0000891618-99-000442.txt"
  },
  {
    "date": "1998-09-30",
    "symbol": "LRCX",
    "reportedCurrency": "USD",
    "cik": "0000707549",
    "fillingDate": "1998-11-12",
    "acceptedDate": "1998-11-12 00:00:00",
    "calendarYear": "1999",
    "period": "Q1",
    "revenue": 142199000,
    "costOfRevenue": 92043000,
    "grossProfit": 50156000,
    "grossProfitRatio": 0.3527169671,
    "researchAndDevelopmentExpenses": 35114000,
    "generalAndAdministrativeExpenses": 0,
    "sellingAndMarketingExpenses": 0,
    "sellingGeneralAndAdministrativeExpenses": 41836000,
    "otherExpenses": 0,
    "operatingExpenses": 76950000,
    "costAndExpenses": 168993000,
    "interestIncome": 0,
    "interestExpense": 0,
    "depreciationAndAmortization": 15013000,
    "ebitda": -11781000,
    "ebitdaratio": -0.0828486839,
    "operatingIncome": -26794000,
    "operatingIncomeRatio": -0.1884260789,
    "totalOtherIncomeExpensesNet": 22000,
    "incomeBeforeTax": -26772000,
    "incomeBeforeTaxRatio": -0.1882713662,
    "incomeTaxExpense": -22000,
    "netIncome": -26772000,
    "netIncomeRatio": -0.1882713662,
    "eps": -0.023,
    "epsdiluted": -0.023,
    "weightedAverageShsOut": 1153150000,
    "weightedAverageShsOutDil": 1153150000,
    "link": "https://www.sec.gov/Archives/edgar/data/707549/000089161898004867/0000891618-98-004867-index.html",
    "finalLink": "https://www.sec.gov/Archives/edgar/data/707549/"
  },
  {
    "date": "1998-06-30",
    "symbol": "LRCX",
    "reportedCurrency": "USD",
    "cik": "0000707549",
    "fillingDate": "1998-09-24",
    "acceptedDate": "1998-09-24 00:00:00",
    "calendarYear": "1998",
    "period": "Q4",
    "revenue": 230586000,
    "costOfRevenue": 138135000,
    "grossProfit": 92451000,
    "grossProfitRatio": 0.4009393458,
    "researchAndDevelopmentExpenses": 48949000,
    "generalAndAdministrativeExpenses": 0,
    "sellingAndMarketingExpenses": 0,
    "sellingGeneralAndAdministrativeExpenses": 47704000,
    "otherExpenses": 63962000,
    "operatingExpenses": 160615000,
    "costAndExpenses": 298750000,
    "interestIncome": 0,
    "interestExpense": 0,
    "depreciationAndAmortization": 13900000,
    "ebitda": 22078000,
    "ebitdaratio": 0.0957473567,
    "operatingIncome": -68164000,
    "operatingIncomeRatio": -0.2956120493,
    "totalOtherIncomeExpensesNet": 1458000,
    "incomeBeforeTax": -66706000,
    "incomeBeforeTaxRatio": -0.2892890288,
    "incomeTaxExpense": -818000,
    "netIncome": -65888000,
    "netIncomeRatio": -0.2857415455,
    "eps": -0.057,
    "epsdiluted": -0.057,
    "weightedAverageShsOut": 1149750000,
    "weightedAverageShsOutDil": 1153150000,
    "link": "https://www.sec.gov/Archives/edgar/data/707549/000089161898004288/0000891618-98-004288-index.html",
    "finalLink": "https://www.sec.gov/Archives/edgar/data/707549/"
  },
  {
    "date": "1998-03-31",
    "symbol": "LRCX",
    "reportedCurrency": "USD",
    "cik": "0000707549",
    "fillingDate": "1998-05-12",
    "acceptedDate": "1998-05-12 00:00:00",
    "calendarYear": "1998",
    "period": "Q3",
    "revenue": 240018000,
    "costOfRevenue": 152476000,
    "grossProfit": 87542000,
    "grossProfitRatio": 0.3647309785,
    "researchAndDevelopmentExpenses": 48856000,
    "generalAndAdministrativeExpenses": 0,
    "sellingAndMarketingExpenses": 0,
    "sellingGeneralAndAdministrativeExpenses": 47537000,
    "otherExpenses": 96996000,
    "operatingExpenses": 193389000,
    "costAndExpenses": 345865000,
    "interestIncome": 0,
    "interestExpense": 0,
    "depreciationAndAmortization": 16254000,
    "ebitda": 26967000,
    "ebitdaratio": 0.1123540734,
    "operatingIncome": -105847000,
    "operatingIncomeRatio": -0.440996092,
    "totalOtherIncomeExpensesNet": 1605000,
    "incomeBeforeTax": -104242000,
    "incomeBeforeTaxRatio": -0.4343090935,
    "incomeTaxExpense": -34178000,
    "netIncome": -70064000,
    "netIncomeRatio": -0.29191144,
    "eps": -0.061,
    "epsdiluted": -0.061,
    "weightedAverageShsOut": 1141890000,
    "weightedAverageShsOutDil": 1141890000,
    "link": "https://www.sec.gov/Archives/edgar/data/707549/000089161898002267/0000891618-98-002267-index.html",
    "finalLink": "https://www.sec.gov/Archives/edgar/data/707549/"
  },
  {
    "date": "1997-12-31",
    "symbol": "LRCX",
    "reportedCurrency": "USD",
    "cik": "0000707549",
    "fillingDate": "1998-02-13",
    "acceptedDate": "1998-02-13 00:00:00",
    "calendarYear": "1998",
    "period": "Q2",
    "revenue": 292056000,
    "costOfRevenue": 162000000,
    "grossProfit": 130100000,
    "grossProfitRatio": 0.445462514,
    "researchAndDevelopmentExpenses": 54474000,
    "generalAndAdministrativeExpenses": 0,
    "sellingAndMarketingExpenses": 0,
    "sellingGeneralAndAdministrativeExpenses": 53455000,
    "otherExpenses": 17071000,
    "operatingExpenses": 125000000,
    "costAndExpenses": 287000000,
    "interestIncome": 0,
    "interestExpense": 0,
    "depreciationAndAmortization": 16963000,
    "ebitda": 22100000,
    "ebitdaratio": 0.0756704194,
    "operatingIncome": 5100000,
    "operatingIncomeRatio": 0.0174624045,
    "totalOtherIncomeExpensesNet": -400000,
    "incomeBeforeTax": 4701000,
    "incomeBeforeTaxRatio": 0.0160962281,
    "incomeTaxExpense": 1176000,
    "netIncome": 3525000,
    "netIncomeRatio": 0.0120696031,
    "eps": 0.003,
    "epsdiluted": 0.003,
    "weightedAverageShsOut": 1166666670,
    "weightedAverageShsOutDil": 1166666670,
    "link": "https://www.sec.gov/Archives/edgar/data/707549/000089161898000701/0000891618-98-000701-index.html",
    "finalLink": "https://www.sec.gov/Archives/edgar/data/707549/0000891618-98-000701.txt"
  },
  {
    "date": "1997-09-30",
    "symbol": "LRCX",
    "reportedCurrency": "USD",
    "cik": "0000707549",
    "fillingDate": "1997-11-14",
    "acceptedDate": "1997-11-14 00:00:00",
    "calendarYear": "1998",
    "period": "Q1",
    "revenue": 289926000,
    "costOfRevenue": 176940000,
    "grossProfit": 112986000,
    "grossProfitRatio": 0.3897063389,
    "researchAndDevelopmentExpenses": 54177000,
    "generalAndAdministrativeExpenses": 0,
    "sellingAndMarketingExpenses": 0,
    "sellingGeneralAndAdministrativeExpenses": 53204000,
    "otherExpenses": 17685000,
    "operatingExpenses": 125066000,
    "costAndExpenses": 302006000,
    "interestIncome": 0,
    "interestExpense": 0,
    "depreciationAndAmortization": 15148000,
    "ebitda": 20753000,
    "ebitdaratio": 0.0715803343,
    "operatingIncome": -12080000,
    "operatingIncomeRatio": -0.0416658044,
    "totalOtherIncomeExpensesNet": -798000,
    "incomeBeforeTax": -12878000,
    "incomeBeforeTaxRatio": -0.0444182309,
    "incomeTaxExpense": -706000,
    "netIncome": -12172000,
    "netIncomeRatio": -0.0419831267,
    "eps": -0.011,
    "epsdiluted": -0.011,
    "weightedAverageShsOut": 1129120000,
    "weightedAverageShsOutDil": 1129120000,
    "link": "https://www.sec.gov/Archives/edgar/data/707549/000089161897004665/0000891618-97-004665-index.html",
    "finalLink": "https://www.sec.gov/Archives/edgar/data/707549/"
  },
  {
    "date": "1997-06-30",
    "symbol": "LRCX",
    "reportedCurrency": "USD",
    "cik": "0000707549",
    "fillingDate": "1997-09-26",
    "acceptedDate": "1997-09-26 00:00:00",
    "calendarYear": "1997",
    "period": "Q4",
    "revenue": 262687000,
    "costOfRevenue": 164414000,
    "grossProfit": 98273000,
    "grossProfitRatio": 0.3741068268,
    "researchAndDevelopmentExpenses": 46408000,
    "generalAndAdministrativeExpenses": 0,
    "sellingAndMarketingExpenses": 0,
    "sellingGeneralAndAdministrativeExpenses": 54425000,
    "otherExpenses": 0,
    "operatingExpenses": 100833000,
    "costAndExpenses": 265247000,
    "interestIncome": 0,
    "interestExpense": 0,
    "depreciationAndAmortization": 10284000,
    "ebitda": 7724000,
    "ebitdaratio": 0.0294038152,
    "operatingIncome": -2560000,
    "operatingIncomeRatio": -0.0097454385,
    "totalOtherIncomeExpensesNet": -272000,
    "incomeBeforeTax": -2832000,
    "incomeBeforeTaxRatio": -0.0107808913,
    "incomeTaxExpense": -874000,
    "netIncome": -1958000,
    "netIncomeRatio": -0.0074537377,
    "eps": -0.0017,
    "epsdiluted": -0.0017,
    "weightedAverageShsOut": 1129120000,
    "weightedAverageShsOutDil": 1129120000,
    "link": "https://www.sec.gov/Archives/edgar/data/707549/000101287097001869/0001012870-97-001869-index.html",
    "finalLink": "https://www.sec.gov/Archives/edgar/data/707549/"
  },
  {
    "date": "1997-03-31",
    "symbol": "LRCX",
    "reportedCurrency": "USD",
    "cik": "0000707549",
    "fillingDate": "1997-05-14",
    "acceptedDate": "1997-05-14 00:00:00",
    "calendarYear": "1997",
    "period": "Q3",
    "revenue": 215602000,
    "costOfRevenue": 204160000,
    "grossProfit": 11442000,
    "grossProfitRatio": 0.0530700086,
    "researchAndDevelopmentExpenses": 43845000,
    "generalAndAdministrativeExpenses": 0,
    "sellingAndMarketingExpenses": 0,
    "sellingGeneralAndAdministrativeExpenses": 48096000,
    "otherExpenses": 0,
    "operatingExpenses": 91941000,
    "costAndExpenses": 296101000,
    "interestIncome": 0,
    "interestExpense": 0,
    "depreciationAndAmortization": 19659000,
    "ebitda": -60840000,
    "ebitdaratio": -0.2821866216,
    "operatingIncome": -80499000,
    "operatingIncomeRatio": -0.3733685216,
    "totalOtherIncomeExpensesNet": -155000,
    "incomeBeforeTax": -80654000,
    "incomeBeforeTaxRatio": -0.3740874389,
    "incomeTaxExpense": -35875000,
    "netIncome": -44779000,
    "netIncomeRatio": -0.2076928785,
    "eps": -0.04,
    "epsdiluted": -0.04,
    "weightedAverageShsOut": 1105000000,
    "weightedAverageShsOutDil": 1105000000,
    "link": "https://www.sec.gov/Archives/edgar/data/707549/000101287097001002/0001012870-97-001002-index.html",
    "finalLink": "https://www.sec.gov/Archives/edgar/data/707549/"
  },
  {
    "date": "1996-12-31",
    "symbol": "LRCX",
    "reportedCurrency": "USD",
    "cik": "0000707549",
    "fillingDate": "1997-02-12",
    "acceptedDate": "1997-02-12 00:00:00",
    "calendarYear": "1997",
    "period": "Q2",
    "revenue": 241356000,
    "costOfRevenue": 153232000,
    "grossProfit": 88124000,
    "grossProfitRatio": 0.3651204031,
    "researchAndDevelopmentExpenses": 38846000,
    "generalAndAdministrativeExpenses": 0,
    "sellingAndMarketingExpenses": 0,
    "sellingGeneralAndAdministrativeExpenses": 45686000,
    "otherExpenses": 0,
    "operatingExpenses": 84532000,
    "costAndExpenses": 237764000,
    "interestIncome": 0,
    "interestExpense": 0,
    "depreciationAndAmortization": 11143000,
    "ebitda": 14735000,
    "ebitdaratio": 0.0610508958,
    "operatingIncome": 3592000,
    "operatingIncomeRatio": 0.0148825801,
    "totalOtherIncomeExpensesNet": -547000,
    "incomeBeforeTax": 3045000,
    "incomeBeforeTaxRatio": 0.0126162184,
    "incomeTaxExpense": 552000,
    "netIncome": 2493000,
    "netIncomeRatio": 0.0103291404,
    "eps": 0.002,
    "epsdiluted": 0.002,
    "weightedAverageShsOut": 927920000,
    "weightedAverageShsOutDil": 927920000,
    "link": "https://www.sec.gov/Archives/edgar/data/707549/000101287097000226/0001012870-97-000226-index.html",
    "finalLink": "https://www.sec.gov/Archives/edgar/data/707549/"
  },
  {
    "date": "1996-09-30",
    "symbol": "LRCX",
    "reportedCurrency": "USD",
    "cik": "0000707549",
    "fillingDate": "1996-11-13",
    "acceptedDate": "1996-11-13 00:00:00",
    "calendarYear": "1997",
    "period": "Q1",
    "revenue": 282759000,
    "costOfRevenue": 167653000,
    "grossProfit": 115106000,
    "grossProfitRatio": 0.407081649,
    "researchAndDevelopmentExpenses": 41525000,
    "generalAndAdministrativeExpenses": 0,
    "sellingAndMarketingExpenses": 0,
    "sellingGeneralAndAdministrativeExpenses": 48882000,
    "otherExpenses": 9021000,
    "operatingExpenses": 99428000,
    "costAndExpenses": 267081000,
    "interestIncome": 0,
    "interestExpense": 0,
    "depreciationAndAmortization": 12023000,
    "ebitda": 36722000,
    "ebitdaratio": 0.1298703136,
    "operatingIncome": 15678000,
    "operatingIncomeRatio": 0.055446511,
    "totalOtherIncomeExpensesNet": -515000,
    "incomeBeforeTax": 15163000,
    "incomeBeforeTaxRatio": 0.053625172,
    "incomeTaxExpense": 4553000,
    "netIncome": 10610000,
    "netIncomeRatio": 0.0375231204,
    "eps": 0.011,
    "epsdiluted": 0.01,
    "weightedAverageShsOut": 918910000,
    "weightedAverageShsOutDil": 918910000,
    "link": "https://www.sec.gov/Archives/edgar/data/707549/000101287096000636/0001012870-96-000636-index.html",
    "finalLink": "https://www.sec.gov/Archives/edgar/data/707549/"
  },
  {
    "date": "1996-06-30",
    "symbol": "LRCX",
    "reportedCurrency": "USD",
    "cik": "0000707549",
    "fillingDate": "1996-09-23",
    "acceptedDate": "1996-09-23 00:00:00",
    "calendarYear": "1996",
    "period": "Q4",
    "revenue": 369793000,
    "costOfRevenue": 201298000,
    "grossProfit": 168495000,
    "grossProfitRatio": 0.4556468078,
    "researchAndDevelopmentExpenses": 51115000,
    "generalAndAdministrativeExpenses": 0,
    "sellingAndMarketingExpenses": 0,
    "sellingGeneralAndAdministrativeExpenses": 64239000,
    "otherExpenses": -6691000,
    "operatingExpenses": 108663000,
    "costAndExpenses": 309961000,
    "interestIncome": 0,
    "interestExpense": 0,
    "depreciationAndAmortization": 10469000,
    "ebitda": 70301000,
    "ebitdaratio": 0.190109061,
    "operatingIncome": 59832000,
    "operatingIncomeRatio": 0.1617986279,
    "totalOtherIncomeExpensesNet": -1659000,
    "incomeBeforeTax": 58173000,
    "incomeBeforeTaxRatio": 0.1573123342,
    "incomeTaxExpense": 19677000,
    "netIncome": 38496000,
    "netIncomeRatio": 0.1041014838,
    "eps": 0.042,
    "epsdiluted": 0.042,
    "weightedAverageShsOut": 918910000,
    "weightedAverageShsOutDil": 918910000,
    "link": "https://www.sec.gov/Archives/edgar/data/707549/000091205796020899/0000912057-96-020899-index.html",
    "finalLink": "https://www.sec.gov/Archives/edgar/data/707549/"
  },
  {
    "date": "1996-03-31",
    "symbol": "LRCX",
    "reportedCurrency": "USD",
    "cik": "0000707549",
    "fillingDate": "1996-05-15",
    "acceptedDate": "1996-05-15 00:00:00",
    "calendarYear": "1996",
    "period": "Q3",
    "revenue": 342335000,
    "costOfRevenue": 178669000,
    "grossProfit": 163666000,
    "grossProfitRatio": 0.4780872537,
    "researchAndDevelopmentExpenses": 46861000,
    "generalAndAdministrativeExpenses": 0,
    "sellingAndMarketingExpenses": 0,
    "sellingGeneralAndAdministrativeExpenses": 63354000,
    "otherExpenses": -4304000,
    "operatingExpenses": 105911000,
    "costAndExpenses": 284580000,
    "interestIncome": 0,
    "interestExpense": 0,
    "depreciationAndAmortization": 8484000,
    "ebitda": 66239000,
    "ebitdaratio": 0.1934917552,
    "operatingIncome": 57755000,
    "operatingIncomeRatio": 0.1687090131,
    "totalOtherIncomeExpensesNet": -922000,
    "incomeBeforeTax": 56833000,
    "incomeBeforeTaxRatio": 0.1660157448,
    "incomeTaxExpense": 18184000,
    "netIncome": 38649000,
    "netIncomeRatio": 0.1128981845,
    "eps": 0.046,
    "epsdiluted": 0.043,
    "weightedAverageShsOut": 846840000,
    "weightedAverageShsOutDil": 926420000,
    "link": "https://www.sec.gov/Archives/edgar/data/707549/000091205796009716/0000912057-96-009716-index.html",
    "finalLink": "https://www.sec.gov/Archives/edgar/data/707549/"
  },
  {
    "date": "1995-12-31",
    "symbol": "LRCX",
    "reportedCurrency": "USD",
    "cik": "0000707549",
    "fillingDate": "1996-02-13",
    "acceptedDate": "1996-02-13 00:00:00",
    "calendarYear": "1996",
    "period": "Q2",
    "revenue": 284195000,
    "costOfRevenue": 148507000,
    "grossProfit": 135688000,
    "grossProfitRatio": 0.4774468235,
    "researchAndDevelopmentExpenses": 39054000,
    "generalAndAdministrativeExpenses": 0,
    "sellingAndMarketingExpenses": 0,
    "sellingGeneralAndAdministrativeExpenses": 52578000,
    "otherExpenses": -6322000,
    "operatingExpenses": 85310000,
    "costAndExpenses": 233817000,
    "interestIncome": 0,
    "interestExpense": 0,
    "depreciationAndAmortization": 7650000,
    "ebitda": 58028000,
    "ebitdaratio": 0.2041837471,
    "operatingIncome": 50378000,
    "operatingIncomeRatio": 0.1772656099,
    "totalOtherIncomeExpensesNet": -1145000,
    "incomeBeforeTax": 49233000,
    "incomeBeforeTaxRatio": 0.1732366861,
    "incomeTaxExpense": 15754000,
    "netIncome": 33479000,
    "netIncomeRatio": 0.117802917,
    "eps": 0.039,
    "epsdiluted": 0.037,
    "weightedAverageShsOut": 849840000,
    "weightedAverageShsOutDil": 927170000,
    "link": "https://www.sec.gov/Archives/edgar/data/707549/000091205796002301/0000912057-96-002301-index.html",
    "finalLink": "https://www.sec.gov/Archives/edgar/data/707549/"
  },
  {
    "date": "1995-09-30",
    "symbol": "LRCX",
    "reportedCurrency": "USD",
    "cik": "0000707549",
    "fillingDate": "1995-11-13",
    "acceptedDate": "1995-11-13 00:00:00",
    "calendarYear": "1996",
    "period": "Q1",
    "revenue": 257747000,
    "costOfRevenue": 134707000,
    "grossProfit": 123040000,
    "grossProfitRatio": 0.4773673408,
    "researchAndDevelopmentExpenses": 35983000,
    "generalAndAdministrativeExpenses": 0,
    "sellingAndMarketingExpenses": 0,
    "sellingGeneralAndAdministrativeExpenses": 47584000,
    "otherExpenses": -5497000,
    "operatingExpenses": 78070000,
    "costAndExpenses": 212777000,
    "interestIncome": 0,
    "interestExpense": 0,
    "depreciationAndAmortization": 7153000,
    "ebitda": 52123000,
    "ebitdaratio": 0.2022254381,
    "operatingIncome": 44970000,
    "operatingIncomeRatio": 0.1744734177,
    "totalOtherIncomeExpensesNet": -172000,
    "incomeBeforeTax": 44798000,
    "incomeBeforeTaxRatio": 0.1738060967,
    "incomeTaxExpense": 14331000,
    "netIncome": 30467000,
    "netIncomeRatio": 0.1182050616,
    "eps": 0.036,
    "epsdiluted": 0.033,
    "weightedAverageShsOut": 852850000,
    "weightedAverageShsOutDil": 934680000,
    "link": "https://www.sec.gov/Archives/edgar/data/707549/000091205795009767/0000912057-95-009767-index.html",
    "finalLink": "https://www.sec.gov/Archives/edgar/data/707549/"
  }
]