[
  {
    "date": "2025-06-29",
    "symbol": "LRCX",
    "reportedCurrency": "USD",
    "cik": "0000707549",
    "fillingDate": "2025-08-11",
    "acceptedDate": "2025-08-11 16:35:11",
    "calendarYear": "2025",
    "period": "FY",
    "revenue": 18435591000,
    "costOfRevenue": 9456532000,
    "grossProfit": 8979059000,
    "grossProfitRatio": 0.4870502389,
    "researchAndDevelopmentExpenses": 2096387000,
    "generalAndAdministrativeExpenses": 0,
    "sellingAndMarketingExpenses": 0,
    "sellingGeneralAndAdministrativeExpenses": 981704000,
    "otherExpenses": 0,
    "operatingExpenses": 3078091000,
    "costAndExpenses": 12534623000,
    "interestIncome": 231331000,
    "interestExpense": 178203000,
    "depreciationAndAmortization": 386277000,
    "ebitda": 6344406000,
    "ebitdaratio": 0.3441390081,
    "operatingIncome": 5900968000,
    "operatingIncomeRatio": 0.320085643,
    "totalOtherIncomeExpensesNet": 57161000,
    "incomeBeforeTax": 5958129000,
    "incomeBeforeTaxRatio": 0.3231862217,
    "incomeTaxExpense": 599912000,
    "netIncome": 5358217000,
    "netIncomeRatio": 0.2906452524,
    "eps": 4.17,
    "epsdiluted": 4.15,
    "weightedAverageShsOut": 1286101000,
    "weightedAverageShsOutDil": 1290142000,
    "link": "https://www.sec.gov/Archives/edgar/data/707549/000070754925000075/0000707549-25-000075-index.htm",
    "finalLink": "https://www.sec.gov/Archives/edgar/data/707549/000070754925000075/lrcx-20250629.htm"
  },
  {
    "date": "2024-06-30",
    "symbol": "LRCX",
    "reportedCurrency": "USD",
    "cik": "0000707549",
    "fillingDate": "2024-08-29",
    "acceptedDate": "2024-08-29 14:10:55",
    "calendarYear": "2024",
    "period": "FY",
    "revenue": 14905386000,
    "costOfRevenue": 7852595000,
    "grossProfit": 7052791000,
    "grossProfitRatio": 0.4731706378,
    "researchAndDevelopmentExpenses": 1902444000,
    "generalAndAdministrativeExpenses": 0,
    "sellingAndMarketingExpenses": 0,
    "sellingGeneralAndAdministrativeExpenses": 868247000,
    "otherExpenses": 18187000,
    "operatingExpenses": 2788878000,
    "costAndExpenses": 10641473000,
    "interestIncome": 251938000,
    "interestExpense": 185236000,
    "depreciationAndAmortization": 359699000,
    "ebitda": 4905157000,
    "ebitdaratio": 0.3290862109,
    "operatingIncome": 4263913000,
    "operatingIncomeRatio": 0.2860652518,
    "totalOtherIncomeExpensesNet": 96309000,
    "incomeBeforeTax": 4360222000,
    "incomeBeforeTaxRatio": 0.2925266075,
    "incomeTaxExpense": 532450000,
    "netIncome": 3827772000,
    "netIncomeRatio": 0.2568046208,
    "eps": 2.91,
    "epsdiluted": 2.9,
    "weightedAverageShsOut": 1314100000,
    "weightedAverageShsOutDil": 1319950000,
    "link": "https://www.sec.gov/Archives/edgar/data/707549/000070754924000106/0000707549-24-000106-index.htm",
    "finalLink": "https://www.sec.gov/Archives/edgar/data/707549/000070754924000106/lrcx-20240630.htm"
  },
  {
    "date": "2023-06-25",
    "symbol": "LRCX",
    "reportedCurrency": "USD",
    "cik": "0000707549",
    "fillingDate": "2023-08-15",
    "acceptedDate": "2023-08-15 16:04:08",
    "calendarYear": "2023",
    "period": "FY",
    "revenue": 17426706000,
    "costOfRevenue": 9651591000,
    "grossProfit": 7776925000,
    "grossProfitRatio": 0.4462647732,
    "researchAndDevelopmentExpenses": 1727162000,
    "generalAndAdministrativeExpenses": 0,
    "sellingAndMarketingExpenses": 0,
    "sellingGeneralAndAdministrativeExpenses": 832753000,
    "otherExpenses": 42150000,
    "operatingExpenses": 2602065000,
    "costAndExpenses": 12253656000,
    "interestIncome": 138984000,
    "interestExpense": 186462000,
    "depreciationAndAmortization": 342432000,
    "ebitda": 5638104000,
    "ebitdaratio": 0.3235323991,
    "operatingIncome": 5174860000,
    "operatingIncomeRatio": 0.2969499801,
    "totalOtherIncomeExpensesNet": -65650000,
    "incomeBeforeTax": 5109210000,
    "incomeBeforeTaxRatio": 0.2931827736,
    "incomeTaxExpense": 598279000,
    "netIncome": 4510931000,
    "netIncomeRatio": 0.2588516154,
    "eps": 3.33,
    "epsdiluted": 3.32,
    "weightedAverageShsOut": 1354720000,
    "weightedAverageShsOutDil": 1358340000,
    "link": "https://www.sec.gov/Archives/edgar/data/707549/000070754923000102/0000707549-23-000102-index.htm",
    "finalLink": "https://www.sec.gov/Archives/edgar/data/707549/000070754923000102/lrcx-20230625.htm"
  },
  {
    "date": "2022-06-26",
    "symbol": "LRCX",
    "reportedCurrency": "USD",
    "cik": "0000707549",
    "fillingDate": "2022-08-24",
    "acceptedDate": "2022-08-24 16:09:20",
    "calendarYear": "2022",
    "period": "FY",
    "revenue": 17227039000,
    "costOfRevenue": 9355232000,
    "grossProfit": 7871807000,
    "grossProfitRatio": 0.4569448644,
    "researchAndDevelopmentExpenses": 1604248000,
    "generalAndAdministrativeExpenses": 0,
    "sellingAndMarketingExpenses": 0,
    "sellingGeneralAndAdministrativeExpenses": 885737000,
    "otherExpenses": 0,
    "operatingExpenses": 2489985000,
    "costAndExpenses": 11845217000,
    "interestIncome": 15209000,
    "interestExpense": 184759000,
    "depreciationAndAmortization": 333739000,
    "ebitda": 5711612000,
    "ebitdaratio": 0.3315492581,
    "operatingIncome": 5381822000,
    "operatingIncomeRatio": 0.3124055155,
    "totalOtherIncomeExpensesNet": -188708000,
    "incomeBeforeTax": 5193114000,
    "incomeBeforeTaxRatio": 0.3014513405,
    "incomeTaxExpense": 587828000,
    "netIncome": 4605286000,
    "netIncomeRatio": 0.2673289356,
    "eps": 3.29,
    "epsdiluted": 3.28,
    "weightedAverageShsOut": 1398990000,
    "weightedAverageShsOutDil": 1406280000,
    "link": "https://www.sec.gov/Archives/edgar/data/707549/000070754922000107/0000707549-22-000107-index.htm",
    "finalLink": "https://www.sec.gov/Archives/edgar/data/707549/000070754922000107/lrcx-20220626.htm"
  },
  {
    "date": "2021-06-27",
    "symbol": "LRCX",
    "reportedCurrency": "USD",
    "cik": "0000707549",
    "fillingDate": "2021-08-17",
    "acceptedDate": "2021-08-17 16:06:57",
    "calendarYear": "2021",
    "period": "FY",
    "revenue": 14626150000,
    "costOfRevenue": 7820844000,
    "grossProfit": 6805306000,
    "grossProfitRatio": 0.465283482,
    "researchAndDevelopmentExpenses": 1493408000,
    "generalAndAdministrativeExpenses": 0,
    "sellingAndMarketingExpenses": 0,
    "sellingGeneralAndAdministrativeExpenses": 829875000,
    "otherExpenses": 0,
    "operatingExpenses": 2323283000,
    "costAndExpenses": 10144127000,
    "interestIncome": 19687000,
    "interestExpense": 208597000,
    "depreciationAndAmortization": 307151000,
    "ebitda": 4886552000,
    "ebitdaratio": 0.3340969428,
    "operatingIncome": 4482023000,
    "operatingIncomeRatio": 0.3064390151,
    "totalOtherIncomeExpensesNet": -111219000,
    "incomeBeforeTax": 4370804000,
    "incomeBeforeTaxRatio": 0.298834895,
    "incomeTaxExpense": 462346000,
    "netIncome": 3908458000,
    "netIncomeRatio": 0.267223979,
    "eps": 2.72,
    "epsdiluted": 2.69,
    "weightedAverageShsOut": 1436090000,
    "weightedAverageShsOutDil": 1453200000,
    "link": "https://www.sec.gov/Archives/edgar/data/707549/000070754921000136/0000707549-21-000136-index.htm",
    "finalLink": "https://www.sec.gov/Archives/edgar/data/707549/000070754921000136/lrcx-20210627.htm"
  },
  {
    "date": "2020-06-28",
    "symbol": "LRCX",
    "reportedCurrency": "USD",
    "cik": "0000707549",
    "fillingDate": "2020-08-18",
    "acceptedDate": "2020-08-18 16:30:43",
    "calendarYear": "2020",
    "period": "FY",
    "revenue": 10044736000,
    "costOfRevenue": 5436043000,
    "grossProfit": 4608693000,
    "grossProfitRatio": 0.4588167374,
    "researchAndDevelopmentExpenses": 1252412000,
    "generalAndAdministrativeExpenses": 0,
    "sellingAndMarketingExpenses": 0,
    "sellingGeneralAndAdministrativeExpenses": 682479000,
    "otherExpenses": 0,
    "operatingExpenses": 1934891000,
    "costAndExpenses": 7370934000,
    "interestIncome": 85433000,
    "interestExpense": 177440000,
    "depreciationAndAmortization": 268525000,
    "ebitda": 3020943000,
    "ebitdaratio": 0.3007488699,
    "operatingIncome": 2673802000,
    "operatingIncomeRatio": 0.2661893752,
    "totalOtherIncomeExpensesNet": -98824000,
    "incomeBeforeTax": 2574978000,
    "incomeBeforeTaxRatio": 0.2563509882,
    "incomeTaxExpense": 323225000,
    "netIncome": 2251753000,
    "netIncomeRatio": 0.2241724422,
    "eps": 1.56,
    "epsdiluted": 1.51,
    "weightedAverageShsOut": 1448140000,
    "weightedAverageShsOutDil": 1490900000,
    "link": "https://www.sec.gov/Archives/edgar/data/707549/000070754920000138/0000707549-20-000138-index.htm",
    "finalLink": "https://www.sec.gov/Archives/edgar/data/707549/000070754920000138/lrcx10k2020document.htm"
  },
  {
    "date": "2019-06-30",
    "symbol": "LRCX",
    "reportedCurrency": "USD",
    "cik": "0000707549",
    "fillingDate": "2019-08-20",
    "acceptedDate": "2019-08-20 16:15:59",
    "calendarYear": "2019",
    "period": "FY",
    "revenue": 9653559000,
    "costOfRevenue": 5295100000,
    "grossProfit": 4358459000,
    "grossProfitRatio": 0.4514872701,
    "researchAndDevelopmentExpenses": 1191320000,
    "generalAndAdministrativeExpenses": 0,
    "sellingAndMarketingExpenses": 0,
    "sellingGeneralAndAdministrativeExpenses": 702407000,
    "otherExpenses": 0,
    "operatingExpenses": 1893727000,
    "costAndExpenses": 7188827000,
    "interestIncome": 98771000,
    "interestExpense": 117263000,
    "depreciationAndAmortization": 309281000,
    "ebitda": 2873115000,
    "ebitdaratio": 0.2976223588,
    "operatingIncome": 2464732000,
    "operatingIncomeRatio": 0.2553184789,
    "totalOtherIncomeExpensesNet": -18161000,
    "incomeBeforeTax": 2446571000,
    "incomeBeforeTaxRatio": 0.2534372038,
    "incomeTaxExpense": 255141000,
    "netIncome": 2191430000,
    "netIncomeRatio": 0.2270074695,
    "eps": 1.44,
    "epsdiluted": 1.37,
    "weightedAverageShsOut": 1524780000,
    "weightedAverageShsOutDil": 1599150000,
    "link": "https://www.sec.gov/Archives/edgar/data/707549/000070754919000124/0000707549-19-000124-index.htm",
    "finalLink": "https://www.sec.gov/Archives/edgar/data/707549/000070754919000124/lrcx10k2019document.htm"
  },
  {
    "date": "2018-06-24",
    "symbol": "LRCX",
    "reportedCurrency": "USD",
    "cik": "0000707549",
    "fillingDate": "2018-08-14",
    "acceptedDate": "2018-08-14 16:18:51",
    "calendarYear": "2018",
    "period": "FY",
    "revenue": 11076998000,
    "costOfRevenue": 5911966000,
    "grossProfit": 5165032000,
    "grossProfitRatio": 0.4662844572,
    "researchAndDevelopmentExpenses": 1189514000,
    "generalAndAdministrativeExpenses": 0,
    "sellingAndMarketingExpenses": 0,
    "sellingGeneralAndAdministrativeExpenses": 762219000,
    "otherExpenses": 0,
    "operatingExpenses": 1951733000,
    "costAndExpenses": 7863699000,
    "interestIncome": 85813000,
    "interestExpense": 97387000,
    "depreciationAndAmortization": 326395000,
    "ebitda": 3575571000,
    "ebitdaratio": 0.3227924208,
    "operatingIncome": 3213299000,
    "operatingIncomeRatio": 0.2900875309,
    "totalOtherIncomeExpensesNet": -61510000,
    "incomeBeforeTax": 3151789000,
    "incomeBeforeTaxRatio": 0.2845345824,
    "incomeTaxExpense": 771108000,
    "netIncome": 2380681000,
    "netIncomeRatio": 0.2149211366,
    "eps": 1.47,
    "epsdiluted": 1.32,
    "weightedAverageShsOut": 1807654510,
    "weightedAverageShsOutDil": 1807820000,
    "link": "https://www.sec.gov/Archives/edgar/data/707549/000070754918000115/0000707549-18-000115-index.htm",
    "finalLink": "https://www.sec.gov/Archives/edgar/data/707549/000070754918000115/lrcx_10kx2018xdocument.htm"
  },
  {
    "date": "2017-06-25",
    "symbol": "LRCX",
    "reportedCurrency": "USD",
    "cik": "0000707549",
    "fillingDate": "2017-08-15",
    "acceptedDate": "2017-08-15 16:08:17",
    "calendarYear": "2017",
    "period": "FY",
    "revenue": 8013620000,
    "costOfRevenue": 4410261000,
    "grossProfit": 3603359000,
    "grossProfitRatio": 0.4496543385,
    "researchAndDevelopmentExpenses": 1033742000,
    "generalAndAdministrativeExpenses": 0,
    "sellingAndMarketingExpenses": 0,
    "sellingGeneralAndAdministrativeExpenses": 667485000,
    "otherExpenses": 0,
    "operatingExpenses": 1701227000,
    "costAndExpenses": 6111488000,
    "interestIncome": 57858000,
    "interestExpense": 117734000,
    "depreciationAndAmortization": 306905000,
    "ebitda": 2236312000,
    "ebitdaratio": 0.2790638937,
    "operatingIncome": 1902132000,
    "operatingIncomeRatio": 0.2373623905,
    "totalOtherIncomeExpensesNet": -90459000,
    "incomeBeforeTax": 1811673000,
    "incomeBeforeTaxRatio": 0.2260742336,
    "incomeTaxExpense": 113910000,
    "netIncome": 1697763000,
    "netIncomeRatio": 0.2118596839,
    "eps": 1.05,
    "epsdiluted": 0.92,
    "weightedAverageShsOut": 1622220000,
    "weightedAverageShsOutDil": 1837700000,
    "link": "https://www.sec.gov/Archives/edgar/data/707549/000070754917000100/0000707549-17-000100-index.htm",
    "finalLink": "https://www.sec.gov/Archives/edgar/data/707549/000070754917000100/lrcx_10kx2017xdocument.htm"
  },
  {
    "date": "2016-06-26",
    "symbol": "LRCX",
    "reportedCurrency": "USD",
    "cik": "0000707549",
    "fillingDate": "2016-08-17",
    "acceptedDate": "2016-08-16 19:26:13",
    "calendarYear": "2016",
    "period": "FY",
    "revenue": 5885893000,
    "costOfRevenue": 3266971000,
    "grossProfit": 2618922000,
    "grossProfitRatio": 0.4449489653,
    "researchAndDevelopmentExpenses": 913712000,
    "generalAndAdministrativeExpenses": 0,
    "sellingAndMarketingExpenses": 0,
    "sellingGeneralAndAdministrativeExpenses": 630954000,
    "otherExpenses": 0,
    "operatingExpenses": 1544666000,
    "costAndExpenses": 4811637000,
    "interestIncome": 29512000,
    "interestExpense": 134773000,
    "depreciationAndAmortization": 291028000,
    "ebitda": 1385918000,
    "ebitdaratio": 0.2354643552,
    "operatingIncome": 1074256000,
    "operatingIncomeRatio": 0.1825136814,
    "totalOtherIncomeExpensesNet": -114139000,
    "incomeBeforeTax": 960117000,
    "incomeBeforeTaxRatio": 0.1631217217,
    "incomeTaxExpense": 46068000,
    "netIncome": 914049000,
    "netIncomeRatio": 0.155294872,
    "eps": 0.58,
    "epsdiluted": 0.52,
    "weightedAverageShsOut": 1589190000,
    "weightedAverageShsOutDil": 1751590000,
    "link": "https://www.sec.gov/Archives/edgar/data/707549/000070754916000050/0000707549-16-000050-index.htm",
    "finalLink": "https://www.sec.gov/Archives/edgar/data/707549/000070754916000050/lrcx_10kx2016xdocument.htm"
  },
  {
    "date": "2015-06-28",
    "symbol": "LRCX",
    "reportedCurrency": "USD",
    "cik": "0000707549",
    "fillingDate": "2015-08-13",
    "acceptedDate": "2015-08-13 16:16:15",
    "calendarYear": "2015",
    "period": "FY",
    "revenue": 5259312000,
    "costOfRevenue": 2974976000,
    "grossProfit": 2284336000,
    "grossProfitRatio": 0.4343412218,
    "researchAndDevelopmentExpenses": 825242000,
    "generalAndAdministrativeExpenses": 0,
    "sellingAndMarketingExpenses": 0,
    "sellingGeneralAndAdministrativeExpenses": 591611000,
    "otherExpenses": 79444000,
    "operatingExpenses": 1496297000,
    "costAndExpenses": 4471273000,
    "interestIncome": 19268000,
    "interestExpense": 73682000,
    "depreciationAndAmortization": 277920000,
    "ebitda": 1092452000,
    "ebitdaratio": 0.2077176635,
    "operatingIncome": 788039000,
    "operatingIncomeRatio": 0.1498368988,
    "totalOtherIncomeExpensesNet": -47189000,
    "incomeBeforeTax": 740850000,
    "incomeBeforeTaxRatio": 0.1408644325,
    "incomeTaxExpense": 85273000,
    "netIncome": 655577000,
    "netIncomeRatio": 0.1246507148,
    "eps": 0.41,
    "epsdiluted": 0.37,
    "weightedAverageShsOut": 1596290000,
    "weightedAverageShsOutDil": 1770670000,
    "link": "https://www.sec.gov/Archives/edgar/data/707549/000119312515290023/0001193125-15-290023-index.htm",
    "finalLink": "https://www.sec.gov/Archives/edgar/data/707549/000119312515290023/d937085d10k.htm"
  },
  {
    "date": "2014-06-29",
    "symbol": "LRCX",
    "reportedCurrency": "USD",
    "cik": "0000707549",
    "fillingDate": "2014-08-26",
    "acceptedDate": "2014-08-26 17:02:02",
    "calendarYear": "2014",
    "period": "FY",
    "revenue": 4607309000,
    "costOfRevenue": 2599828000,
    "grossProfit": 2007481000,
    "grossProfitRatio": 0.4357165973,
    "researchAndDevelopmentExpenses": 716471000,
    "generalAndAdministrativeExpenses": 0,
    "sellingAndMarketingExpenses": 0,
    "sellingGeneralAndAdministrativeExpenses": 613341000,
    "otherExpenses": 0,
    "operatingExpenses": 1329812000,
    "costAndExpenses": 3929640000,
    "interestIncome": 12540000,
    "interestExpense": 61692000,
    "depreciationAndAmortization": 292254000,
    "ebitda": 1077309000,
    "ebitdaratio": 0.2338260794,
    "operatingIncome": 677669000,
    "operatingIncomeRatio": 0.1470856415,
    "totalOtherIncomeExpensesNet": 45694000,
    "incomeBeforeTax": 723363000,
    "incomeBeforeTaxRatio": 0.1570033614,
    "incomeTaxExpense": 91074000,
    "netIncome": 632289000,
    "netIncomeRatio": 0.1372360742,
    "eps": 0.38,
    "epsdiluted": 0.36,
    "weightedAverageShsOut": 1647410000,
    "weightedAverageShsOutDil": 1745030000,
    "link": "https://www.sec.gov/Archives/edgar/data/707549/000119312514321759/0001193125-14-321759-index.htm",
    "finalLink": "https://www.sec.gov/Archives/edgar/data/707549/000119312514321759/d741932d10k.htm"
  },
  {
    "date": "2013-06-30",
    "symbol": "LRCX",
    "reportedCurrency": "USD",
    "cik": "0000707549",
    "fillingDate": "2013-08-27",
    "acceptedDate": "2013-08-27 16:11:24",
    "calendarYear": "2013",
    "period": "FY",
    "revenue": 3598916000,
    "costOfRevenue": 2195857000,
    "grossProfit": 1403059000,
    "grossProfitRatio": 0.3898560011,
    "researchAndDevelopmentExpenses": 683688000,
    "generalAndAdministrativeExpenses": 0,
    "sellingAndMarketingExpenses": 0,
    "sellingGeneralAndAdministrativeExpenses": 599487000,
    "otherExpenses": 1813000,
    "operatingExpenses": 1284988000,
    "costAndExpenses": 3480845000,
    "interestIncome": 14737000,
    "interestExpense": 60408000,
    "depreciationAndAmortization": 304116000,
    "ebitda": 431182000,
    "ebitdaratio": 0.1198088536,
    "operatingIncome": 118071000,
    "operatingIncomeRatio": 0.0328073787,
    "totalOtherIncomeExpensesNet": -51413000,
    "incomeBeforeTax": 66658000,
    "incomeBeforeTaxRatio": 0.0185216882,
    "incomeTaxExpense": -47221000,
    "netIncome": 113879000,
    "netIncomeRatio": 0.0316425835,
    "eps": 0.067,
    "epsdiluted": 0.066,
    "weightedAverageShsOut": 1689320000,
    "weightedAverageShsOutDil": 1734300000,
    "link": "https://www.sec.gov/Archives/edgar/data/707549/000119312513348269/0001193125-13-348269-index.htm",
    "finalLink": "https://www.sec.gov/Archives/edgar/data/707549/000119312513348269/d556924d10k.htm"
  },
  {
    "date": "2012-06-24",
    "symbol": "LRCX",
    "reportedCurrency": "USD",
    "cik": "0000707549",
    "fillingDate": "2012-08-22",
    "acceptedDate": "2012-08-22 17:01:37",
    "calendarYear": "2012",
    "period": "FY",
    "revenue": 2665192000,
    "costOfRevenue": 1581123000,
    "grossProfit": 1084069000,
    "grossProfitRatio": 0.4067508082,
    "researchAndDevelopmentExpenses": 444559000,
    "generalAndAdministrativeExpenses": 0,
    "sellingAndMarketingExpenses": 0,
    "sellingGeneralAndAdministrativeExpenses": 400052000,
    "otherExpenses": 1725000,
    "operatingExpenses": 846336000,
    "costAndExpenses": 2427459000,
    "interestIncome": 12141000,
    "interestExpense": 38962000,
    "depreciationAndAmortization": 100825000,
    "ebitda": 344205000,
    "ebitdaratio": 0.129148294,
    "operatingIncome": 237733000,
    "operatingIncomeRatio": 0.0891992022,
    "totalOtherIncomeExpensesNet": -33315000,
    "incomeBeforeTax": 204418000,
    "incomeBeforeTaxRatio": 0.0766991646,
    "incomeTaxExpense": 35695000,
    "netIncome": 168723000,
    "netIncomeRatio": 0.0633061333,
    "eps": 0.14,
    "epsdiluted": 0.14,
    "weightedAverageShsOut": 1241760000,
    "weightedAverageShsOutDil": 1252330000,
    "link": "https://www.sec.gov/Archives/edgar/data/707549/000119312512365446/0001193125-12-365446-index.htm",
    "finalLink": "https://www.sec.gov/Archives/edgar/data/707549/000119312512365446/d365655d10k.htm"
  },
  {
    "date": "2011-06-26",
    "symbol": "LRCX",
    "reportedCurrency": "USD",
    "cik": "0000707549",
    "fillingDate": "2011-08-19",
    "acceptedDate": "2011-08-19 17:10:36",
    "calendarYear": "2011",
    "period": "FY",
    "revenue": 3237693000,
    "costOfRevenue": 1740461000,
    "grossProfit": 1497232000,
    "grossProfitRatio": 0.4624379149,
    "researchAndDevelopmentExpenses": 373293000,
    "generalAndAdministrativeExpenses": 308075000,
    "sellingAndMarketingExpenses": 0,
    "sellingGeneralAndAdministrativeExpenses": 308075000,
    "otherExpenses": 11579000,
    "operatingExpenses": 692947000,
    "costAndExpenses": 2433408000,
    "interestIncome": 15572000,
    "interestExpense": 5380000,
    "depreciationAndAmortization": 74759000,
    "ebitda": 881015000,
    "ebitdaratio": 0.2721119637,
    "operatingIncome": 804285000,
    "operatingIncomeRatio": 0.2484129904,
    "totalOtherIncomeExpensesNet": -3409000,
    "incomeBeforeTax": 800876000,
    "incomeBeforeTaxRatio": 0.2473600802,
    "incomeTaxExpense": 77128000,
    "netIncome": 723748000,
    "netIncomeRatio": 0.2235381798,
    "eps": 0.59,
    "epsdiluted": 0.58,
    "weightedAverageShsOut": 1235290000,
    "weightedAverageShsOutDil": 1250190000,
    "link": "https://www.sec.gov/Archives/edgar/data/707549/000119312511227691/0001193125-11-227691-index.htm",
    "finalLink": "https://www.sec.gov/Archives/edgar/data/707549/000119312511227691/d10k.htm"
  },
  {
    "date": "2010-06-27",
    "symbol": "LRCX",
    "reportedCurrency": "USD",
    "cik": "0000707549",
    "fillingDate": "2010-08-23",
    "acceptedDate": "2010-08-20 18:37:58",
    "calendarYear": "2010",
    "period": "FY",
    "revenue": 2133776000,
    "costOfRevenue": 1163841000,
    "grossProfit": 969935000,
    "grossProfitRatio": 0.4545627095,
    "researchAndDevelopmentExpenses": 320859000,
    "generalAndAdministrativeExpenses": 0,
    "sellingAndMarketingExpenses": 0,
    "sellingGeneralAndAdministrativeExpenses": 240942000,
    "otherExpenses": -17276000,
    "operatingExpenses": 544525000,
    "costAndExpenses": 1708366000,
    "interestIncome": 8598000,
    "interestExpense": 994000,
    "depreciationAndAmortization": 71401000,
    "ebitda": 502536000,
    "ebitdaratio": 0.2355148807,
    "operatingIncome": 425410000,
    "operatingIncomeRatio": 0.1993695683,
    "totalOtherIncomeExpensesNet": 4731000,
    "incomeBeforeTax": 430141000,
    "incomeBeforeTaxRatio": 0.2015867645,
    "incomeTaxExpense": 83472000,
    "netIncome": 346669000,
    "netIncomeRatio": 0.1624673818,
    "eps": 0.27,
    "epsdiluted": 0.27,
    "weightedAverageShsOut": 1269330000,
    "weightedAverageShsOutDil": 1281260000,
    "link": "https://www.sec.gov/Archives/edgar/data/707549/000119312510194304/0001193125-10-194304-index.htm",
    "finalLink": "https://www.sec.gov/Archives/edgar/data/707549/000119312510194304/d10k.htm"
  },
  {
    "date": "2009-06-28",
    "symbol": "LRCX",
    "reportedCurrency": "USD",
    "cik": "0000707549",
    "fillingDate": "2009-08-27",
    "acceptedDate": "2009-08-26 20:12:00",
    "calendarYear": "2009",
    "period": "FY",
    "revenue": 1115946000,
    "costOfRevenue": 727212000,
    "grossProfit": 388734000,
    "grossProfitRatio": 0.3483448124,
    "researchAndDevelopmentExpenses": 288269000,
    "generalAndAdministrativeExpenses": 237708000,
    "sellingAndMarketingExpenses": 0,
    "sellingGeneralAndAdministrativeExpenses": 237708000,
    "otherExpenses": 144000000,
    "operatingExpenses": 669977000,
    "costAndExpenses": 1397189000,
    "interestIncome": 24283000,
    "interestExpense": 6497000,
    "depreciationAndAmortization": 72417000,
    "ebitda": -184179000,
    "ebitdaratio": -0.1650429322,
    "operatingIncome": -281243000,
    "operatingIncomeRatio": -0.2520220512,
    "totalOtherIncomeExpensesNet": 18150000,
    "incomeBeforeTax": -263093000,
    "incomeBeforeTaxRatio": -0.2357578234,
    "incomeTaxExpense": 39055000,
    "netIncome": -302148000,
    "netIncomeRatio": -0.2707550365,
    "eps": -0.24,
    "epsdiluted": -0.24,
    "weightedAverageShsOut": 1255950000,
    "weightedAverageShsOutDil": 1255950000,
    "link": "https://www.sec.gov/Archives/edgar/data/707549/000119312509182356/0001193125-09-182356-index.htm",
    "finalLink": "https://www.sec.gov/Archives/edgar/data/707549/000119312509182356/d10k.htm"
  },
  {
    "date": "2008-06-29",
    "symbol": "LRCX",
    "reportedCurrency": "USD",
    "cik": "0000707549",
    "fillingDate": "2008-08-28",
    "acceptedDate": "2008-08-28 17:13:38",
    "calendarYear": "2008",
    "period": "FY",
    "revenue": 2474911000,
    "costOfRevenue": 1301505000,
    "grossProfit": 1173406000,
    "grossProfitRatio": 0.4741204835,
    "researchAndDevelopmentExpenses": 323759000,
    "generalAndAdministrativeExpenses": 0,
    "sellingAndMarketingExpenses": 0,
    "sellingGeneralAndAdministrativeExpenses": 287992000,
    "otherExpenses": 52224000,
    "operatingExpenses": 663975000,
    "costAndExpenses": 1965480000,
    "interestIncome": 51194000,
    "interestExpense": 12674000,
    "depreciationAndAmortization": 54704000,
    "ebitda": 644354000,
    "ebitdaratio": 0.2603544127,
    "operatingIncome": 509431000,
    "operatingIncomeRatio": 0.2058381089,
    "totalOtherIncomeExpensesNet": 67545000,
    "incomeBeforeTax": 576976000,
    "incomeBeforeTaxRatio": 0.2331299994,
    "incomeTaxExpense": 137627000,
    "netIncome": 439349000,
    "netIncomeRatio": 0.1775211311,
    "eps": 0.35,
    "epsdiluted": 0.35,
    "weightedAverageShsOut": 1246470000,
    "weightedAverageShsOutDil": 1265040000,
    "link": "https://www.sec.gov/Archives/edgar/data/707549/000095013408015947/0000950134-08-015947-index.htm",
    "finalLink": "https://www.sec.gov/Archives/edgar/data/707549/000095013408015947/f43373e10vk.htm"
  },
  {
    "date": "2007-06-24",
    "symbol": "LRCX",
    "reportedCurrency": "USD",
    "cik": "0000707549",
    "fillingDate": "2008-03-31",
    "acceptedDate": "2008-03-31 17:14:43",
    "calendarYear": "2007",
    "period": "FY",
    "revenue": 2566576000,
    "costOfRevenue": 1261522000,
    "grossProfit": 1305054000,
    "grossProfitRatio": 0.5084805593,
    "researchAndDevelopmentExpenses": 285348000,
    "generalAndAdministrativeExpenses": 0,
    "sellingAndMarketingExpenses": 0,
    "sellingGeneralAndAdministrativeExpenses": 241046000,
    "otherExpenses": 0,
    "operatingExpenses": 526394000,
    "costAndExpenses": 1787916000,
    "interestIncome": 71666000,
    "interestExpense": 17817000,
    "depreciationAndAmortization": 37439000,
    "ebitda": 903637000,
    "ebitdaratio": 0.3520788007,
    "operatingIncome": 778660000,
    "operatingIncomeRatio": 0.3033847429,
    "totalOtherIncomeExpensesNet": 69063000,
    "incomeBeforeTax": 847723000,
    "incomeBeforeTaxRatio": 0.3302933558,
    "incomeTaxExpense": 161907000,
    "netIncome": 685816000,
    "netIncomeRatio": 0.2672104781,
    "eps": 0.49,
    "epsdiluted": 0.49,
    "weightedAverageShsOut": 1387140000,
    "weightedAverageShsOutDil": 1415240000,
    "link": "https://www.sec.gov/Archives/edgar/data/707549/000089161808000189/0000891618-08-000189-index.htm",
    "finalLink": "https://www.sec.gov/Archives/edgar/data/707549/000089161808000189/f39305e10vk.htm"
  },
  {
    "date": "2006-06-25",
    "symbol": "LRCX",
    "reportedCurrency": "USD",
    "cik": "0000707549",
    "fillingDate": "2006-08-17",
    "acceptedDate": "2006-08-16 19:12:37",
    "calendarYear": "2006",
    "period": "FY",
    "revenue": 1642171000,
    "costOfRevenue": 815159000,
    "grossProfit": 827012000,
    "grossProfitRatio": 0.5036089421,
    "researchAndDevelopmentExpenses": 228891000,
    "generalAndAdministrativeExpenses": 0,
    "sellingAndMarketingExpenses": 0,
    "sellingGeneralAndAdministrativeExpenses": 192238000,
    "otherExpenses": 1115000,
    "operatingExpenses": 422244000,
    "costAndExpenses": 1237403000,
    "interestIncome": 38189000,
    "interestExpense": 1044999,
    "depreciationAndAmortization": 22000000,
    "ebitda": 462835000,
    "ebitdaratio": 0.2818433647,
    "operatingIncome": 404768000,
    "operatingIncomeRatio": 0.2464834661,
    "totalOtherIncomeExpensesNet": 35022000,
    "incomeBeforeTax": 441287000,
    "incomeBeforeTaxRatio": 0.2687217105,
    "incomeTaxExpense": 104580000,
    "netIncome": 335755000,
    "netIncomeRatio": 0.204458001,
    "eps": 0.24,
    "epsdiluted": 0.23,
    "weightedAverageShsOut": 1385810000,
    "weightedAverageShsOutDil": 1437590000,
    "link": "https://www.sec.gov/Archives/edgar/data/707549/000095013406016366/0000950134-06-016366-index.htm",
    "finalLink": "https://www.sec.gov/Archives/edgar/data/707549/000095013406016366/f23105e10vk.htm"
  },
  {
    "date": "2005-06-26",
    "symbol": "LRCX",
    "reportedCurrency": "USD",
    "cik": "0000707549",
    "fillingDate": "2005-08-18",
    "acceptedDate": "2005-08-17 21:59:10",
    "calendarYear": "2005",
    "period": "FY",
    "revenue": 1502453000,
    "costOfRevenue": 738989000,
    "grossProfit": 763464000,
    "grossProfitRatio": 0.5081450135,
    "researchAndDevelopmentExpenses": 195289000,
    "generalAndAdministrativeExpenses": 0,
    "sellingAndMarketingExpenses": 0,
    "sellingGeneralAndAdministrativeExpenses": 165832000,
    "otherExpenses": 14201000,
    "operatingExpenses": 375322000,
    "costAndExpenses": 1114311000,
    "interestIncome": 17537000,
    "interestExpense": 1413000,
    "depreciationAndAmortization": 25517000,
    "ebitda": 426052000,
    "ebitdaratio": 0.2835709337,
    "operatingIncome": 391002000,
    "operatingIncomeRatio": 0.2602424169,
    "totalOtherIncomeExpensesNet": 8120000,
    "incomeBeforeTax": 399122000,
    "incomeBeforeTaxRatio": 0.2656469121,
    "incomeTaxExpense": 99781000,
    "netIncome": 299341000,
    "netIncomeRatio": 0.1992348513,
    "eps": 0.22,
    "epsdiluted": 0.21,
    "weightedAverageShsOut": 1376166670,
    "weightedAverageShsOutDil": 1422258370,
    "link": "https://www.sec.gov/Archives/edgar/data/707549/000089161805000627/0000891618-05-000627-index.htm",
    "finalLink": "https://www.sec.gov/Archives/edgar/data/707549/000089161805000627/f11836e10vk.htm"
  },
  {
    "date": "2004-06-27",
    "symbol": "LRCX",
    "reportedCurrency": "USD",
    "cik": "0000707549",
    "fillingDate": "2004-09-10",
    "acceptedDate": "2004-09-10 12:40:30",
    "calendarYear": "2004",
    "period": "FY",
    "revenue": 935946000,
    "costOfRevenue": 504897000,
    "grossProfit": 431049000,
    "grossProfitRatio": 0.460549006,
    "researchAndDevelopmentExpenses": 170479000,
    "generalAndAdministrativeExpenses": 0,
    "sellingAndMarketingExpenses": 0,
    "sellingGeneralAndAdministrativeExpenses": 146063000,
    "otherExpenses": 8327000,
    "operatingExpenses": 324869000,
    "costAndExpenses": 829766000,
    "interestIncome": 0,
    "interestExpense": 0,
    "depreciationAndAmortization": 35373000,
    "ebitda": 149880000,
    "ebitdaratio": 0.1601374438,
    "operatingIncome": 106180000,
    "operatingIncomeRatio": 0.1134467159,
    "totalOtherIncomeExpensesNet": 4470000,
    "incomeBeforeTax": 110650000,
    "incomeBeforeTaxRatio": 0.1182226325,
    "incomeTaxExpense": 27662000,
    "netIncome": 82988000,
    "netIncomeRatio": 0.0886675086,
    "eps": 0.059,
    "epsdiluted": 0.054,
    "weightedAverageShsOut": 1406576270,
    "weightedAverageShsOutDil": 1536814810,
    "link": "https://www.sec.gov/Archives/edgar/data/707549/000095013404013455/0000950134-04-013455-index.htm",
    "finalLink": "https://www.sec.gov/Archives/edgar/data/707549/000095013404013455/f01598e10vk.htm"
  },
  {
    "date": "2003-06-29",
    "symbol": "LRCX",
    "reportedCurrency": "USD",
    "cik": "0000707549",
    "fillingDate": "2003-09-25",
    "acceptedDate": "2003-09-24 21:58:58",
    "calendarYear": "2003",
    "period": "FY",
    "revenue": 755234000,
    "costOfRevenue": 451405000,
    "grossProfit": 303829000,
    "grossProfitRatio": 0.4022978309,
    "researchAndDevelopmentExpenses": 160493000,
    "generalAndAdministrativeExpenses": 0,
    "sellingAndMarketingExpenses": 0,
    "sellingGeneralAndAdministrativeExpenses": 132820000,
    "otherExpenses": 15901000,
    "operatingExpenses": 309214000,
    "costAndExpenses": 760619000,
    "interestIncome": 0,
    "interestExpense": 0,
    "depreciationAndAmortization": 44967000,
    "ebitda": 55483000,
    "ebitdaratio": 0.073464648,
    "operatingIncome": -5385000,
    "operatingIncomeRatio": -0.0071302404,
    "totalOtherIncomeExpensesNet": -10260000,
    "incomeBeforeTax": -15645000,
    "incomeBeforeTaxRatio": -0.0207154339,
    "incomeTaxExpense": -7906000,
    "netIncome": -7739000,
    "netIncomeRatio": -0.0102471552,
    "eps": -0.0061,
    "epsdiluted": -0.0061,
    "weightedAverageShsOut": 1263000000,
    "weightedAverageShsOutDil": 1263000000,
    "link": "https://www.sec.gov/Archives/edgar/data/707549/000089161803004913/0000891618-03-004913-index.htm",
    "finalLink": "https://www.sec.gov/Archives/edgar/data/707549/000089161803004913/f93126e10vk.htm"
  },
  {
    "date": "2002-06-30",
    "symbol": "LRCX",
    "reportedCurrency": "USD",
    "cik": "0000707549",
    "fillingDate": "2002-09-12",
    "acceptedDate": "2002-09-11 21:43:18",
    "calendarYear": "2002",
    "period": "FY",
    "revenue": 943114000,
    "costOfRevenue": 677025000,
    "grossProfit": 266089000,
    "grossProfitRatio": 0.2821387446,
    "researchAndDevelopmentExpenses": 179217000,
    "generalAndAdministrativeExpenses": 0,
    "sellingAndMarketingExpenses": 0,
    "sellingGeneralAndAdministrativeExpenses": 161860000,
    "otherExpenses": 44850000,
    "operatingExpenses": 385927000,
    "costAndExpenses": 1062952000,
    "interestIncome": 0,
    "interestExpense": 0,
    "depreciationAndAmortization": 64338000,
    "ebitda": -10650000,
    "ebitdaratio": -0.0112923782,
    "operatingIncome": -119838000,
    "operatingIncomeRatio": -0.1270662932,
    "totalOtherIncomeExpensesNet": -8157000,
    "incomeBeforeTax": -127995000,
    "incomeBeforeTaxRatio": -0.1357153006,
    "incomeTaxExpense": -37944000,
    "netIncome": -90051000,
    "netIncomeRatio": -0.0954826246,
    "eps": -0.071,
    "epsdiluted": -0.071,
    "weightedAverageShsOut": 1263560000,
    "weightedAverageShsOutDil": 1263560000,
    "link": "https://www.sec.gov/Archives/edgar/data/707549/000070754902000010/0000707549-02-000010-index.htm",
    "finalLink": "https://www.sec.gov/Archives/edgar/data/707549/000070754902000010/form10k.htm"
  },
  {
    "date": "2001-06-24",
    "symbol": "LRCX",
    "reportedCurrency": "USD",
    "cik": "0000707549",
    "fillingDate": "2001-09-17",
    "acceptedDate": "2001-09-17 00:00:00",
    "calendarYear": "2001",
    "period": "FY",
    "revenue": 1519789000,
    "costOfRevenue": 862321000,
    "grossProfit": 657468000,
    "grossProfitRatio": 0.4326047892,
    "researchAndDevelopmentExpenses": 227248000,
    "generalAndAdministrativeExpenses": 0,
    "sellingAndMarketingExpenses": 0,
    "sellingGeneralAndAdministrativeExpenses": 218919000,
    "otherExpenses": 24769000,
    "operatingExpenses": 470936000,
    "costAndExpenses": 1333257000,
    "interestIncome": 0,
    "interestExpense": 0,
    "depreciationAndAmortization": 58727000,
    "ebitda": 274017000,
    "ebitdaratio": 0.1802993705,
    "operatingIncome": 186532000,
    "operatingIncomeRatio": 0.1227354587,
    "totalOtherIncomeExpensesNet": 15102000,
    "incomeBeforeTax": 201634000,
    "incomeBeforeTaxRatio": 0.1326723644,
    "incomeTaxExpense": 60497000,
    "netIncome": 52106000,
    "netIncomeRatio": 0.0342850225,
    "eps": 0.042,
    "epsdiluted": 0.039,
    "weightedAverageShsOut": 1238560000,
    "weightedAverageShsOutDil": 1322430000,
    "link": "https://www.sec.gov/Archives/edgar/data/707549/000070754901500016/0000707549-01-500016-index.htm",
    "finalLink": "https://www.sec.gov/Archives/edgar/data/707549/000070754901500016/form10k.htm"
  },
  {
    "date": "2000-06-25",
    "symbol": "LRCX",
    "reportedCurrency": "USD",
    "cik": "0000707549",
    "fillingDate": "2000-09-19",
    "acceptedDate": "2000-09-19 00:00:00",
    "calendarYear": "2000",
    "period": "FY",
    "revenue": 1230767000,
    "costOfRevenue": 691161000,
    "grossProfit": 539606000,
    "grossProfitRatio": 0.4384306697,
    "researchAndDevelopmentExpenses": 176895000,
    "generalAndAdministrativeExpenses": 0,
    "sellingAndMarketingExpenses": 0,
    "sellingGeneralAndAdministrativeExpenses": 161349000,
    "otherExpenses": -28480000,
    "operatingExpenses": 309764000,
    "costAndExpenses": 1000925000,
    "interestIncome": 0,
    "interestExpense": 0,
    "depreciationAndAmortization": 46015000,
    "ebitda": 245128000,
    "ebitdaratio": 0.199166861,
    "operatingIncome": 229842000,
    "operatingIncomeRatio": 0.1867469635,
    "totalOtherIncomeExpensesNet": 6971000,
    "incomeBeforeTax": 236813000,
    "incomeBeforeTaxRatio": 0.1924109112,
    "incomeTaxExpense": 32057000,
    "netIncome": 204756000,
    "netIncomeRatio": 0.1663645515,
    "eps": 0.17,
    "epsdiluted": 0.15,
    "weightedAverageShsOut": 1209490000,
    "weightedAverageShsOutDil": 1433270000,
    "link": "https://www.sec.gov/Archives/edgar/data/707549/000070754900500008/0000707549-00-500008-index.htm",
    "finalLink": "https://www.sec.gov/Archives/edgar/data/707549/000070754900500008/form10k.htm"
  },
  {
    "date": "1999-06-30",
    "symbol": "LRCX",
    "reportedCurrency": "USD",
    "cik": "0000707549",
    "fillingDate": "1999-09-24",
    "acceptedDate": "1999-09-24 00:00:00",
    "calendarYear": "1999",
    "period": "FY",
    "revenue": 647955000,
    "costOfRevenue": 414591000,
    "grossProfit": 233364000,
    "grossProfitRatio": 0.3601546404,
    "researchAndDevelopmentExpenses": 142495000,
    "generalAndAdministrativeExpenses": 0,
    "sellingAndMarketingExpenses": 0,
    "sellingGeneralAndAdministrativeExpenses": 145698000,
    "otherExpenses": 58372000,
    "operatingExpenses": 346565000,
    "costAndExpenses": 761156000,
    "interestIncome": 0,
    "interestExpense": 0,
    "depreciationAndAmortization": 50924000,
    "ebitda": -3905000,
    "ebitdaratio": -0.0060266531,
    "operatingIncome": -113201000,
    "operatingIncomeRatio": -0.1747050335,
    "totalOtherIncomeExpensesNet": 288000,
    "incomeBeforeTax": -112913000,
    "incomeBeforeTaxRatio": -0.1742605582,
    "incomeTaxExpense": 0,
    "netIncome": -112913000,
    "netIncomeRatio": -0.1742605582,
    "eps": -0.0977,
    "epsdiluted": -0.0977,
    "weightedAverageShsOut": 1154760000,
    "weightedAverageShsOutDil": 1154760000,
    "link": "https://www.sec.gov/Archives/edgar/data/707549/000089161899004328/0000891618-99-004328-index.html",
    "finalLink": "https://www.sec.gov/Archives/edgar/data/707549/000089161899004328/"
  },
  {
    "date": "1998-06-30",
    "symbol": "LRCX",
    "reportedCurrency": "USD",
    "cik": "0000707549",
    "fillingDate": "1998-09-24",
    "acceptedDate": "1998-09-24 00:00:00",
    "calendarYear": "1998",
    "period": "FY",
    "revenue": 1052586000,
    "costOfRevenue": 646511000,
    "grossProfit": 406075000,
    "grossProfitRatio": 0.3857879546,
    "researchAndDevelopmentExpenses": 206456000,
    "generalAndAdministrativeExpenses": 0,
    "sellingAndMarketingExpenses": 0,
    "sellingGeneralAndAdministrativeExpenses": 201900000,
    "otherExpenses": 178643000,
    "operatingExpenses": 586999000,
    "costAndExpenses": 1233510000,
    "interestIncome": 0,
    "interestExpense": 0,
    "depreciationAndAmortization": 62265000,
    "ebitda": 91917000,
    "ebitdaratio": 0.0873249312,
    "operatingIncome": -180924000,
    "operatingIncomeRatio": -0.1718852426,
    "totalOtherIncomeExpensesNet": 1799000,
    "incomeBeforeTax": -179125000,
    "incomeBeforeTaxRatio": -0.1701761186,
    "incomeTaxExpense": -34526000,
    "netIncome": -144599000,
    "netIncomeRatio": -0.1373749983,
    "eps": -0.13,
    "epsdiluted": -0.13,
    "weightedAverageShsOut": 1141710000,
    "weightedAverageShsOutDil": 1141710000,
    "link": "https://www.sec.gov/Archives/edgar/data/707549/000089161898004288/0000891618-98-004288-index.html",
    "finalLink": "https://www.sec.gov/Archives/edgar/data/707549/"
  },
  {
    "date": "1997-06-30",
    "symbol": "LRCX",
    "reportedCurrency": "USD",
    "cik": "0000707549",
    "fillingDate": "1997-09-26",
    "acceptedDate": "1997-09-26 00:00:00",
    "calendarYear": "1997",
    "period": "FY",
    "revenue": 1002404000,
    "costOfRevenue": 689459000,
    "grossProfit": 312945000,
    "grossProfitRatio": 0.3121944845,
    "researchAndDevelopmentExpenses": 170624000,
    "generalAndAdministrativeExpenses": 0,
    "sellingAndMarketingExpenses": 0,
    "sellingGeneralAndAdministrativeExpenses": 197089000,
    "otherExpenses": 9021000,
    "operatingExpenses": 376734000,
    "costAndExpenses": 1066193000,
    "interestIncome": 0,
    "interestExpense": 0,
    "depreciationAndAmortization": 53109000,
    "ebitda": -1659000,
    "ebitdaratio": -0.0016550213,
    "operatingIncome": -63789000,
    "operatingIncomeRatio": -0.063636019,
    "totalOtherIncomeExpensesNet": -1489000,
    "incomeBeforeTax": -65278000,
    "incomeBeforeTaxRatio": -0.065121448,
    "incomeTaxExpense": -31644000,
    "netIncome": -33634000,
    "netIncomeRatio": -0.0335533378,
    "eps": -0.0367,
    "epsdiluted": -0.0367,
    "weightedAverageShsOut": 918000000,
    "weightedAverageShsOutDil": 918000000,
    "link": "https://www.sec.gov/Archives/edgar/data/707549/000101287097001869/0001012870-97-001869-index.html",
    "finalLink": "https://www.sec.gov/Archives/edgar/data/707549/"
  },
  {
    "date": "1996-06-30",
    "symbol": "LRCX",
    "reportedCurrency": "USD",
    "cik": "0000707549",
    "fillingDate": "1996-09-23",
    "acceptedDate": "1996-09-23 00:00:00",
    "calendarYear": "1996",
    "period": "FY",
    "revenue": 1309900000,
    "costOfRevenue": 654200000,
    "grossProfit": 655700000,
    "grossProfitRatio": 0.5005725628,
    "researchAndDevelopmentExpenses": 186900000,
    "generalAndAdministrativeExpenses": 0,
    "sellingAndMarketingExpenses": 0,
    "sellingGeneralAndAdministrativeExpenses": 237400000,
    "otherExpenses": 35300000,
    "operatingExpenses": 459600000,
    "costAndExpenses": 1113800000,
    "interestIncome": 0,
    "interestExpense": 0,
    "depreciationAndAmortization": 35300000,
    "ebitda": 231400000,
    "ebitdaratio": 0.1766547065,
    "operatingIncome": 196100000,
    "operatingIncomeRatio": 0.1497060844,
    "totalOtherIncomeExpensesNet": 20300000,
    "incomeBeforeTax": 216400000,
    "incomeBeforeTaxRatio": 0.1652034506,
    "incomeTaxExpense": 70500000,
    "netIncome": 145900000,
    "netIncomeRatio": 0.1113825483,
    "eps": 0.14,
    "epsdiluted": 0.13,
    "weightedAverageShsOut": 1013194440,
    "weightedAverageShsOutDil": 1105303030,
    "link": "https://www.sec.gov/Archives/edgar/data/707549/000091205796020899/0000912057-96-020899-index.html",
    "finalLink": "https://www.sec.gov/Archives/edgar/data/707549/"
  },
  {
    "date": "1995-06-30",
    "symbol": "LRCX",
    "reportedCurrency": "USD",
    "cik": "0000707549",
    "fillingDate": "1995-09-26",
    "acceptedDate": "1995-09-26 00:00:00",
    "calendarYear": "1995",
    "period": "FY",
    "revenue": 798209000,
    "costOfRevenue": 418818000,
    "grossProfit": 379391000,
    "grossProfitRatio": 0.4753028342,
    "researchAndDevelopmentExpenses": 127840000,
    "generalAndAdministrativeExpenses": 0,
    "sellingAndMarketingExpenses": 0,
    "sellingGeneralAndAdministrativeExpenses": 145507000,
    "otherExpenses": -12348000,
    "operatingExpenses": 260999000,
    "costAndExpenses": 679817000,
    "interestIncome": 0,
    "interestExpense": 0,
    "depreciationAndAmortization": 23532000,
    "ebitda": 141924000,
    "ebitdaratio": 0.1778030566,
    "operatingIncome": 118392000,
    "operatingIncomeRatio": 0.148322056,
    "totalOtherIncomeExpensesNet": 9052000,
    "incomeBeforeTax": 127444000,
    "incomeBeforeTaxRatio": 0.1596624443,
    "incomeTaxExpense": 38233000,
    "netIncome": 89211000,
    "netIncomeRatio": 0.1117639616,
    "eps": 0.11,
    "epsdiluted": 0.1,
    "weightedAverageShsOut": 819000000,
    "weightedAverageShsOutDil": 909000000,
    "link": "https://www.sec.gov/Archives/edgar/data/707549/000091205795008038/0000912057-95-008038-index.html",
    "finalLink": "https://www.sec.gov/Archives/edgar/data/707549/0000912057-95-008038.txt"
  },
  {
    "date": "1994-06-30",
    "symbol": "LRCX",
    "reportedCurrency": "USD",
    "cik": "0000707549",
    "fillingDate": "1994-06-30",
    "acceptedDate": "1994-06-30 00:00:00",
    "calendarYear": "1994",
    "period": "FY",
    "revenue": 484900000,
    "costOfRevenue": 247600000,
    "grossProfit": 237300000,
    "grossProfitRatio": 0.4893792535,
    "researchAndDevelopmentExpenses": 76300000,
    "generalAndAdministrativeExpenses": 0,
    "sellingAndMarketingExpenses": 0,
    "sellingGeneralAndAdministrativeExpenses": 91100000,
    "otherExpenses": 18400000,
    "operatingExpenses": 185800000,
    "costAndExpenses": 433400000,
    "interestIncome": 0,
    "interestExpense": 0,
    "depreciationAndAmortization": 18400000,
    "ebitda": 69900000,
    "ebitdaratio": 0.1441534337,
    "operatingIncome": 51500000,
    "operatingIncomeRatio": 0.1062074655,
    "totalOtherIncomeExpensesNet": 5700000,
    "incomeBeforeTax": 57200000,
    "incomeBeforeTaxRatio": 0.1179624665,
    "incomeTaxExpense": 19400000,
    "netIncome": 37800000,
    "netIncomeRatio": 0.0779542174,
    "eps": 0.049,
    "epsdiluted": 0.044,
    "weightedAverageShsOut": 771428570,
    "weightedAverageShsOutDil": 859090910,
    "link": null,
    "finalLink": null
  },
  {
    "date": "1993-06-30",
    "symbol": "LRCX",
    "reportedCurrency": "USD",
    "cik": "0000707549",
    "fillingDate": "1993-06-30",
    "acceptedDate": "1993-06-30 00:00:00",
    "calendarYear": "1993",
    "period": "FY",
    "revenue": 260500000,
    "costOfRevenue": 127200000,
    "grossProfit": 133300000,
    "grossProfitRatio": 0.5117082534,
    "researchAndDevelopmentExpenses": 0,
    "generalAndAdministrativeExpenses": 0,
    "sellingAndMarketingExpenses": 0,
    "sellingGeneralAndAdministrativeExpenses": 97000000,
    "otherExpenses": 12700000,
    "operatingExpenses": 109700000,
    "costAndExpenses": 236900000,
    "interestIncome": 0,
    "interestExpense": 0,
    "depreciationAndAmortization": 12700000,
    "ebitda": 36300000,
    "ebitdaratio": 0.1393474088,
    "operatingIncome": 23600000,
    "operatingIncomeRatio": 0.0905950096,
    "totalOtherIncomeExpensesNet": 3400000,
    "incomeBeforeTax": 27000000,
    "incomeBeforeTaxRatio": 0.103646833,
    "incomeTaxExpense": 8100000,
    "netIncome": 18900000,
    "netIncomeRatio": 0.0725527831,
    "eps": 0.026,
    "epsdiluted": 0.026,
    "weightedAverageShsOut": 726923080,
    "weightedAverageShsOutDil": 726923080,
    "link": null,
    "finalLink": null
  },
  {
    "date": "1992-06-30",
    "symbol": "LRCX",
    "reportedCurrency": "USD",
    "cik": "0000707549",
    "fillingDate": "1992-06-30",
    "acceptedDate": "1992-06-30 00:00:00",
    "calendarYear": "1992",
    "period": "FY",
    "revenue": 165600000,
    "costOfRevenue": 76400000,
    "grossProfit": 89200000,
    "grossProfitRatio": 0.538647343,
    "researchAndDevelopmentExpenses": 0,
    "generalAndAdministrativeExpenses": 0,
    "sellingAndMarketingExpenses": 0,
    "sellingGeneralAndAdministrativeExpenses": 71200000,
    "otherExpenses": 8800000,
    "operatingExpenses": 80000000,
    "costAndExpenses": 156400000,
    "interestIncome": 0,
    "interestExpense": 0,
    "depreciationAndAmortization": 8800000,
    "ebitda": 18000000,
    "ebitdaratio": 0.1086956522,
    "operatingIncome": 9200000,
    "operatingIncomeRatio": 0.0555555556,
    "totalOtherIncomeExpensesNet": 4400000,
    "incomeBeforeTax": 13600000,
    "incomeBeforeTaxRatio": 0.0821256039,
    "incomeTaxExpense": 3700000,
    "netIncome": 9900000,
    "netIncomeRatio": 0.0597826087,
    "eps": 0.016,
    "epsdiluted": 0.016,
    "weightedAverageShsOut": 618750000,
    "weightedAverageShsOutDil": 618750000,
    "link": null,
    "finalLink": null
  },
  {
    "date": "1991-06-30",
    "symbol": "LRCX",
    "reportedCurrency": "USD",
    "cik": "0000707549",
    "fillingDate": "1991-06-30",
    "acceptedDate": "1991-06-30 00:00:00",
    "calendarYear": "1991",
    "period": "FY",
    "revenue": 138000000,
    "costOfRevenue": 70900000,
    "grossProfit": 67100000,
    "grossProfitRatio": 0.4862318841,
    "researchAndDevelopmentExpenses": 0,
    "generalAndAdministrativeExpenses": 0,
    "sellingAndMarketingExpenses": 0,
    "sellingGeneralAndAdministrativeExpenses": 59200000,
    "otherExpenses": 4500000,
    "operatingExpenses": 63700000,
    "costAndExpenses": 134600000,
    "interestIncome": 0,
    "interestExpense": 0,
    "depreciationAndAmortization": 5500000,
    "ebitda": 8900000,
    "ebitdaratio": 0.0644927536,
    "operatingIncome": 3400000,
    "operatingIncomeRatio": 0.0246376812,
    "totalOtherIncomeExpensesNet": 4700000,
    "incomeBeforeTax": 8100000,
    "incomeBeforeTaxRatio": 0.0586956522,
    "incomeTaxExpense": 2000000,
    "netIncome": 6100000,
    "netIncomeRatio": 0.0442028986,
    "eps": 0.011,
    "epsdiluted": 0.011,
    "weightedAverageShsOut": 554545450,
    "weightedAverageShsOutDil": 554545450,
    "link": null,
    "finalLink": null
  },
  {
    "date": "1990-06-30",
    "symbol": "LRCX",
    "reportedCurrency": "USD",
    "cik": "0000707549",
    "fillingDate": "1990-06-30",
    "acceptedDate": "1990-06-30 00:00:00",
    "calendarYear": "1990",
    "period": "FY",
    "revenue": 137300000,
    "costOfRevenue": 70200000,
    "grossProfit": 67100000,
    "grossProfitRatio": 0.4887108521,
    "researchAndDevelopmentExpenses": 0,
    "generalAndAdministrativeExpenses": 0,
    "sellingAndMarketingExpenses": 0,
    "sellingGeneralAndAdministrativeExpenses": 56400000,
    "otherExpenses": 22600000,
    "operatingExpenses": 79000000,
    "costAndExpenses": 149200000,
    "interestIncome": 0,
    "interestExpense": 0,
    "depreciationAndAmortization": 4600000,
    "ebitda": -7300000,
    "ebitdaratio": -0.0531682447,
    "operatingIncome": -11900000,
    "operatingIncomeRatio": -0.0866715222,
    "totalOtherIncomeExpensesNet": 3500000,
    "incomeBeforeTax": -8400000,
    "incomeBeforeTaxRatio": -0.061179898,
    "incomeTaxExpense": 400000,
    "netIncome": -8800000,
    "netIncomeRatio": -0.0640932265,
    "eps": -0.017,
    "epsdiluted": -0.017,
    "weightedAverageShsOut": 517647060,
    "weightedAverageShsOutDil": 517647060,
    "link": null,
    "finalLink": null
  },
  {
    "date": "1989-06-30",
    "symbol": "LRCX",
    "reportedCurrency": "USD",
    "cik": "0000707549",
    "fillingDate": "1989-06-30",
    "acceptedDate": "1989-06-30 00:00:00",
    "calendarYear": "1989",
    "period": "FY",
    "revenue": 126000000,
    "costOfRevenue": 65000000,
    "grossProfit": 61000000,
    "grossProfitRatio": 0.4841269841,
    "researchAndDevelopmentExpenses": 0,
    "generalAndAdministrativeExpenses": 0,
    "sellingAndMarketingExpenses": 0,
    "sellingGeneralAndAdministrativeExpenses": 48700000,
    "otherExpenses": 3600000,
    "operatingExpenses": 52300000,
    "costAndExpenses": 117300000,
    "interestIncome": 0,
    "interestExpense": 0,
    "depreciationAndAmortization": 3600000,
    "ebitda": 12300000,
    "ebitdaratio": 0.0976190476,
    "operatingIncome": 8700000,
    "operatingIncomeRatio": 0.069047619,
    "totalOtherIncomeExpensesNet": 3800000,
    "incomeBeforeTax": 12500000,
    "incomeBeforeTaxRatio": 0.0992063492,
    "incomeTaxExpense": 3200000,
    "netIncome": 9300000,
    "netIncomeRatio": 0.0738095238,
    "eps": 0.019,
    "epsdiluted": 0.019,
    "weightedAverageShsOut": 489473680,
    "weightedAverageShsOutDil": 489473680,
    "link": null,
    "finalLink": null
  },
  {
    "date": "1988-06-30",
    "symbol": "LRCX",
    "reportedCurrency": "USD",
    "cik": "0000707549",
    "fillingDate": "1988-06-30",
    "acceptedDate": "1988-06-29 20:00:00",
    "calendarYear": "1988",
    "period": "FY",
    "revenue": 75000000,
    "costOfRevenue": 35100000,
    "grossProfit": 39900000,
    "grossProfitRatio": 0.532,
    "researchAndDevelopmentExpenses": 0,
    "generalAndAdministrativeExpenses": 0,
    "sellingAndMarketingExpenses": 0,
    "sellingGeneralAndAdministrativeExpenses": 34300000,
    "otherExpenses": 2900000,
    "operatingExpenses": 37200000,
    "costAndExpenses": 72300000,
    "interestIncome": 0,
    "interestExpense": 0,
    "depreciationAndAmortization": 2900000,
    "ebitda": 5600000,
    "ebitdaratio": 0.0746666667,
    "operatingIncome": 2700000,
    "operatingIncomeRatio": 0.036,
    "totalOtherIncomeExpensesNet": 1200000,
    "incomeBeforeTax": 3900000,
    "incomeBeforeTaxRatio": 0.052,
    "incomeTaxExpense": 1600000,
    "netIncome": 2300000,
    "netIncomeRatio": 0.0306666667,
    "eps": 0.005,
    "epsdiluted": 0.005,
    "weightedAverageShsOut": 460000000,
    "weightedAverageShsOutDil": 460000000,
    "link": "",
    "finalLink": ""
  },
  {
    "date": "1987-06-30",
    "symbol": "LRCX",
    "reportedCurrency": "USD",
    "cik": "0000707549",
    "fillingDate": "1987-06-30",
    "acceptedDate": "1987-06-29 20:00:00",
    "calendarYear": "1987",
    "period": "FY",
    "revenue": 25500000,
    "costOfRevenue": 11000000,
    "grossProfit": 14500000,
    "grossProfitRatio": 0.568627451,
    "researchAndDevelopmentExpenses": 0,
    "generalAndAdministrativeExpenses": 0,
    "sellingAndMarketingExpenses": 0,
    "sellingGeneralAndAdministrativeExpenses": 18200000,
    "otherExpenses": 1500000,
    "operatingExpenses": 19700000,
    "costAndExpenses": 30700000,
    "interestIncome": 0,
    "interestExpense": 0,
    "depreciationAndAmortization": 1500000,
    "ebitda": -3700000,
    "ebitdaratio": -0.1450980392,
    "operatingIncome": -5200000,
    "operatingIncomeRatio": -0.2039215686,
    "totalOtherIncomeExpensesNet": 1300000,
    "incomeBeforeTax": -3900000,
    "incomeBeforeTaxRatio": -0.1529411765,
    "incomeTaxExpense": -1200000,
    "netIncome": -2700000,
    "netIncomeRatio": -0.1058823529,
    "eps": -0.008,
    "epsdiluted": -0.008,
    "weightedAverageShsOut": 337500000,
    "weightedAverageShsOutDil": 337500000,
    "link": "",
    "finalLink": ""
  },
  {
    "date": "1986-06-30",
    "symbol": "LRCX",
    "reportedCurrency": "USD",
    "cik": "0000707549",
    "fillingDate": "1986-06-30",
    "acceptedDate": "1986-06-29 20:00:00",
    "calendarYear": "1986",
    "period": "FY",
    "revenue": 34400000,
    "costOfRevenue": 15800000,
    "grossProfit": 18600000,
    "grossProfitRatio": 0.5406976744,
    "researchAndDevelopmentExpenses": 0,
    "generalAndAdministrativeExpenses": 0,
    "sellingAndMarketingExpenses": 0,
    "sellingGeneralAndAdministrativeExpenses": 18200000,
    "otherExpenses": 1100000,
    "operatingExpenses": 19300000,
    "costAndExpenses": 35100000,
    "interestIncome": 0,
    "interestExpense": 0,
    "depreciationAndAmortization": 1100000,
    "ebitda": 400000,
    "ebitdaratio": 0.011627907,
    "operatingIncome": -700000,
    "operatingIncomeRatio": -0.0203488372,
    "totalOtherIncomeExpensesNet": 2600000,
    "incomeBeforeTax": 1900000,
    "incomeBeforeTaxRatio": 0.0552325581,
    "incomeTaxExpense": 200000,
    "netIncome": 1700000,
    "netIncomeRatio": 0.0494186047,
    "eps": 0.005,
    "epsdiluted": 0.005,
    "weightedAverageShsOut": 340000000,
    "weightedAverageShsOutDil": 340000000,
    "link": "",
    "finalLink": ""
  }
]