[
  {
    "date": "2025-02-02",
    "symbol": "LULU",
    "reportedCurrency": "USD",
    "cik": "0001397187",
    "fillingDate": "2025-03-27",
    "acceptedDate": "2025-03-27 16:12:41",
    "calendarYear": "2024",
    "period": "FY",
    "revenue": 10588126000,
    "costOfRevenue": 4317315000,
    "grossProfit": 6270811000,
    "grossProfitRatio": 0.5922493744,
    "researchAndDevelopmentExpenses": 0,
    "generalAndAdministrativeExpenses": 3220879000,
    "sellingAndMarketingExpenses": 541500000,
    "sellingGeneralAndAdministrativeExpenses": 3762379000,
    "otherExpenses": 2735000,
    "operatingExpenses": 3765114000,
    "costAndExpenses": 8082429000,
    "interestIncome": 0,
    "interestExpense": 0,
    "depreciationAndAmortization": 446524000,
    "ebitda": 2952221000,
    "ebitdaratio": 0.2788237503,
    "operatingIncome": 2505697000,
    "operatingIncomeRatio": 0.2366516039,
    "totalOtherIncomeExpensesNet": 70380000,
    "incomeBeforeTax": 2576077000,
    "incomeBeforeTaxRatio": 0.2432986725,
    "incomeTaxExpense": 761461000,
    "netIncome": 1814616000,
    "netIncomeRatio": 0.171382169,
    "eps": 14.67,
    "epsdiluted": 14.64,
    "weightedAverageShsOut": 123735000,
    "weightedAverageShsOutDil": 123935000,
    "link": "https://www.sec.gov/Archives/edgar/data/1397187/000139718725000013/0001397187-25-000013-index.htm",
    "finalLink": "https://www.sec.gov/Archives/edgar/data/1397187/000139718725000013/lulu-20250202.htm"
  },
  {
    "date": "2024-01-28",
    "symbol": "LULU",
    "reportedCurrency": "USD",
    "cik": "0001397187",
    "fillingDate": "2024-03-21",
    "acceptedDate": "2024-03-21 16:12:29",
    "calendarYear": "2023",
    "period": "FY",
    "revenue": 9619278000,
    "costOfRevenue": 4009873000,
    "grossProfit": 5609405000,
    "grossProfitRatio": 0.5831419988,
    "researchAndDevelopmentExpenses": 0,
    "generalAndAdministrativeExpenses": 0,
    "sellingAndMarketingExpenses": 0,
    "sellingGeneralAndAdministrativeExpenses": 3397218000,
    "otherExpenses": 79511000,
    "operatingExpenses": 3476729000,
    "costAndExpenses": 7486602000,
    "interestIncome": 0,
    "interestExpense": 0,
    "depreciationAndAmortization": 379384000,
    "ebitda": 2586561000,
    "ebitdaratio": 0.2688934658,
    "operatingIncome": 2132676000,
    "operatingIncomeRatio": 0.2217085316,
    "totalOtherIncomeExpensesNet": 43059000,
    "incomeBeforeTax": 2175735000,
    "incomeBeforeTaxRatio": 0.226184855,
    "incomeTaxExpense": 625545000,
    "netIncome": 1550190000,
    "netIncomeRatio": 0.1611545066,
    "eps": 12.23,
    "epsdiluted": 12.2,
    "weightedAverageShsOut": 126726000,
    "weightedAverageShsOutDil": 127060000,
    "link": "https://www.sec.gov/Archives/edgar/data/1397187/000139718724000010/0001397187-24-000010-index.htm",
    "finalLink": "https://www.sec.gov/Archives/edgar/data/1397187/000139718724000010/lulu-20240128.htm"
  },
  {
    "date": "2023-01-29",
    "symbol": "LULU",
    "reportedCurrency": "USD",
    "cik": "0001397187",
    "fillingDate": "2023-03-28",
    "acceptedDate": "2023-03-28 16:13:10",
    "calendarYear": "2022",
    "period": "FY",
    "revenue": 8110518000,
    "costOfRevenue": 3618178000,
    "grossProfit": 4492340000,
    "grossProfitRatio": 0.5538906393,
    "researchAndDevelopmentExpenses": 0,
    "generalAndAdministrativeExpenses": 0,
    "sellingAndMarketingExpenses": 0,
    "sellingGeneralAndAdministrativeExpenses": 2757447000,
    "otherExpenses": 406485000,
    "operatingExpenses": 3163932000,
    "costAndExpenses": 6782110000,
    "interestIncome": 0,
    "interestExpense": 0,
    "depreciationAndAmortization": 291791000,
    "ebitda": 2017932000,
    "ebitdaratio": 0.2488043304,
    "operatingIncome": 1328408000,
    "operatingIncomeRatio": 0.1637883055,
    "totalOtherIncomeExpensesNet": 4163000,
    "incomeBeforeTax": 1332571000,
    "incomeBeforeTaxRatio": 0.1643015896,
    "incomeTaxExpense": 477771000,
    "netIncome": 854800000,
    "netIncomeRatio": 0.1053940081,
    "eps": 6.7,
    "epsdiluted": 6.68,
    "weightedAverageShsOut": 127666000,
    "weightedAverageShsOutDil": 128017000,
    "link": "https://www.sec.gov/Archives/edgar/data/1397187/000139718723000012/0001397187-23-000012-index.htm",
    "finalLink": "https://www.sec.gov/Archives/edgar/data/1397187/000139718723000012/lulu-20230129.htm"
  },
  {
    "date": "2022-01-30",
    "symbol": "LULU",
    "reportedCurrency": "USD",
    "cik": "0001397187",
    "fillingDate": "2022-03-29",
    "acceptedDate": "2022-03-29 16:16:02",
    "calendarYear": "2021",
    "period": "FY",
    "revenue": 6256617000,
    "costOfRevenue": 2648052000,
    "grossProfit": 3608565000,
    "grossProfitRatio": 0.5767597729,
    "researchAndDevelopmentExpenses": 0,
    "generalAndAdministrativeExpenses": 0,
    "sellingAndMarketingExpenses": 0,
    "sellingGeneralAndAdministrativeExpenses": 2225034000,
    "otherExpenses": 50176000,
    "operatingExpenses": 2275210000,
    "costAndExpenses": 4923262000,
    "interestIncome": 0,
    "interestExpense": 0,
    "depreciationAndAmortization": 224206000,
    "ebitda": 1598955000,
    "ebitdaratio": 0.2555622312,
    "operatingIncome": 1333355000,
    "operatingIncomeRatio": 0.2131111749,
    "totalOtherIncomeExpensesNet": 514000,
    "incomeBeforeTax": 1333869000,
    "incomeBeforeTaxRatio": 0.213193328,
    "incomeTaxExpense": 358547000,
    "netIncome": 975322000,
    "netIncomeRatio": 0.1558864799,
    "eps": 7.52,
    "epsdiluted": 7.49,
    "weightedAverageShsOut": 129768000,
    "weightedAverageShsOutDil": 130295000,
    "link": "https://www.sec.gov/Archives/edgar/data/1397187/000139718722000014/0001397187-22-000014-index.htm",
    "finalLink": "https://www.sec.gov/Archives/edgar/data/1397187/000139718722000014/lulu-20220130.htm"
  },
  {
    "date": "2021-01-31",
    "symbol": "LULU",
    "reportedCurrency": "USD",
    "cik": "0001397187",
    "fillingDate": "2021-03-30",
    "acceptedDate": "2021-03-30 16:47:25",
    "calendarYear": "2020",
    "period": "FY",
    "revenue": 4401879000,
    "costOfRevenue": 1937888000,
    "grossProfit": 2463991000,
    "grossProfitRatio": 0.559758912,
    "researchAndDevelopmentExpenses": 0,
    "generalAndAdministrativeExpenses": 0,
    "sellingAndMarketingExpenses": 0,
    "sellingGeneralAndAdministrativeExpenses": 1609003000,
    "otherExpenses": 35002000,
    "operatingExpenses": 1644005000,
    "costAndExpenses": 3581893000,
    "interestIncome": 0,
    "interestExpense": 0,
    "depreciationAndAmortization": 185478000,
    "ebitda": 1035306000,
    "ebitdaratio": 0.2351963786,
    "operatingIncome": 819986000,
    "operatingIncomeRatio": 0.1862809041,
    "totalOtherIncomeExpensesNet": -636000,
    "incomeBeforeTax": 819350000,
    "incomeBeforeTaxRatio": 0.1861364204,
    "incomeTaxExpense": 230437000,
    "netIncome": 588913000,
    "netIncomeRatio": 0.1337867306,
    "eps": 4.52,
    "epsdiluted": 4.5,
    "weightedAverageShsOut": 130289000,
    "weightedAverageShsOutDil": 130871000,
    "link": "https://www.sec.gov/Archives/edgar/data/1397187/000139718721000009/0001397187-21-000009-index.htm",
    "finalLink": "https://www.sec.gov/Archives/edgar/data/1397187/000139718721000009/lulu-20210131.htm"
  },
  {
    "date": "2020-02-02",
    "symbol": "LULU",
    "reportedCurrency": "USD",
    "cik": "0001397187",
    "fillingDate": "2020-03-26",
    "acceptedDate": "2020-03-26 16:18:13",
    "calendarYear": "2019",
    "period": "FY",
    "revenue": 3979296000,
    "costOfRevenue": 1755910000,
    "grossProfit": 2223386000,
    "grossProfitRatio": 0.5587385306,
    "researchAndDevelopmentExpenses": 0,
    "generalAndAdministrativeExpenses": 0,
    "sellingAndMarketingExpenses": 0,
    "sellingGeneralAndAdministrativeExpenses": 1334247000,
    "otherExpenses": 29000,
    "operatingExpenses": 1334276000,
    "costAndExpenses": 3090186000,
    "interestIncome": 0,
    "interestExpense": 0,
    "depreciationAndAmortization": 161933000,
    "ebitda": 1051043000,
    "ebitdaratio": 0.2641278759,
    "operatingIncome": 889110000,
    "operatingIncomeRatio": 0.2234339944,
    "totalOtherIncomeExpensesNet": 8283000,
    "incomeBeforeTax": 897393000,
    "incomeBeforeTaxRatio": 0.2255155183,
    "incomeTaxExpense": 251797000,
    "netIncome": 645596000,
    "netIncomeRatio": 0.1622387478,
    "eps": 4.95,
    "epsdiluted": 4.93,
    "weightedAverageShsOut": 130393000,
    "weightedAverageShsOutDil": 130955000,
    "link": "https://www.sec.gov/Archives/edgar/data/1397187/000139718720000012/0001397187-20-000012-index.htm",
    "finalLink": "https://www.sec.gov/Archives/edgar/data/1397187/000139718720000012/lulu-20200202x10k.htm"
  },
  {
    "date": "2019-02-03",
    "symbol": "LULU",
    "reportedCurrency": "USD",
    "cik": "0001397187",
    "fillingDate": "2019-03-27",
    "acceptedDate": "2019-03-27 16:14:50",
    "calendarYear": "2018",
    "period": "FY",
    "revenue": 3288319000,
    "costOfRevenue": 1472032000,
    "grossProfit": 1816287000,
    "grossProfitRatio": 0.5523451344,
    "researchAndDevelopmentExpenses": 0,
    "generalAndAdministrativeExpenses": 0,
    "sellingAndMarketingExpenses": 0,
    "sellingGeneralAndAdministrativeExpenses": 1110379000,
    "otherExpenses": 72000,
    "operatingExpenses": 1110451000,
    "costAndExpenses": 2582483000,
    "interestIncome": 0,
    "interestExpense": 0,
    "depreciationAndAmortization": 122484000,
    "ebitda": 828320000,
    "ebitdaratio": 0.2518977021,
    "operatingIncome": 705836000,
    "operatingIncomeRatio": 0.2146494911,
    "totalOtherIncomeExpensesNet": 9414000,
    "incomeBeforeTax": 715250000,
    "incomeBeforeTaxRatio": 0.2175123521,
    "incomeTaxExpense": 231449000,
    "netIncome": 483801000,
    "netIncomeRatio": 0.1471271492,
    "eps": 3.63,
    "epsdiluted": 3.61,
    "weightedAverageShsOut": 133413000,
    "weightedAverageShsOutDil": 133971000,
    "link": "https://www.sec.gov/Archives/edgar/data/1397187/000139718719000011/0001397187-19-000011-index.htm",
    "finalLink": "https://www.sec.gov/Archives/edgar/data/1397187/000139718719000011/lulu-20190203x10k.htm"
  },
  {
    "date": "2018-01-28",
    "symbol": "LULU",
    "reportedCurrency": "USD",
    "cik": "0001397187",
    "fillingDate": "2018-03-27",
    "acceptedDate": "2018-03-27 16:17:01",
    "calendarYear": "2017",
    "period": "FY",
    "revenue": 2649181000,
    "costOfRevenue": 1250391000,
    "grossProfit": 1398790000,
    "grossProfitRatio": 0.5280084675,
    "researchAndDevelopmentExpenses": 0,
    "generalAndAdministrativeExpenses": 0,
    "sellingAndMarketingExpenses": 0,
    "sellingGeneralAndAdministrativeExpenses": 904264000,
    "otherExpenses": 38525000,
    "operatingExpenses": 942789000,
    "costAndExpenses": 2193180000,
    "interestIncome": 0,
    "interestExpense": 0,
    "depreciationAndAmortization": 108235000,
    "ebitda": 602761000,
    "ebitdaratio": 0.2275272999,
    "operatingIncome": 456001000,
    "operatingIncomeRatio": 0.1721290467,
    "totalOtherIncomeExpensesNet": 3997000,
    "incomeBeforeTax": 459998000,
    "incomeBeforeTaxRatio": 0.1736378149,
    "incomeTaxExpense": 201336000,
    "netIncome": 258662000,
    "netIncomeRatio": 0.0976384777,
    "eps": 1.9,
    "epsdiluted": 1.9,
    "weightedAverageShsOut": 135988000,
    "weightedAverageShsOutDil": 136198000,
    "link": "https://www.sec.gov/Archives/edgar/data/1397187/000139718718000013/0001397187-18-000013-index.htm",
    "finalLink": "https://www.sec.gov/Archives/edgar/data/1397187/000139718718000013/lulu-20180128x10k.htm"
  },
  {
    "date": "2017-01-29",
    "symbol": "LULU",
    "reportedCurrency": "USD",
    "cik": "0001397187",
    "fillingDate": "2017-03-29",
    "acceptedDate": "2017-03-29 16:13:26",
    "calendarYear": "2016",
    "period": "FY",
    "revenue": 2344392000,
    "costOfRevenue": 1144775000,
    "grossProfit": 1199617000,
    "grossProfitRatio": 0.5116964228,
    "researchAndDevelopmentExpenses": 0,
    "generalAndAdministrativeExpenses": 0,
    "sellingAndMarketingExpenses": 0,
    "sellingGeneralAndAdministrativeExpenses": 778465000,
    "otherExpenses": 0,
    "operatingExpenses": 778465000,
    "costAndExpenses": 1923240000,
    "interestIncome": 0,
    "interestExpense": 0,
    "depreciationAndAmortization": 87697000,
    "ebitda": 508849000,
    "ebitdaratio": 0.2170494525,
    "operatingIncome": 421152000,
    "operatingIncomeRatio": 0.1796423124,
    "totalOtherIncomeExpensesNet": 1577000,
    "incomeBeforeTax": 422729000,
    "incomeBeforeTaxRatio": 0.1803149815,
    "incomeTaxExpense": 119348000,
    "netIncome": 303381000,
    "netIncomeRatio": 0.1294071128,
    "eps": 2.21,
    "epsdiluted": 2.21,
    "weightedAverageShsOut": 137086000,
    "weightedAverageShsOutDil": 137302000,
    "link": "https://www.sec.gov/Archives/edgar/data/1397187/000139718717000008/0001397187-17-000008-index.htm",
    "finalLink": "https://www.sec.gov/Archives/edgar/data/1397187/000139718717000008/lulu-20170129x10k.htm"
  },
  {
    "date": "2016-01-31",
    "symbol": "LULU",
    "reportedCurrency": "USD",
    "cik": "0001397187",
    "fillingDate": "2016-03-30",
    "acceptedDate": "2016-03-30 08:25:20",
    "calendarYear": "2015",
    "period": "FY",
    "revenue": 2060523000,
    "costOfRevenue": 1063357000,
    "grossProfit": 997166000,
    "grossProfitRatio": 0.4839383011,
    "researchAndDevelopmentExpenses": 0,
    "generalAndAdministrativeExpenses": 0,
    "sellingAndMarketingExpenses": 0,
    "sellingGeneralAndAdministrativeExpenses": 628090000,
    "otherExpenses": 0,
    "operatingExpenses": 628090000,
    "costAndExpenses": 1691447000,
    "interestIncome": 0,
    "interestExpense": 0,
    "depreciationAndAmortization": 73383000,
    "ebitda": 442459000,
    "ebitdaratio": 0.2147314056,
    "operatingIncome": 369076000,
    "operatingIncomeRatio": 0.1791176318,
    "totalOtherIncomeExpensesNet": -581000,
    "incomeBeforeTax": 368495000,
    "incomeBeforeTaxRatio": 0.1788356645,
    "incomeTaxExpense": 102448000,
    "netIncome": 266047000,
    "netIncomeRatio": 0.1291162486,
    "eps": 1.9,
    "epsdiluted": 1.89,
    "weightedAverageShsOut": 140365000,
    "weightedAverageShsOutDil": 140610000,
    "link": "https://www.sec.gov/Archives/edgar/data/1397187/000139718716000089/0001397187-16-000089-index.htm",
    "finalLink": "https://www.sec.gov/Archives/edgar/data/1397187/000139718716000089/lulu-20160131x10k.htm"
  },
  {
    "date": "2015-02-01",
    "symbol": "LULU",
    "reportedCurrency": "USD",
    "cik": "0001397187",
    "fillingDate": "2015-03-26",
    "acceptedDate": "2015-03-26 08:31:40",
    "calendarYear": "2014",
    "period": "FY",
    "revenue": 1797213000,
    "costOfRevenue": 883033000,
    "grossProfit": 914180000,
    "grossProfitRatio": 0.5086653613,
    "researchAndDevelopmentExpenses": 0,
    "generalAndAdministrativeExpenses": 0,
    "sellingAndMarketingExpenses": 0,
    "sellingGeneralAndAdministrativeExpenses": 538147000,
    "otherExpenses": 0,
    "operatingExpenses": 538147000,
    "costAndExpenses": 1421180000,
    "interestIncome": 0,
    "interestExpense": 0,
    "depreciationAndAmortization": 58364000,
    "ebitda": 434397000,
    "ebitdaratio": 0.241705908,
    "operatingIncome": 376033000,
    "operatingIncomeRatio": 0.2092311818,
    "totalOtherIncomeExpensesNet": 7102000,
    "incomeBeforeTax": 383135000,
    "incomeBeforeTaxRatio": 0.2131828559,
    "incomeTaxExpense": 144102000,
    "netIncome": 239033000,
    "netIncomeRatio": 0.1330020426,
    "eps": 1.66,
    "epsdiluted": 1.66,
    "weightedAverageShsOut": 143935000,
    "weightedAverageShsOutDil": 144298000,
    "link": "https://www.sec.gov/Archives/edgar/data/1397187/000139718715000016/0001397187-15-000016-index.htm",
    "finalLink": "https://www.sec.gov/Archives/edgar/data/1397187/000139718715000016/lulu-20150201x10k.htm"
  },
  {
    "date": "2014-02-02",
    "symbol": "LULU",
    "reportedCurrency": "USD",
    "cik": "0001397187",
    "fillingDate": "2014-03-27",
    "acceptedDate": "2014-03-27 08:45:48",
    "calendarYear": "2013",
    "period": "FY",
    "revenue": 1591188000,
    "costOfRevenue": 751112000,
    "grossProfit": 840076000,
    "grossProfitRatio": 0.5279552133,
    "researchAndDevelopmentExpenses": 0,
    "generalAndAdministrativeExpenses": 0,
    "sellingAndMarketingExpenses": 0,
    "sellingGeneralAndAdministrativeExpenses": 448718000,
    "otherExpenses": 0,
    "operatingExpenses": 448718000,
    "costAndExpenses": 1199830000,
    "interestIncome": 0,
    "interestExpense": 0,
    "depreciationAndAmortization": 49068000,
    "ebitda": 440426000,
    "ebitdaratio": 0.2767906746,
    "operatingIncome": 391358000,
    "operatingIncomeRatio": 0.245953338,
    "totalOtherIncomeExpensesNet": 5768000,
    "incomeBeforeTax": 397126000,
    "incomeBeforeTaxRatio": 0.2495783025,
    "incomeTaxExpense": 117579000,
    "netIncome": 279547000,
    "netIncomeRatio": 0.1756844571,
    "eps": 1.9290677854988856,
    "epsdiluted": 1.9141417253822504,
    "weightedAverageShsOut": 144913000,
    "weightedAverageShsOutDil": 146043000,
    "link": "https://www.sec.gov/Archives/edgar/data/1397187/000139718714000021/0001397187-14-000021-index.htm",
    "finalLink": "https://www.sec.gov/Archives/edgar/data/1397187/000139718714000021/lulu-20140202x10k.htm"
  },
  {
    "date": "2013-02-03",
    "symbol": "LULU",
    "reportedCurrency": "USD",
    "cik": "0001397187",
    "fillingDate": "2013-03-21",
    "acceptedDate": "2013-03-21 08:50:22",
    "calendarYear": "2012",
    "period": "FY",
    "revenue": 1370358000,
    "costOfRevenue": 607532000,
    "grossProfit": 762826000,
    "grossProfitRatio": 0.5566618358,
    "researchAndDevelopmentExpenses": 0,
    "generalAndAdministrativeExpenses": 0,
    "sellingAndMarketingExpenses": 0,
    "sellingGeneralAndAdministrativeExpenses": 386387000,
    "otherExpenses": 0,
    "operatingExpenses": 386387000,
    "costAndExpenses": 993919000,
    "interestIncome": 0,
    "interestExpense": 0,
    "depreciationAndAmortization": 43000000,
    "ebitda": 419439000,
    "ebitdaratio": 0.3060798711,
    "operatingIncome": 376439000,
    "operatingIncomeRatio": 0.2747012095,
    "totalOtherIncomeExpensesNet": 4957000,
    "incomeBeforeTax": 381396000,
    "incomeBeforeTaxRatio": 0.2783185124,
    "incomeTaxExpense": 109965000,
    "netIncome": 270556000,
    "netIncomeRatio": 0.197434539,
    "eps": 1.878861111111111,
    "epsdiluted": 1.8555889332400588,
    "weightedAverageShsOut": 144000000,
    "weightedAverageShsOutDil": 145806000,
    "link": "https://www.sec.gov/Archives/edgar/data/1397187/000119312513118393/0001193125-13-118393-index.htm",
    "finalLink": "https://www.sec.gov/Archives/edgar/data/1397187/000119312513118393/d475380d10k.htm"
  },
  {
    "date": "2012-01-29",
    "symbol": "LULU",
    "reportedCurrency": "USD",
    "cik": "0001397187",
    "fillingDate": "2012-03-22",
    "acceptedDate": "2012-03-22 08:45:47",
    "calendarYear": "2011",
    "period": "FY",
    "revenue": 1000839000,
    "costOfRevenue": 431569000,
    "grossProfit": 569270000,
    "grossProfitRatio": 0.5687927829,
    "researchAndDevelopmentExpenses": 0,
    "generalAndAdministrativeExpenses": 0,
    "sellingAndMarketingExpenses": 0,
    "sellingGeneralAndAdministrativeExpenses": 282393000,
    "otherExpenses": 0,
    "operatingExpenses": 282393000,
    "costAndExpenses": 713881000,
    "interestIncome": 0,
    "interestExpense": 0,
    "depreciationAndAmortization": 30259000,
    "ebitda": 317217000,
    "ebitdaratio": 0.316951078,
    "operatingIncome": 286958000,
    "operatingIncomeRatio": 0.2867174441,
    "totalOtherIncomeExpensesNet": 2500000,
    "incomeBeforeTax": 289458000,
    "incomeBeforeTaxRatio": 0.2892153483,
    "incomeTaxExpense": 104494000,
    "netIncome": 184063000,
    "netIncomeRatio": 0.1839087006,
    "eps": 1.29,
    "epsdiluted": 1.27,
    "weightedAverageShsOut": 143196000,
    "weightedAverageShsOutDil": 145278000,
    "link": "https://www.sec.gov/Archives/edgar/data/1397187/000119312512126444/0001193125-12-126444-index.htm",
    "finalLink": "https://www.sec.gov/Archives/edgar/data/1397187/000119312512126444/d277556d10k.htm"
  },
  {
    "date": "2011-01-30",
    "symbol": "LULU",
    "reportedCurrency": "USD",
    "cik": "0001397187",
    "fillingDate": "2011-03-17",
    "acceptedDate": "2011-03-17 08:48:56",
    "calendarYear": "2010",
    "period": "FY",
    "revenue": 711704000,
    "costOfRevenue": 316757000,
    "grossProfit": 394947000,
    "grossProfitRatio": 0.5549315446,
    "researchAndDevelopmentExpenses": 0,
    "generalAndAdministrativeExpenses": 0,
    "sellingAndMarketingExpenses": 0,
    "sellingGeneralAndAdministrativeExpenses": 214556000,
    "otherExpenses": 0,
    "operatingExpenses": 214556000,
    "costAndExpenses": 531313000,
    "interestIncome": 0,
    "interestExpense": 0,
    "depreciationAndAmortization": 24614000,
    "ebitda": 205005000,
    "ebitdaratio": 0.2880481211,
    "operatingIncome": 180391000,
    "operatingIncomeRatio": 0.2534635185,
    "totalOtherIncomeExpensesNet": 2886000,
    "incomeBeforeTax": 183277000,
    "incomeBeforeTaxRatio": 0.2575185751,
    "incomeTaxExpense": 61080000,
    "netIncome": 121847000,
    "netIncomeRatio": 0.1712046019,
    "eps": 0.86,
    "epsdiluted": 0.85,
    "weightedAverageShsOut": 141720000,
    "weightedAverageShsOutDil": 143858000,
    "link": "https://www.sec.gov/Archives/edgar/data/1397187/000095012311026220/0000950123-11-026220-index.htm",
    "finalLink": "https://www.sec.gov/Archives/edgar/data/1397187/000095012311026220/o67665e10vk.htm"
  },
  {
    "date": "2010-01-31",
    "symbol": "LULU",
    "reportedCurrency": "USD",
    "cik": "0001397187",
    "fillingDate": "2010-03-25",
    "acceptedDate": "2010-03-25 08:51:12",
    "calendarYear": "2009",
    "period": "FY",
    "revenue": 452898000,
    "costOfRevenue": 229812000,
    "grossProfit": 223086000,
    "grossProfitRatio": 0.492574487,
    "researchAndDevelopmentExpenses": 0,
    "generalAndAdministrativeExpenses": 0,
    "sellingAndMarketingExpenses": 0,
    "sellingGeneralAndAdministrativeExpenses": 136161000,
    "otherExpenses": 379000,
    "operatingExpenses": 136540000,
    "costAndExpenses": 366352000,
    "interestIncome": 0,
    "interestExpense": 0,
    "depreciationAndAmortization": 20832000,
    "ebitda": 107757000,
    "ebitdaratio": 0.2379277453,
    "operatingIncome": 86546000,
    "operatingIncomeRatio": 0.1910938004,
    "totalOtherIncomeExpensesNet": 164000,
    "incomeBeforeTax": 86710000,
    "incomeBeforeTaxRatio": 0.1914559128,
    "incomeTaxExpense": 28429000,
    "netIncome": 58281000,
    "netIncomeRatio": 0.1286846045,
    "eps": 0.41,
    "epsdiluted": 0.41,
    "weightedAverageShsOut": 140502000,
    "weightedAverageShsOutDil": 141898000,
    "link": "https://www.sec.gov/Archives/edgar/data/1397187/000095012310028033/0000950123-10-028033-index.htm",
    "finalLink": "https://www.sec.gov/Archives/edgar/data/1397187/000095012310028033/o60149e10vk.htm"
  },
  {
    "date": "2009-02-01",
    "symbol": "LULU",
    "reportedCurrency": "USD",
    "cik": "0001397187",
    "fillingDate": "2009-03-27",
    "acceptedDate": "2009-03-27 06:07:38",
    "calendarYear": "2008",
    "period": "FY",
    "revenue": 353488212,
    "costOfRevenue": 174420844,
    "grossProfit": 179067368,
    "grossProfitRatio": 0.5065723889,
    "researchAndDevelopmentExpenses": 0,
    "generalAndAdministrativeExpenses": 0,
    "sellingAndMarketingExpenses": 0,
    "sellingGeneralAndAdministrativeExpenses": 118098347,
    "otherExpenses": 4404855,
    "operatingExpenses": 122503202,
    "costAndExpenses": 296924046,
    "interestIncome": 0,
    "interestExpense": 0,
    "depreciationAndAmortization": 15822950,
    "ebitda": 72387116,
    "ebitdaratio": 0.2047794341,
    "operatingIncome": 56564166,
    "operatingIncomeRatio": 0.160017121,
    "totalOtherIncomeExpensesNet": 821412,
    "incomeBeforeTax": 57385578,
    "incomeBeforeTaxRatio": 0.1623408534,
    "incomeTaxExpense": 16883986,
    "netIncome": 39363227,
    "netIncomeRatio": 0.1113565479,
    "eps": 0.28,
    "epsdiluted": 0.28,
    "weightedAverageShsOut": 137421492,
    "weightedAverageShsOutDil": 141884848,
    "link": "https://www.sec.gov/Archives/edgar/data/1397187/000090956709000292/0000909567-09-000292-index.htm",
    "finalLink": "https://www.sec.gov/Archives/edgar/data/1397187/000090956709000292/o54371e10vk.htm"
  },
  {
    "date": "2008-02-03",
    "symbol": "LULU",
    "reportedCurrency": "USD",
    "cik": "0001397187",
    "fillingDate": "2008-04-08",
    "acceptedDate": "2008-04-08 08:01:54",
    "calendarYear": "2007",
    "period": "FY",
    "revenue": 274713328,
    "costOfRevenue": 128411175,
    "grossProfit": 146302153,
    "grossProfitRatio": 0.532562996,
    "researchAndDevelopmentExpenses": 0,
    "generalAndAdministrativeExpenses": 0,
    "sellingAndMarketingExpenses": 0,
    "sellingGeneralAndAdministrativeExpenses": 93376167,
    "otherExpenses": 0,
    "operatingExpenses": 93376167,
    "costAndExpenses": 218391155,
    "interestIncome": 0,
    "interestExpense": 0,
    "depreciationAndAmortization": 8291254,
    "ebitda": 59842461,
    "ebitdaratio": 0.2178360309,
    "operatingIncome": 51551207,
    "operatingIncomeRatio": 0.1876545538,
    "totalOtherIncomeExpensesNet": 1029118,
    "incomeBeforeTax": 52580325,
    "incomeBeforeTaxRatio": 0.1914007063,
    "incomeTaxExpense": 20464444,
    "netIncome": 30842452,
    "netIncomeRatio": 0.1122714075,
    "eps": 0.23,
    "epsdiluted": 0.23,
    "weightedAverageShsOut": 132860044,
    "weightedAverageShsOutDil": 138595756,
    "link": "https://www.sec.gov/Archives/edgar/data/1397187/000090956708000415/0000909567-08-000415-index.htm",
    "finalLink": "https://www.sec.gov/Archives/edgar/data/1397187/000090956708000415/o39896e10vk.htm"
  },
  {
    "date": "2007-01-31",
    "symbol": "LULU",
    "reportedCurrency": "USD",
    "cik": "0001397187",
    "fillingDate": "2007-01-31",
    "acceptedDate": "2007-01-31 00:00:00",
    "calendarYear": "2006",
    "period": "FY",
    "revenue": 148884834,
    "costOfRevenue": 72903112,
    "grossProfit": 75981722,
    "grossProfitRatio": 0.5103388972,
    "researchAndDevelopmentExpenses": 0,
    "generalAndAdministrativeExpenses": 0,
    "sellingAndMarketingExpenses": 0,
    "sellingGeneralAndAdministrativeExpenses": 51862736,
    "otherExpenses": 7628310,
    "operatingExpenses": 59491046,
    "costAndExpenses": 131740547,
    "interestIncome": 0,
    "interestExpense": 0,
    "depreciationAndAmortization": 4586646,
    "ebitda": 20810294,
    "ebitdaratio": 0.139774438,
    "operatingIncome": 16223648,
    "operatingIncomeRatio": 0.1089677677,
    "totalOtherIncomeExpensesNet": 504404,
    "incomeBeforeTax": 16728052,
    "incomeBeforeTaxRatio": 0.112355648,
    "incomeTaxExpense": 8751675,
    "netIncome": 7666331,
    "netIncomeRatio": 0.0514916852,
    "eps": 0.06,
    "epsdiluted": 0.06,
    "weightedAverageShsOut": 130313250,
    "weightedAverageShsOutDil": 130607678,
    "link": null,
    "finalLink": null
  },
  {
    "date": "2006-01-31",
    "symbol": "LULU",
    "reportedCurrency": "USD",
    "cik": "0001397187",
    "fillingDate": "2006-01-31",
    "acceptedDate": "2006-01-31 00:00:00",
    "calendarYear": "2005",
    "period": "FY",
    "revenue": 84129093,
    "costOfRevenue": 41176981,
    "grossProfit": 42952112,
    "grossProfitRatio": 0.5105500424,
    "researchAndDevelopmentExpenses": 0,
    "generalAndAdministrativeExpenses": 0,
    "sellingAndMarketingExpenses": 0,
    "sellingGeneralAndAdministrativeExpenses": 39225404,
    "otherExpenses": 0,
    "operatingExpenses": 39225404,
    "costAndExpenses": 80402385,
    "interestIncome": 0,
    "interestExpense": 0,
    "depreciationAndAmortization": 2466298,
    "ebitda": 6193006,
    "ebitdaratio": 0.0736131317,
    "operatingIncome": 3726708,
    "operatingIncomeRatio": 0.0442974941,
    "totalOtherIncomeExpensesNet": 3542,
    "incomeBeforeTax": 3730250,
    "incomeBeforeTaxRatio": 0.0443395961,
    "incomeTaxExpense": 2336146,
    "netIncome": 1394104,
    "netIncomeRatio": 0.0165710095,
    "eps": 0.015,
    "epsdiluted": 0.015,
    "weightedAverageShsOut": 89549332,
    "weightedAverageShsOutDil": 89549332,
    "link": null,
    "finalLink": null
  },
  {
    "date": "2005-01-31",
    "symbol": "LULU",
    "reportedCurrency": "USD",
    "cik": "0001397187",
    "fillingDate": "2005-01-31",
    "acceptedDate": "2005-01-31 00:00:00",
    "calendarYear": "2004",
    "period": "FY",
    "revenue": 40748376,
    "costOfRevenue": 0,
    "grossProfit": 40748376,
    "grossProfitRatio": 1,
    "researchAndDevelopmentExpenses": 0,
    "generalAndAdministrativeExpenses": 0,
    "sellingAndMarketingExpenses": 0,
    "sellingGeneralAndAdministrativeExpenses": 0,
    "otherExpenses": 0,
    "operatingExpenses": 0,
    "costAndExpenses": 0,
    "interestIncome": 0,
    "interestExpense": 0,
    "depreciationAndAmortization": 0,
    "ebitda": 40748376,
    "ebitdaratio": 1,
    "operatingIncome": 40748376,
    "operatingIncomeRatio": 1,
    "totalOtherIncomeExpensesNet": -40748376,
    "incomeBeforeTax": 0,
    "incomeBeforeTaxRatio": 0,
    "incomeTaxExpense": 0,
    "netIncome": -1411032,
    "netIncomeRatio": -0.0346279322,
    "eps": -0.0158,
    "epsdiluted": -0.0158,
    "weightedAverageShsOut": 89549332,
    "weightedAverageShsOutDil": 89549332,
    "link": null,
    "finalLink": null
  },
  {
    "date": "2004-01-31",
    "symbol": "LULU",
    "reportedCurrency": "USD",
    "cik": "0001397187",
    "fillingDate": "2004-01-31",
    "acceptedDate": "2004-01-31 00:00:00",
    "calendarYear": "2003",
    "period": "FY",
    "revenue": 18188000,
    "costOfRevenue": 0,
    "grossProfit": 18188000,
    "grossProfitRatio": 1,
    "researchAndDevelopmentExpenses": 0,
    "generalAndAdministrativeExpenses": 0,
    "sellingAndMarketingExpenses": 0,
    "sellingGeneralAndAdministrativeExpenses": 0,
    "otherExpenses": 17427000,
    "operatingExpenses": 17427000,
    "costAndExpenses": 17427000,
    "interestIncome": 0,
    "interestExpense": 0,
    "depreciationAndAmortization": 0,
    "ebitda": 761000,
    "ebitdaratio": 0.0418407741,
    "operatingIncome": 761000,
    "operatingIncomeRatio": 0.0418407741,
    "totalOtherIncomeExpensesNet": -4000,
    "incomeBeforeTax": 757000,
    "incomeBeforeTaxRatio": 0.0416208489,
    "incomeTaxExpense": 0,
    "netIncome": 319000,
    "netIncomeRatio": 0.0175390367,
    "eps": 0.005,
    "epsdiluted": 0.005,
    "weightedAverageShsOut": 67690788,
    "weightedAverageShsOutDil": 67690788,
    "link": null,
    "finalLink": null
  }
]