[
  {
    "date": "2025-08-03",
    "symbol": "LULU",
    "reportedCurrency": "USD",
    "cik": "0001397187",
    "fillingDate": "2025-09-04",
    "acceptedDate": "2025-09-04 16:12:44",
    "calendarYear": "2025",
    "period": "Q2",
    "revenue": 2525219000,
    "costOfRevenue": 1048017000,
    "grossProfit": 1477202000,
    "grossProfitRatio": 0.5849797582,
    "researchAndDevelopmentExpenses": 0,
    "generalAndAdministrativeExpenses": 0,
    "sellingAndMarketingExpenses": 0,
    "sellingGeneralAndAdministrativeExpenses": 951658000,
    "otherExpenses": 0,
    "operatingExpenses": 951658000,
    "costAndExpenses": 1999675000,
    "interestIncome": 0,
    "interestExpense": 0,
    "depreciationAndAmortization": 119715000,
    "ebitda": 653266000,
    "ebitdaratio": 0.2586967705,
    "operatingIncome": 523814000,
    "operatingIncomeRatio": 0.2074330979,
    "totalOtherIncomeExpensesNet": 9737000,
    "incomeBeforeTax": 533551000,
    "incomeBeforeTaxRatio": 0.2112890011,
    "incomeTaxExpense": 162646000,
    "netIncome": 370905000,
    "netIncomeRatio": 0.14688033,
    "eps": 3.1,
    "epsdiluted": 3.1,
    "weightedAverageShsOut": 119600000,
    "weightedAverageShsOutDil": 119680000,
    "link": "https://www.sec.gov/Archives/edgar/data/1397187/000139718725000039/0001397187-25-000039-index.htm",
    "finalLink": "https://www.sec.gov/Archives/edgar/data/1397187/000139718725000039/lulu-20250803.htm"
  },
  {
    "date": "2025-05-04",
    "symbol": "LULU",
    "reportedCurrency": "USD",
    "cik": "0001397187",
    "fillingDate": "2025-06-05",
    "acceptedDate": "2025-06-05 16:13:00",
    "calendarYear": "2025",
    "period": "Q1",
    "revenue": 2370660000,
    "costOfRevenue": 987534000,
    "grossProfit": 1383126000,
    "grossProfitRatio": 0.5834349928,
    "researchAndDevelopmentExpenses": 0,
    "generalAndAdministrativeExpenses": 0,
    "sellingAndMarketingExpenses": 0,
    "sellingGeneralAndAdministrativeExpenses": 942871000,
    "otherExpenses": 1630000,
    "operatingExpenses": 944501000,
    "costAndExpenses": 1932035000,
    "interestIncome": 0,
    "interestExpense": 0,
    "depreciationAndAmortization": 114529000,
    "ebitda": 553154000,
    "ebitdaratio": 0.2333333333,
    "operatingIncome": 438625000,
    "operatingIncomeRatio": 0.1850223145,
    "totalOtherIncomeExpensesNet": 11786000,
    "incomeBeforeTax": 450411000,
    "incomeBeforeTaxRatio": 0.1899939257,
    "incomeTaxExpense": 135839000,
    "netIncome": 314572000,
    "netIncomeRatio": 0.132693849,
    "eps": 2.61,
    "epsdiluted": 2.6,
    "weightedAverageShsOut": 120632000,
    "weightedAverageShsOutDil": 120843000,
    "link": "https://www.sec.gov/Archives/edgar/data/1397187/000139718725000027/0001397187-25-000027-index.htm",
    "finalLink": "https://www.sec.gov/Archives/edgar/data/1397187/000139718725000027/lulu-20250504.htm"
  },
  {
    "date": "2025-02-02",
    "symbol": "LULU",
    "reportedCurrency": "USD",
    "cik": "0001397187",
    "fillingDate": "2025-03-27",
    "acceptedDate": "2025-03-27 16:12:41",
    "calendarYear": "2024",
    "period": "Q4",
    "revenue": 3611497000,
    "costOfRevenue": 1429545000,
    "grossProfit": 2181952000,
    "grossProfitRatio": 0.6041682992,
    "researchAndDevelopmentExpenses": 0,
    "generalAndAdministrativeExpenses": 0,
    "sellingAndMarketingExpenses": 0,
    "sellingGeneralAndAdministrativeExpenses": 1138167000,
    "otherExpenses": 1617000,
    "operatingExpenses": 1139784000,
    "costAndExpenses": 2569329000,
    "interestIncome": 0,
    "interestExpense": 0,
    "depreciationAndAmortization": 133593000,
    "ebitda": 1175761000,
    "ebitdaratio": 0.3255605639,
    "operatingIncome": 1042168000,
    "operatingIncomeRatio": 0.2885695322,
    "totalOtherIncomeExpensesNet": 15360000,
    "incomeBeforeTax": 1057528000,
    "incomeBeforeTaxRatio": 0.2928226162,
    "incomeTaxExpense": 309125000,
    "netIncome": 748403000,
    "netIncomeRatio": 0.2072279168,
    "eps": 6.15,
    "epsdiluted": 6.14,
    "weightedAverageShsOut": 121683000,
    "weightedAverageShsOutDil": 121895000,
    "link": "https://www.sec.gov/Archives/edgar/data/1397187/000139718725000013/0001397187-25-000013-index.htm",
    "finalLink": "https://www.sec.gov/Archives/edgar/data/1397187/000139718725000013/lulu-20250202.htm"
  },
  {
    "date": "2024-10-27",
    "symbol": "LULU",
    "reportedCurrency": "USD",
    "cik": "0001397187",
    "fillingDate": "2024-12-05",
    "acceptedDate": "2024-12-05 16:14:29",
    "calendarYear": "2024",
    "period": "Q3",
    "revenue": 2396660000,
    "costOfRevenue": 995054000,
    "grossProfit": 1401606000,
    "grossProfitRatio": 0.5848163694,
    "researchAndDevelopmentExpenses": 0,
    "generalAndAdministrativeExpenses": 0,
    "sellingAndMarketingExpenses": 0,
    "sellingGeneralAndAdministrativeExpenses": 909827000,
    "otherExpenses": 1118000,
    "operatingExpenses": 910945000,
    "costAndExpenses": 1905999000,
    "interestIncome": 0,
    "interestExpense": 0,
    "depreciationAndAmortization": 113599000,
    "ebitda": 604260000,
    "ebitdaratio": 0.2521258752,
    "operatingIncome": 490661000,
    "operatingIncomeRatio": 0.2047269951,
    "totalOtherIncomeExpensesNet": 13743000,
    "incomeBeforeTax": 504404000,
    "incomeBeforeTaxRatio": 0.2104612252,
    "incomeTaxExpense": 152534000,
    "netIncome": 351870000,
    "netIncomeRatio": 0.1468168201,
    "eps": 2.87,
    "epsdiluted": 2.87,
    "weightedAverageShsOut": 122697000,
    "weightedAverageShsOutDil": 122803000,
    "link": "https://www.sec.gov/Archives/edgar/data/1397187/000139718724000041/0001397187-24-000041-index.htm",
    "finalLink": "https://www.sec.gov/Archives/edgar/data/1397187/000139718724000041/lulu-20241027.htm"
  },
  {
    "date": "2024-07-28",
    "symbol": "LULU",
    "reportedCurrency": "USD",
    "cik": "0001397187",
    "fillingDate": "2024-08-29",
    "acceptedDate": "2024-08-29 16:16:25",
    "calendarYear": "2024",
    "period": "Q2",
    "revenue": 2371078000,
    "costOfRevenue": 958893000,
    "grossProfit": 1412185000,
    "grossProfitRatio": 0.5955877453,
    "researchAndDevelopmentExpenses": 0,
    "generalAndAdministrativeExpenses": 0,
    "sellingAndMarketingExpenses": 0,
    "sellingGeneralAndAdministrativeExpenses": 871959000,
    "otherExpenses": 0,
    "operatingExpenses": 871959000,
    "costAndExpenses": 1830852000,
    "interestIncome": 0,
    "interestExpense": 0,
    "depreciationAndAmortization": 103573000,
    "ebitda": 643799000,
    "ebitdaratio": 0.2715216454,
    "operatingIncome": 540226000,
    "operatingIncomeRatio": 0.2278398264,
    "totalOtherIncomeExpensesNet": 17994000,
    "incomeBeforeTax": 558220000,
    "incomeBeforeTaxRatio": 0.2354287797,
    "incomeTaxExpense": 165298000,
    "netIncome": 392922000,
    "netIncomeRatio": 0.1657144978,
    "eps": 3.15,
    "epsdiluted": 3.15,
    "weightedAverageShsOut": 124721000,
    "weightedAverageShsOutDil": 124857000,
    "link": "https://www.sec.gov/Archives/edgar/data/1397187/000139718724000034/0001397187-24-000034-index.htm",
    "finalLink": "https://www.sec.gov/Archives/edgar/data/1397187/000139718724000034/lulu-20240728.htm"
  },
  {
    "date": "2024-04-28",
    "symbol": "LULU",
    "reportedCurrency": "USD",
    "cik": "0001397187",
    "fillingDate": "2024-06-05",
    "acceptedDate": "2024-06-05 16:13:47",
    "calendarYear": "2024",
    "period": "Q1",
    "revenue": 2208891000,
    "costOfRevenue": 933823000,
    "grossProfit": 1275068000,
    "grossProfitRatio": 0.5772435127,
    "researchAndDevelopmentExpenses": 0,
    "generalAndAdministrativeExpenses": 0,
    "sellingAndMarketingExpenses": 0,
    "sellingGeneralAndAdministrativeExpenses": 842426000,
    "otherExpenses": 0,
    "operatingExpenses": 842426000,
    "costAndExpenses": 1776249000,
    "interestIncome": 0,
    "interestExpense": 0,
    "depreciationAndAmortization": 95759000,
    "ebitda": 528401000,
    "ebitdaratio": 0.2392155158,
    "operatingIncome": 432642000,
    "operatingIncomeRatio": 0.1958638973,
    "totalOtherIncomeExpensesNet": 23283000,
    "incomeBeforeTax": 455925000,
    "incomeBeforeTaxRatio": 0.2064044808,
    "incomeTaxExpense": 134504000,
    "netIncome": 321421000,
    "netIncomeRatio": 0.1455123861,
    "eps": 2.55,
    "epsdiluted": 2.54,
    "weightedAverageShsOut": 125989000,
    "weightedAverageShsOutDil": 126336000,
    "link": "https://www.sec.gov/Archives/edgar/data/1397187/000139718724000024/0001397187-24-000024-index.htm",
    "finalLink": "https://www.sec.gov/Archives/edgar/data/1397187/000139718724000024/lulu-20240428.htm"
  },
  {
    "date": "2024-01-28",
    "symbol": "LULU",
    "reportedCurrency": "USD",
    "cik": "0001397187",
    "fillingDate": "2024-03-21",
    "acceptedDate": "2024-03-21 16:12:29",
    "calendarYear": "2023",
    "period": "Q4",
    "revenue": 3205103000,
    "costOfRevenue": 1301678000,
    "grossProfit": 1903425000,
    "grossProfitRatio": 0.5938732702,
    "researchAndDevelopmentExpenses": 0,
    "generalAndAdministrativeExpenses": 0,
    "sellingAndMarketingExpenses": 0,
    "sellingGeneralAndAdministrativeExpenses": 989535000,
    "otherExpenses": 0,
    "operatingExpenses": 989535000,
    "costAndExpenses": 2291213000,
    "interestIncome": 0,
    "interestExpense": 0,
    "depreciationAndAmortization": 103290000,
    "ebitda": 1017180000,
    "ebitdaratio": 0.3173626557,
    "operatingIncome": 913890000,
    "operatingIncomeRatio": 0.2851359223,
    "totalOtherIncomeExpensesNet": 17830000,
    "incomeBeforeTax": 931720000,
    "incomeBeforeTaxRatio": 0.2906989261,
    "incomeTaxExpense": 262252000,
    "netIncome": 669468000,
    "netIncomeRatio": 0.2088756586,
    "eps": 5.3,
    "epsdiluted": 5.29,
    "weightedAverageShsOut": 126228000,
    "weightedAverageShsOutDil": 126584000,
    "link": "https://www.sec.gov/Archives/edgar/data/1397187/000139718724000010/0001397187-24-000010-index.htm",
    "finalLink": "https://www.sec.gov/Archives/edgar/data/1397187/000139718724000010/lulu-20240128.htm"
  },
  {
    "date": "2023-10-29",
    "symbol": "LULU",
    "reportedCurrency": "USD",
    "cik": "0001397187",
    "fillingDate": "2023-12-07",
    "acceptedDate": "2023-12-07 16:11:52",
    "calendarYear": "2023",
    "period": "Q3",
    "revenue": 2204218000,
    "costOfRevenue": 947554000,
    "grossProfit": 1256664000,
    "grossProfitRatio": 0.5701178377,
    "researchAndDevelopmentExpenses": 0,
    "generalAndAdministrativeExpenses": 0,
    "sellingAndMarketingExpenses": 0,
    "sellingGeneralAndAdministrativeExpenses": 842795000,
    "otherExpenses": 75754000,
    "operatingExpenses": 918549000,
    "costAndExpenses": 1866103000,
    "interestIncome": 0,
    "interestExpense": 0,
    "depreciationAndAmortization": 97969000,
    "ebitda": 510585000,
    "ebitdaratio": 0.2316399739,
    "operatingIncome": 338115000,
    "operatingIncomeRatio": 0.1533945372,
    "totalOtherIncomeExpensesNet": 9842000,
    "incomeBeforeTax": 347957000,
    "incomeBeforeTaxRatio": 0.1578596128,
    "incomeTaxExpense": 99243000,
    "netIncome": 248714000,
    "netIncomeRatio": 0.1128354818,
    "eps": 1.97,
    "epsdiluted": 1.96,
    "weightedAverageShsOut": 126460000,
    "weightedAverageShsOutDil": 126770000,
    "link": "https://www.sec.gov/Archives/edgar/data/1397187/000139718723000052/0001397187-23-000052-index.htm",
    "finalLink": "https://www.sec.gov/Archives/edgar/data/1397187/000139718723000052/lulu-20231029.htm"
  },
  {
    "date": "2023-07-30",
    "symbol": "LULU",
    "reportedCurrency": "USD",
    "cik": "0001397187",
    "fillingDate": "2023-08-31",
    "acceptedDate": "2023-08-31 16:11:49",
    "calendarYear": "2023",
    "period": "Q2",
    "revenue": 2209165000,
    "costOfRevenue": 910654000,
    "grossProfit": 1298511000,
    "grossProfitRatio": 0.5877836196,
    "researchAndDevelopmentExpenses": 0,
    "generalAndAdministrativeExpenses": 0,
    "sellingAndMarketingExpenses": 0,
    "sellingGeneralAndAdministrativeExpenses": 817375000,
    "otherExpenses": 1879000,
    "operatingExpenses": 819254000,
    "costAndExpenses": 1729908000,
    "interestIncome": 0,
    "interestExpense": 0,
    "depreciationAndAmortization": 94009000,
    "ebitda": 573266000,
    "ebitdaratio": 0.2594944244,
    "operatingIncome": 479257000,
    "operatingIncomeRatio": 0.2169403372,
    "totalOtherIncomeExpensesNet": 7362000,
    "incomeBeforeTax": 486619000,
    "incomeBeforeTaxRatio": 0.220272818,
    "incomeTaxExpense": 145016000,
    "netIncome": 341603000,
    "netIncomeRatio": 0.1546299167,
    "eps": 2.69,
    "epsdiluted": 2.68,
    "weightedAverageShsOut": 126969000,
    "weightedAverageShsOutDil": 127263000,
    "link": "https://www.sec.gov/Archives/edgar/data/1397187/000139718723000044/0001397187-23-000044-index.htm",
    "finalLink": "https://www.sec.gov/Archives/edgar/data/1397187/000139718723000044/lulu-20230730.htm"
  },
  {
    "date": "2023-04-30",
    "symbol": "LULU",
    "reportedCurrency": "USD",
    "cik": "0001397187",
    "fillingDate": "2023-06-01",
    "acceptedDate": "2023-06-01 16:13:08",
    "calendarYear": "2023",
    "period": "Q1",
    "revenue": 2000792000,
    "costOfRevenue": 849987000,
    "grossProfit": 1150805000,
    "grossProfitRatio": 0.5751747308,
    "researchAndDevelopmentExpenses": 0,
    "generalAndAdministrativeExpenses": 0,
    "sellingAndMarketingExpenses": 0,
    "sellingGeneralAndAdministrativeExpenses": 747513000,
    "otherExpenses": 1878000,
    "operatingExpenses": 749391000,
    "costAndExpenses": 1599378000,
    "interestIncome": 0,
    "interestExpense": 0,
    "depreciationAndAmortization": 84116000,
    "ebitda": 485530000,
    "ebitdaratio": 0.2426689031,
    "operatingIncome": 401414000,
    "operatingIncomeRatio": 0.2006275515,
    "totalOtherIncomeExpensesNet": 8025000,
    "incomeBeforeTax": 409439000,
    "incomeBeforeTaxRatio": 0.2046384632,
    "incomeTaxExpense": 119034000,
    "netIncome": 290405000,
    "netIncomeRatio": 0.1451450226,
    "eps": 2.28,
    "epsdiluted": 2.28,
    "weightedAverageShsOut": 127246000,
    "weightedAverageShsOutDil": 127621000,
    "link": "https://www.sec.gov/Archives/edgar/data/1397187/000139718723000027/0001397187-23-000027-index.htm",
    "finalLink": "https://www.sec.gov/Archives/edgar/data/1397187/000139718723000027/lulu-20230430.htm"
  },
  {
    "date": "2023-01-29",
    "symbol": "LULU",
    "reportedCurrency": "USD",
    "cik": "0001397187",
    "fillingDate": "2023-03-28",
    "acceptedDate": "2023-03-28 16:13:10",
    "calendarYear": "2022",
    "period": "Q4",
    "revenue": 2771838000,
    "costOfRevenue": 1244219000,
    "grossProfit": 1527619000,
    "grossProfitRatio": 0.5511213137,
    "researchAndDevelopmentExpenses": 0,
    "generalAndAdministrativeExpenses": 0,
    "sellingAndMarketingExpenses": 0,
    "sellingGeneralAndAdministrativeExpenses": 803107000,
    "otherExpenses": 410086000,
    "operatingExpenses": 1213193000,
    "costAndExpenses": 2457412000,
    "interestIncome": 0,
    "interestExpense": 0,
    "depreciationAndAmortization": 80162000,
    "ebitda": 802501000,
    "ebitdaratio": 0.2895194452,
    "operatingIncome": 314426000,
    "operatingIncomeRatio": 0.1134359223,
    "totalOtherIncomeExpensesNet": 3709000,
    "incomeBeforeTax": 318135000,
    "incomeBeforeTaxRatio": 0.1147740236,
    "incomeTaxExpense": 198324000,
    "netIncome": 119811000,
    "netIncomeRatio": 0.0432243876,
    "eps": 0.94,
    "epsdiluted": 0.94,
    "weightedAverageShsOut": 127456000,
    "weightedAverageShsOutDil": 127802000,
    "link": "https://www.sec.gov/Archives/edgar/data/1397187/000139718723000012/0001397187-23-000012-index.htm",
    "finalLink": "https://www.sec.gov/Archives/edgar/data/1397187/000139718723000012/lulu-20230129.htm"
  },
  {
    "date": "2022-10-30",
    "symbol": "LULU",
    "reportedCurrency": "USD",
    "cik": "0001397187",
    "fillingDate": "2022-12-08",
    "acceptedDate": "2022-12-08 16:11:22",
    "calendarYear": "2022",
    "period": "Q3",
    "revenue": 1856889000,
    "costOfRevenue": 818037000,
    "grossProfit": 1038852000,
    "grossProfitRatio": 0.5594583198,
    "researchAndDevelopmentExpenses": 0,
    "generalAndAdministrativeExpenses": 0,
    "sellingAndMarketingExpenses": 0,
    "sellingGeneralAndAdministrativeExpenses": 684236000,
    "otherExpenses": 2189000,
    "operatingExpenses": 686425000,
    "costAndExpenses": 1504462000,
    "interestIncome": 0,
    "interestExpense": 0,
    "depreciationAndAmortization": 79188000,
    "ebitda": 431615000,
    "ebitdaratio": 0.2324398497,
    "operatingIncome": 352427000,
    "operatingIncomeRatio": 0.189794328,
    "totalOtherIncomeExpensesNet": 331000,
    "incomeBeforeTax": 352758000,
    "incomeBeforeTaxRatio": 0.1899725832,
    "incomeTaxExpense": 97288000,
    "netIncome": 255470000,
    "netIncomeRatio": 0.1375795753,
    "eps": 2,
    "epsdiluted": 2,
    "weightedAverageShsOut": 127511000,
    "weightedAverageShsOutDil": 127820000,
    "link": "https://www.sec.gov/Archives/edgar/data/1397187/000139718722000049/0001397187-22-000049-index.htm",
    "finalLink": "https://www.sec.gov/Archives/edgar/data/1397187/000139718722000049/lulu-20221030.htm"
  },
  {
    "date": "2022-07-31",
    "symbol": "LULU",
    "reportedCurrency": "USD",
    "cik": "0001397187",
    "fillingDate": "2022-09-01",
    "acceptedDate": "2022-09-01 16:12:11",
    "calendarYear": "2022",
    "period": "Q2",
    "revenue": 1868328000,
    "costOfRevenue": 812852000,
    "grossProfit": 1055476000,
    "grossProfitRatio": 0.564930783,
    "researchAndDevelopmentExpenses": 0,
    "generalAndAdministrativeExpenses": 0,
    "sellingAndMarketingExpenses": 0,
    "sellingGeneralAndAdministrativeExpenses": 662253000,
    "otherExpenses": -7985000,
    "operatingExpenses": 654268000,
    "costAndExpenses": 1467120000,
    "interestIncome": 0,
    "interestExpense": 0,
    "depreciationAndAmortization": 67971000,
    "ebitda": 458999000,
    "ebitdaratio": 0.2456736719,
    "operatingIncome": 401208000,
    "operatingIncomeRatio": 0.214741737,
    "totalOtherIncomeExpensesNet": 145000,
    "incomeBeforeTax": 401353000,
    "incomeBeforeTaxRatio": 0.2148193465,
    "incomeTaxExpense": 111832000,
    "netIncome": 289521000,
    "netIncomeRatio": 0.154962619,
    "eps": 2.27,
    "epsdiluted": 2.26,
    "weightedAverageShsOut": 127619000,
    "weightedAverageShsOutDil": 127906000,
    "link": "https://www.sec.gov/Archives/edgar/data/1397187/000139718722000040/0001397187-22-000040-index.htm",
    "finalLink": "https://www.sec.gov/Archives/edgar/data/1397187/000139718722000040/lulu-20220731.htm"
  },
  {
    "date": "2022-05-01",
    "symbol": "LULU",
    "reportedCurrency": "USD",
    "cik": "0001397187",
    "fillingDate": "2022-06-02",
    "acceptedDate": "2022-06-02 16:12:41",
    "calendarYear": "2022",
    "period": "Q1",
    "revenue": 1613463000,
    "costOfRevenue": 743070000,
    "grossProfit": 870393000,
    "grossProfitRatio": 0.5394564362,
    "researchAndDevelopmentExpenses": 0,
    "generalAndAdministrativeExpenses": 0,
    "sellingAndMarketingExpenses": 0,
    "sellingGeneralAndAdministrativeExpenses": 607851000,
    "otherExpenses": 2195000,
    "operatingExpenses": 610046000,
    "costAndExpenses": 1353116000,
    "interestIncome": 0,
    "interestExpense": 0,
    "depreciationAndAmortization": 64470000,
    "ebitda": 324817000,
    "ebitdaratio": 0.201316671,
    "operatingIncome": 260347000,
    "operatingIncomeRatio": 0.1613591387,
    "totalOtherIncomeExpensesNet": -22000,
    "incomeBeforeTax": 260325000,
    "incomeBeforeTaxRatio": 0.1613455034,
    "incomeTaxExpense": 70327000,
    "netIncome": 189998000,
    "netIncomeRatio": 0.1177578909,
    "eps": 1.48,
    "epsdiluted": 1.48,
    "weightedAverageShsOut": 128077000,
    "weightedAverageShsOutDil": 128541000,
    "link": "https://www.sec.gov/Archives/edgar/data/1397187/000139718722000031/0001397187-22-000031-index.htm",
    "finalLink": "https://www.sec.gov/Archives/edgar/data/1397187/000139718722000031/lulu-20220501.htm"
  },
  {
    "date": "2022-01-30",
    "symbol": "LULU",
    "reportedCurrency": "USD",
    "cik": "0001397187",
    "fillingDate": "2022-03-29",
    "acceptedDate": "2022-03-29 16:16:02",
    "calendarYear": "2021",
    "period": "Q4",
    "revenue": 2129113000,
    "costOfRevenue": 892941000,
    "grossProfit": 1236172000,
    "grossProfitRatio": 0.5806042234,
    "researchAndDevelopmentExpenses": 0,
    "generalAndAdministrativeExpenses": 0,
    "sellingAndMarketingExpenses": 0,
    "sellingGeneralAndAdministrativeExpenses": 641959000,
    "otherExpenses": 3657000,
    "operatingExpenses": 645616000,
    "costAndExpenses": 1538557000,
    "interestIncome": 0,
    "interestExpense": 0,
    "depreciationAndAmortization": 62120000,
    "ebitda": 654136000,
    "ebitdaratio": 0.3072340454,
    "operatingIncome": 590556000,
    "operatingIncomeRatio": 0.2773718445,
    "totalOtherIncomeExpensesNet": 176000,
    "incomeBeforeTax": 590732000,
    "incomeBeforeTaxRatio": 0.2774545081,
    "incomeTaxExpense": 156228000,
    "netIncome": 434504000,
    "netIncomeRatio": 0.2040774726,
    "eps": 3.37,
    "epsdiluted": 3.36,
    "weightedAverageShsOut": 129015000,
    "weightedAverageShsOutDil": 129508000,
    "link": "https://www.sec.gov/Archives/edgar/data/1397187/000139718722000014/0001397187-22-000014-index.htm",
    "finalLink": "https://www.sec.gov/Archives/edgar/data/1397187/000139718722000014/lulu-20220130.htm"
  },
  {
    "date": "2021-10-31",
    "symbol": "LULU",
    "reportedCurrency": "USD",
    "cik": "0001397187",
    "fillingDate": "2021-12-09",
    "acceptedDate": "2021-12-09 16:16:32",
    "calendarYear": "2021",
    "period": "Q3",
    "revenue": 1450421000,
    "costOfRevenue": 621028000,
    "grossProfit": 829393000,
    "grossProfitRatio": 0.5718291448,
    "researchAndDevelopmentExpenses": 0,
    "generalAndAdministrativeExpenses": 0,
    "sellingAndMarketingExpenses": 0,
    "sellingGeneralAndAdministrativeExpenses": 545124000,
    "otherExpenses": 26322000,
    "operatingExpenses": 571446000,
    "costAndExpenses": 1192474000,
    "interestIncome": 0,
    "interestExpense": 0,
    "depreciationAndAmortization": 57963000,
    "ebitda": 340037000,
    "ebitdaratio": 0.2344402074,
    "operatingIncome": 257947000,
    "operatingIncomeRatio": 0.177842847,
    "totalOtherIncomeExpensesNet": 15000,
    "incomeBeforeTax": 257962000,
    "incomeBeforeTaxRatio": 0.1778531888,
    "incomeTaxExpense": 70174000,
    "netIncome": 187788000,
    "netIncomeRatio": 0.1294713742,
    "eps": 1.45,
    "epsdiluted": 1.44,
    "weightedAverageShsOut": 129684000,
    "weightedAverageShsOutDil": 130189000,
    "link": "https://www.sec.gov/Archives/edgar/data/1397187/000139718721000039/0001397187-21-000039-index.htm",
    "finalLink": "https://www.sec.gov/Archives/edgar/data/1397187/000139718721000039/lulu-20211031.htm"
  },
  {
    "date": "2021-08-01",
    "symbol": "LULU",
    "reportedCurrency": "USD",
    "cik": "0001397187",
    "fillingDate": "2021-09-08",
    "acceptedDate": "2021-09-08 16:17:32",
    "calendarYear": "2021",
    "period": "Q2",
    "revenue": 1450618000,
    "costOfRevenue": 607932000,
    "grossProfit": 842686000,
    "grossProfitRatio": 0.5809151686,
    "researchAndDevelopmentExpenses": 0,
    "generalAndAdministrativeExpenses": 0,
    "sellingAndMarketingExpenses": 0,
    "sellingGeneralAndAdministrativeExpenses": 541317000,
    "otherExpenses": 10338000,
    "operatingExpenses": 551655000,
    "costAndExpenses": 1159587000,
    "interestIncome": 0,
    "interestExpense": 0,
    "depreciationAndAmortization": 53638000,
    "ebitda": 352812000,
    "ebitdaratio": 0.2432149608,
    "operatingIncome": 291031000,
    "operatingIncomeRatio": 0.2006255265,
    "totalOtherIncomeExpensesNet": 96000,
    "incomeBeforeTax": 291127000,
    "incomeBeforeTaxRatio": 0.2006917052,
    "incomeTaxExpense": 83053000,
    "netIncome": 208074000,
    "netIncomeRatio": 0.143438176,
    "eps": 1.6,
    "epsdiluted": 1.59,
    "weightedAverageShsOut": 130007000,
    "weightedAverageShsOutDil": 130490000,
    "link": "https://www.sec.gov/Archives/edgar/data/1397187/000139718721000027/0001397187-21-000027-index.htm",
    "finalLink": "https://www.sec.gov/Archives/edgar/data/1397187/000139718721000027/lulu-20210801.htm"
  },
  {
    "date": "2021-05-02",
    "symbol": "LULU",
    "reportedCurrency": "USD",
    "cik": "0001397187",
    "fillingDate": "2021-06-03",
    "acceptedDate": "2021-06-03 16:18:14",
    "calendarYear": "2021",
    "period": "Q1",
    "revenue": 1226465000,
    "costOfRevenue": 526151000,
    "grossProfit": 700314000,
    "grossProfitRatio": 0.5710020261,
    "researchAndDevelopmentExpenses": 0,
    "generalAndAdministrativeExpenses": 0,
    "sellingAndMarketingExpenses": 0,
    "sellingGeneralAndAdministrativeExpenses": 496634000,
    "otherExpenses": 9859000,
    "operatingExpenses": 506493000,
    "costAndExpenses": 1032644000,
    "interestIncome": 0,
    "interestExpense": 0,
    "depreciationAndAmortization": 50485000,
    "ebitda": 251970000,
    "ebitdaratio": 0.2054441015,
    "operatingIncome": 193821000,
    "operatingIncomeRatio": 0.1580322308,
    "totalOtherIncomeExpensesNet": 227000,
    "incomeBeforeTax": 194048000,
    "incomeBeforeTaxRatio": 0.1582173156,
    "incomeTaxExpense": 49092000,
    "netIncome": 144956000,
    "netIncomeRatio": 0.1181900829,
    "eps": 1.11,
    "epsdiluted": 1.11,
    "weightedAverageShsOut": 130358000,
    "weightedAverageShsOutDil": 130984000,
    "link": "https://www.sec.gov/Archives/edgar/data/1397187/000139718721000018/0001397187-21-000018-index.htm",
    "finalLink": "https://www.sec.gov/Archives/edgar/data/1397187/000139718721000018/lulu-20210502.htm"
  },
  {
    "date": "2021-01-31",
    "symbol": "LULU",
    "reportedCurrency": "USD",
    "cik": "0001397187",
    "fillingDate": "2021-03-30",
    "acceptedDate": "2021-03-30 16:47:25",
    "calendarYear": "2020",
    "period": "Q4",
    "revenue": 1729550000,
    "costOfRevenue": 716816000,
    "grossProfit": 1012734000,
    "grossProfitRatio": 0.5855476858,
    "researchAndDevelopmentExpenses": 0,
    "generalAndAdministrativeExpenses": 0,
    "sellingAndMarketingExpenses": 0,
    "sellingGeneralAndAdministrativeExpenses": 544831000,
    "otherExpenses": 9997000,
    "operatingExpenses": 554828000,
    "costAndExpenses": 1271643000,
    "interestIncome": 0,
    "interestExpense": 0,
    "depreciationAndAmortization": 52269000,
    "ebitda": 517977000,
    "ebitdaratio": 0.2994865717,
    "operatingIncome": 457906000,
    "operatingIncomeRatio": 0.2647544159,
    "totalOtherIncomeExpensesNet": -886000,
    "incomeBeforeTax": 457020000,
    "incomeBeforeTaxRatio": 0.2642421439,
    "incomeTaxExpense": 127183000,
    "netIncome": 329837000,
    "netIncomeRatio": 0.1907068313,
    "eps": 2.53,
    "epsdiluted": 2.52,
    "weightedAverageShsOut": 130340000,
    "weightedAverageShsOutDil": 130956000,
    "link": "https://www.sec.gov/Archives/edgar/data/1397187/000139718721000009/0001397187-21-000009-index.htm",
    "finalLink": "https://www.sec.gov/Archives/edgar/data/1397187/000139718721000009/lulu-20210131.htm"
  },
  {
    "date": "2020-11-01",
    "symbol": "LULU",
    "reportedCurrency": "USD",
    "cik": "0001397187",
    "fillingDate": "2020-12-10",
    "acceptedDate": "2020-12-10 16:22:34",
    "calendarYear": "2020",
    "period": "Q3",
    "revenue": 1117426000,
    "costOfRevenue": 490072000,
    "grossProfit": 627354000,
    "grossProfitRatio": 0.5614277813,
    "researchAndDevelopmentExpenses": 0,
    "generalAndAdministrativeExpenses": 0,
    "sellingAndMarketingExpenses": 0,
    "sellingGeneralAndAdministrativeExpenses": 411708000,
    "otherExpenses": 10726000,
    "operatingExpenses": 422434000,
    "costAndExpenses": 912506000,
    "interestIncome": 0,
    "interestExpense": 0,
    "depreciationAndAmortization": 49033000,
    "ebitda": 262484000,
    "ebitdaratio": 0.2349005661,
    "operatingIncome": 204920000,
    "operatingIncomeRatio": 0.1833857455,
    "totalOtherIncomeExpensesNet": -580000,
    "incomeBeforeTax": 204340000,
    "incomeBeforeTaxRatio": 0.1828666954,
    "incomeTaxExpense": 60697000,
    "netIncome": 143643000,
    "netIncomeRatio": 0.1285481097,
    "eps": 1.1,
    "epsdiluted": 1.1,
    "weightedAverageShsOut": 130318000,
    "weightedAverageShsOutDil": 130924000,
    "link": "https://www.sec.gov/Archives/edgar/data/1397187/000139718720000057/0001397187-20-000057-index.htm",
    "finalLink": "https://www.sec.gov/Archives/edgar/data/1397187/000139718720000057/lulu-20201101.htm"
  },
  {
    "date": "2020-08-02",
    "symbol": "LULU",
    "reportedCurrency": "USD",
    "cik": "0001397187",
    "fillingDate": "2020-09-08",
    "acceptedDate": "2020-09-08 16:18:50",
    "calendarYear": "2020",
    "period": "Q2",
    "revenue": 902942000,
    "costOfRevenue": 413441000,
    "grossProfit": 489501000,
    "grossProfitRatio": 0.5421178769,
    "researchAndDevelopmentExpenses": 0,
    "generalAndAdministrativeExpenses": 0,
    "sellingAndMarketingExpenses": 0,
    "sellingGeneralAndAdministrativeExpenses": 352881000,
    "otherExpenses": 12211000,
    "operatingExpenses": 365092000,
    "costAndExpenses": 778533000,
    "interestIncome": 0,
    "interestExpense": 0,
    "depreciationAndAmortization": 40644000,
    "ebitda": 176517000,
    "ebitdaratio": 0.1954909618,
    "operatingIncome": 124409000,
    "operatingIncomeRatio": 0.1377818287,
    "totalOtherIncomeExpensesNet": -344000,
    "incomeBeforeTax": 124065000,
    "incomeBeforeTaxRatio": 0.1374008519,
    "incomeTaxExpense": 37264000,
    "netIncome": 86801000,
    "netIncomeRatio": 0.096131313,
    "eps": 0.67,
    "epsdiluted": 0.66,
    "weightedAverageShsOut": 130245000,
    "weightedAverageShsOutDil": 130799000,
    "link": "https://www.sec.gov/Archives/edgar/data/1397187/000139718720000043/0001397187-20-000043-index.htm",
    "finalLink": "https://www.sec.gov/Archives/edgar/data/1397187/000139718720000043/lulu-20200802.htm"
  },
  {
    "date": "2020-05-03",
    "symbol": "LULU",
    "reportedCurrency": "USD",
    "cik": "0001397187",
    "fillingDate": "2020-06-11",
    "acceptedDate": "2020-06-11 16:17:17",
    "calendarYear": "2020",
    "period": "Q1",
    "revenue": 651962000,
    "costOfRevenue": 317560000,
    "grossProfit": 334402000,
    "grossProfitRatio": 0.512916397,
    "researchAndDevelopmentExpenses": 0,
    "generalAndAdministrativeExpenses": 0,
    "sellingAndMarketingExpenses": 0,
    "sellingGeneralAndAdministrativeExpenses": 299583000,
    "otherExpenses": 2068000,
    "operatingExpenses": 301651000,
    "costAndExpenses": 619211000,
    "interestIncome": 0,
    "interestExpense": 0,
    "depreciationAndAmortization": 43532000,
    "ebitda": 78328000,
    "ebitdaratio": 0.1201419715,
    "operatingIncome": 32751000,
    "operatingIncomeRatio": 0.0502345229,
    "totalOtherIncomeExpensesNet": 1174000,
    "incomeBeforeTax": 33925000,
    "incomeBeforeTaxRatio": 0.0520352413,
    "incomeTaxExpense": 5293000,
    "netIncome": 28632000,
    "netIncomeRatio": 0.04391667,
    "eps": 0.22,
    "epsdiluted": 0.22,
    "weightedAverageShsOut": 130251000,
    "weightedAverageShsOutDil": 130803000,
    "link": "https://www.sec.gov/Archives/edgar/data/1397187/000139718720000032/0001397187-20-000032-index.htm",
    "finalLink": "https://www.sec.gov/Archives/edgar/data/1397187/000139718720000032/lulu-20200503x10q.htm"
  },
  {
    "date": "2020-02-02",
    "symbol": "LULU",
    "reportedCurrency": "USD",
    "cik": "0001397187",
    "fillingDate": "2020-03-26",
    "acceptedDate": "2020-03-26 16:18:13",
    "calendarYear": "2019",
    "period": "Q4",
    "revenue": 1397491000,
    "costOfRevenue": 586665000,
    "grossProfit": 810826000,
    "grossProfitRatio": 0.5802012321,
    "researchAndDevelopmentExpenses": 0,
    "generalAndAdministrativeExpenses": 0,
    "sellingAndMarketingExpenses": 0,
    "sellingGeneralAndAdministrativeExpenses": 394339000,
    "otherExpenses": 0,
    "operatingExpenses": 394339000,
    "costAndExpenses": 981004000,
    "interestIncome": 0,
    "interestExpense": 0,
    "depreciationAndAmortization": 47489000,
    "ebitda": 463976000,
    "ebitdaratio": 0.3320064315,
    "operatingIncome": 416487000,
    "operatingIncomeRatio": 0.2980248173,
    "totalOtherIncomeExpensesNet": 2129000,
    "incomeBeforeTax": 418616000,
    "incomeBeforeTaxRatio": 0.2995482618,
    "incomeTaxExpense": 120595000,
    "netIncome": 298021000,
    "netIncomeRatio": 0.2132543251,
    "eps": 2.29,
    "epsdiluted": 2.28,
    "weightedAverageShsOut": 130311000,
    "weightedAverageShsOutDil": 130896000,
    "link": "https://www.sec.gov/Archives/edgar/data/1397187/000139718720000012/0001397187-20-000012-index.htm",
    "finalLink": "https://www.sec.gov/Archives/edgar/data/1397187/000139718720000012/lulu-20200202x10k.htm"
  },
  {
    "date": "2019-11-03",
    "symbol": "LULU",
    "reportedCurrency": "USD",
    "cik": "0001397187",
    "fillingDate": "2019-12-11",
    "acceptedDate": "2019-12-11 16:34:24",
    "calendarYear": "2019",
    "period": "Q3",
    "revenue": 916138000,
    "costOfRevenue": 411094000,
    "grossProfit": 505044000,
    "grossProfitRatio": 0.5512750263,
    "researchAndDevelopmentExpenses": 0,
    "generalAndAdministrativeExpenses": 0,
    "sellingAndMarketingExpenses": 0,
    "sellingGeneralAndAdministrativeExpenses": 329208000,
    "otherExpenses": 7000,
    "operatingExpenses": 329215000,
    "costAndExpenses": 740309000,
    "interestIncome": 0,
    "interestExpense": 0,
    "depreciationAndAmortization": 44022000,
    "ebitda": 219851000,
    "ebitdaratio": 0.2399758552,
    "operatingIncome": 175829000,
    "operatingIncomeRatio": 0.1919241424,
    "totalOtherIncomeExpensesNet": 1925000,
    "incomeBeforeTax": 177754000,
    "incomeBeforeTaxRatio": 0.1940253543,
    "incomeTaxExpense": 51772000,
    "netIncome": 125982000,
    "netIncomeRatio": 0.1375142173,
    "eps": 0.97,
    "epsdiluted": 0.96,
    "weightedAverageShsOut": 130282000,
    "weightedAverageShsOutDil": 130805000,
    "link": "https://www.sec.gov/Archives/edgar/data/1397187/000139718719000072/0001397187-19-000072-index.htm",
    "finalLink": "https://www.sec.gov/Archives/edgar/data/1397187/000139718719000072/lulu-20191103x10q.htm"
  },
  {
    "date": "2019-08-04",
    "symbol": "LULU",
    "reportedCurrency": "USD",
    "cik": "0001397187",
    "fillingDate": "2019-09-05",
    "acceptedDate": "2019-09-05 16:17:05",
    "calendarYear": "2019",
    "period": "Q2",
    "revenue": 883352000,
    "costOfRevenue": 397556000,
    "grossProfit": 485796000,
    "grossProfitRatio": 0.5499461143,
    "researchAndDevelopmentExpenses": 0,
    "generalAndAdministrativeExpenses": 0,
    "sellingAndMarketingExpenses": 0,
    "sellingGeneralAndAdministrativeExpenses": 317814000,
    "otherExpenses": 0,
    "operatingExpenses": 317814000,
    "costAndExpenses": 715370000,
    "interestIncome": 0,
    "interestExpense": 0,
    "depreciationAndAmortization": 37599000,
    "ebitda": 205581000,
    "ebitdaratio": 0.2327282895,
    "operatingIncome": 167982000,
    "operatingIncomeRatio": 0.1901642833,
    "totalOtherIncomeExpensesNet": 1850000,
    "incomeBeforeTax": 169832000,
    "incomeBeforeTaxRatio": 0.1922585787,
    "incomeTaxExpense": 44842000,
    "netIncome": 124990000,
    "netIncomeRatio": 0.1414951231,
    "eps": 0.96,
    "epsdiluted": 0.96,
    "weightedAverageShsOut": 130285000,
    "weightedAverageShsOutDil": 130783000,
    "link": "https://www.sec.gov/Archives/edgar/data/1397187/000139718719000064/0001397187-19-000064-index.htm",
    "finalLink": "https://www.sec.gov/Archives/edgar/data/1397187/000139718719000064/lulu-20190804x10q.htm"
  },
  {
    "date": "2019-05-05",
    "symbol": "LULU",
    "reportedCurrency": "USD",
    "cik": "0001397187",
    "fillingDate": "2019-06-12",
    "acceptedDate": "2019-06-12 16:16:36",
    "calendarYear": "2019",
    "period": "Q1",
    "revenue": 782315000,
    "costOfRevenue": 360595000,
    "grossProfit": 421720000,
    "grossProfitRatio": 0.5390667442,
    "researchAndDevelopmentExpenses": 0,
    "generalAndAdministrativeExpenses": 0,
    "sellingAndMarketingExpenses": 0,
    "sellingGeneralAndAdministrativeExpenses": 292908000,
    "otherExpenses": 0,
    "operatingExpenses": 292908000,
    "costAndExpenses": 653503000,
    "interestIncome": 0,
    "interestExpense": 0,
    "depreciationAndAmortization": 32823000,
    "ebitda": 161635000,
    "ebitdaratio": 0.2066111477,
    "operatingIncome": 128812000,
    "operatingIncomeRatio": 0.1646549024,
    "totalOtherIncomeExpensesNet": 2379000,
    "incomeBeforeTax": 131191000,
    "incomeBeforeTaxRatio": 0.167695877,
    "incomeTaxExpense": 34588000,
    "netIncome": 96603000,
    "netIncomeRatio": 0.1234835073,
    "eps": 0.74,
    "epsdiluted": 0.74,
    "weightedAverageShsOut": 130694000,
    "weightedAverageShsOutDil": 131337000,
    "link": "https://www.sec.gov/Archives/edgar/data/1397187/000139718719000044/0001397187-19-000044-index.htm",
    "finalLink": "https://www.sec.gov/Archives/edgar/data/1397187/000139718719000044/lulu-20190505x10q.htm"
  },
  {
    "date": "2019-02-03",
    "symbol": "LULU",
    "reportedCurrency": "USD",
    "cik": "0001397187",
    "fillingDate": "2019-03-27",
    "acceptedDate": "2019-03-27 16:14:50",
    "calendarYear": "2018",
    "period": "Q4",
    "revenue": 1167458000,
    "costOfRevenue": 498875000,
    "grossProfit": 668583000,
    "grossProfitRatio": 0.5726827004,
    "researchAndDevelopmentExpenses": 0,
    "generalAndAdministrativeExpenses": 0,
    "sellingAndMarketingExpenses": 0,
    "sellingGeneralAndAdministrativeExpenses": 337163000,
    "otherExpenses": 0,
    "operatingExpenses": 337163000,
    "costAndExpenses": 836038000,
    "interestIncome": 0,
    "interestExpense": 0,
    "depreciationAndAmortization": 35369000,
    "ebitda": 366789000,
    "ebitdaratio": 0.3141774693,
    "operatingIncome": 331420000,
    "operatingIncomeRatio": 0.2838817328,
    "totalOtherIncomeExpensesNet": 2861000,
    "incomeBeforeTax": 334281000,
    "incomeBeforeTaxRatio": 0.2863323563,
    "incomeTaxExpense": 115816000,
    "netIncome": 218465000,
    "netIncomeRatio": 0.1871287875,
    "eps": 1.66,
    "epsdiluted": 1.65,
    "weightedAverageShsOut": 131878000,
    "weightedAverageShsOutDil": 132466000,
    "link": "https://www.sec.gov/Archives/edgar/data/1397187/000139718719000011/0001397187-19-000011-index.htm",
    "finalLink": "https://www.sec.gov/Archives/edgar/data/1397187/000139718719000011/lulu-20190203x10k.htm"
  },
  {
    "date": "2018-10-28",
    "symbol": "LULU",
    "reportedCurrency": "USD",
    "cik": "0001397187",
    "fillingDate": "2018-12-06",
    "acceptedDate": "2018-12-06 16:15:01",
    "calendarYear": "2018",
    "period": "Q3",
    "revenue": 747655000,
    "costOfRevenue": 340878000,
    "grossProfit": 406777000,
    "grossProfitRatio": 0.5440704603,
    "researchAndDevelopmentExpenses": 0,
    "generalAndAdministrativeExpenses": 0,
    "sellingAndMarketingExpenses": 0,
    "sellingGeneralAndAdministrativeExpenses": 270874000,
    "otherExpenses": 0,
    "operatingExpenses": 270874000,
    "costAndExpenses": 611752000,
    "interestIncome": 0,
    "interestExpense": 0,
    "depreciationAndAmortization": 31686000,
    "ebitda": 167589000,
    "ebitdaratio": 0.2241528512,
    "operatingIncome": 135903000,
    "operatingIncomeRatio": 0.1817723415,
    "totalOtherIncomeExpensesNet": 2044000,
    "incomeBeforeTax": 137947000,
    "incomeBeforeTaxRatio": 0.1845062228,
    "incomeTaxExpense": 43534000,
    "netIncome": 94413000,
    "netIncomeRatio": 0.1262788318,
    "eps": 0.71,
    "epsdiluted": 0.71,
    "weightedAverageShsOut": 132406000,
    "weightedAverageShsOutDil": 133077000,
    "link": "https://www.sec.gov/Archives/edgar/data/1397187/000139718718000053/0001397187-18-000053-index.htm",
    "finalLink": "https://www.sec.gov/Archives/edgar/data/1397187/000139718718000053/lulu-20181028x10q.htm"
  },
  {
    "date": "2018-07-29",
    "symbol": "LULU",
    "reportedCurrency": "USD",
    "cik": "0001397187",
    "fillingDate": "2018-08-30",
    "acceptedDate": "2018-08-30 16:18:30",
    "calendarYear": "2018",
    "period": "Q2",
    "revenue": 723500000,
    "costOfRevenue": 327306000,
    "grossProfit": 396194000,
    "grossProfitRatio": 0.5476074637,
    "researchAndDevelopmentExpenses": 0,
    "generalAndAdministrativeExpenses": 0,
    "sellingAndMarketingExpenses": 0,
    "sellingGeneralAndAdministrativeExpenses": 261986000,
    "otherExpenses": 0,
    "operatingExpenses": 261986000,
    "costAndExpenses": 589292000,
    "interestIncome": 0,
    "interestExpense": 0,
    "depreciationAndAmortization": 28656000,
    "ebitda": 162864000,
    "ebitdaratio": 0.225105736,
    "operatingIncome": 134208000,
    "operatingIncomeRatio": 0.1854982723,
    "totalOtherIncomeExpensesNet": 1591000,
    "incomeBeforeTax": 135799000,
    "incomeBeforeTaxRatio": 0.1876973048,
    "incomeTaxExpense": 40029000,
    "netIncome": 95770000,
    "netIncomeRatio": 0.1323704216,
    "eps": 0.71,
    "epsdiluted": 0.71,
    "weightedAverageShsOut": 133986000,
    "weightedAverageShsOutDil": 134530000,
    "link": "https://www.sec.gov/Archives/edgar/data/1397187/000139718718000047/0001397187-18-000047-index.htm",
    "finalLink": "https://www.sec.gov/Archives/edgar/data/1397187/000139718718000047/lulu-20180729x10q.htm"
  },
  {
    "date": "2018-04-29",
    "symbol": "LULU",
    "reportedCurrency": "USD",
    "cik": "0001397187",
    "fillingDate": "2018-05-31",
    "acceptedDate": "2018-05-31 16:16:09",
    "calendarYear": "2018",
    "period": "Q1",
    "revenue": 649706000,
    "costOfRevenue": 304973000,
    "grossProfit": 344733000,
    "grossProfitRatio": 0.5305984553,
    "researchAndDevelopmentExpenses": 0,
    "generalAndAdministrativeExpenses": 0,
    "sellingAndMarketingExpenses": 0,
    "sellingGeneralAndAdministrativeExpenses": 240428000,
    "otherExpenses": 0,
    "operatingExpenses": 240428000,
    "costAndExpenses": 545401000,
    "interestIncome": 0,
    "interestExpense": 0,
    "depreciationAndAmortization": 26773000,
    "ebitda": 131078000,
    "ebitdaratio": 0.2017497145,
    "operatingIncome": 104305000,
    "operatingIncomeRatio": 0.1605418451,
    "totalOtherIncomeExpensesNet": 2918000,
    "incomeBeforeTax": 107223000,
    "incomeBeforeTaxRatio": 0.1650331073,
    "incomeTaxExpense": 32070000,
    "netIncome": 75153000,
    "netIncomeRatio": 0.1156723195,
    "eps": 0.55,
    "epsdiluted": 0.55,
    "weightedAverageShsOut": 135502000,
    "weightedAverageShsOutDil": 135931000,
    "link": "https://www.sec.gov/Archives/edgar/data/1397187/000139718718000030/0001397187-18-000030-index.htm",
    "finalLink": "https://www.sec.gov/Archives/edgar/data/1397187/000139718718000030/lulu-20180429x10q.htm"
  },
  {
    "date": "2018-01-28",
    "symbol": "LULU",
    "reportedCurrency": "USD",
    "cik": "0001397187",
    "fillingDate": "2018-03-27",
    "acceptedDate": "2018-03-27 16:17:01",
    "calendarYear": "2017",
    "period": "Q4",
    "revenue": 928802000,
    "costOfRevenue": 406291000,
    "grossProfit": 522511000,
    "grossProfitRatio": 0.5625644648,
    "researchAndDevelopmentExpenses": 0,
    "generalAndAdministrativeExpenses": 0,
    "sellingAndMarketingExpenses": 0,
    "sellingGeneralAndAdministrativeExpenses": 264232000,
    "otherExpenses": 2001000,
    "operatingExpenses": 266233000,
    "costAndExpenses": 672524000,
    "interestIncome": 0,
    "interestExpense": 0,
    "depreciationAndAmortization": 28106000,
    "ebitda": 286385000,
    "ebitdaratio": 0.3083380527,
    "operatingIncome": 256278000,
    "operatingIncomeRatio": 0.2759231785,
    "totalOtherIncomeExpensesNet": 1226000,
    "incomeBeforeTax": 257504000,
    "incomeBeforeTaxRatio": 0.2772431584,
    "incomeTaxExpense": 137743000,
    "netIncome": 119761000,
    "netIncomeRatio": 0.1289413675,
    "eps": 0.88,
    "epsdiluted": 0.88,
    "weightedAverageShsOut": 135381000,
    "weightedAverageShsOutDil": 135723000,
    "link": "https://www.sec.gov/Archives/edgar/data/1397187/000139718718000013/0001397187-18-000013-index.htm",
    "finalLink": "https://www.sec.gov/Archives/edgar/data/1397187/000139718718000013/lulu-20180128x10k.htm"
  },
  {
    "date": "2017-10-29",
    "symbol": "LULU",
    "reportedCurrency": "USD",
    "cik": "0001397187",
    "fillingDate": "2017-12-06",
    "acceptedDate": "2017-12-06 16:16:39",
    "calendarYear": "2017",
    "period": "Q3",
    "revenue": 619018000,
    "costOfRevenue": 297056000,
    "grossProfit": 321962000,
    "grossProfitRatio": 0.5201173472,
    "researchAndDevelopmentExpenses": 0,
    "generalAndAdministrativeExpenses": 0,
    "sellingAndMarketingExpenses": 0,
    "sellingGeneralAndAdministrativeExpenses": 215367000,
    "otherExpenses": 21007000,
    "operatingExpenses": 236374000,
    "costAndExpenses": 533430000,
    "interestIncome": 0,
    "interestExpense": 0,
    "depreciationAndAmortization": 28560000,
    "ebitda": 135155000,
    "ebitdaratio": 0.2183377543,
    "operatingIncome": 85588000,
    "operatingIncomeRatio": 0.1382641539,
    "totalOtherIncomeExpensesNet": 1052000,
    "incomeBeforeTax": 86640000,
    "incomeBeforeTaxRatio": 0.1399636198,
    "incomeTaxExpense": 27696000,
    "netIncome": 58944000,
    "netIncomeRatio": 0.0952217868,
    "eps": 0.44,
    "epsdiluted": 0.43,
    "weightedAverageShsOut": 135364000,
    "weightedAverageShsOutDil": 135578000,
    "link": "https://www.sec.gov/Archives/edgar/data/1397187/000139718717000048/0001397187-17-000048-index.htm",
    "finalLink": "https://www.sec.gov/Archives/edgar/data/1397187/000139718717000048/lulu-20171029x10q.htm"
  },
  {
    "date": "2017-07-30",
    "symbol": "LULU",
    "reportedCurrency": "USD",
    "cik": "0001397187",
    "fillingDate": "2017-08-31",
    "acceptedDate": "2017-08-31 16:18:29",
    "calendarYear": "2017",
    "period": "Q2",
    "revenue": 581054000,
    "costOfRevenue": 283632000,
    "grossProfit": 297422000,
    "grossProfitRatio": 0.511866367,
    "researchAndDevelopmentExpenses": 0,
    "generalAndAdministrativeExpenses": 0,
    "sellingAndMarketingExpenses": 0,
    "sellingGeneralAndAdministrativeExpenses": 225524000,
    "otherExpenses": 3186000,
    "operatingExpenses": 228710000,
    "costAndExpenses": 512342000,
    "interestIncome": 0,
    "interestExpense": 0,
    "depreciationAndAmortization": 28406000,
    "ebitda": 100304000,
    "ebitdaratio": 0.1726242311,
    "operatingIncome": 68712000,
    "operatingIncomeRatio": 0.1182540693,
    "totalOtherIncomeExpensesNet": 812000,
    "incomeBeforeTax": 69524000,
    "incomeBeforeTaxRatio": 0.1196515298,
    "incomeTaxExpense": 20813000,
    "netIncome": 48711000,
    "netIncomeRatio": 0.0838321395,
    "eps": 0.36,
    "epsdiluted": 0.36,
    "weightedAverageShsOut": 136171000,
    "weightedAverageShsOutDil": 136303000,
    "link": "https://www.sec.gov/Archives/edgar/data/1397187/000139718717000039/0001397187-17-000039-index.htm",
    "finalLink": "https://www.sec.gov/Archives/edgar/data/1397187/000139718717000039/lulu-20170730x10q.htm"
  },
  {
    "date": "2017-04-30",
    "symbol": "LULU",
    "reportedCurrency": "USD",
    "cik": "0001397187",
    "fillingDate": "2017-06-01",
    "acceptedDate": "2017-06-01 16:15:30",
    "calendarYear": "2017",
    "period": "Q1",
    "revenue": 520307000,
    "costOfRevenue": 263412000,
    "grossProfit": 256895000,
    "grossProfitRatio": 0.4937373512,
    "researchAndDevelopmentExpenses": 0,
    "generalAndAdministrativeExpenses": 0,
    "sellingAndMarketingExpenses": 0,
    "sellingGeneralAndAdministrativeExpenses": 199141000,
    "otherExpenses": 12331000,
    "operatingExpenses": 211472000,
    "costAndExpenses": 474884000,
    "interestIncome": 0,
    "interestExpense": 0,
    "depreciationAndAmortization": 23163000,
    "ebitda": 80917000,
    "ebitdaratio": 0.1555178001,
    "operatingIncome": 45423000,
    "operatingIncomeRatio": 0.0873003823,
    "totalOtherIncomeExpensesNet": 907000,
    "incomeBeforeTax": 46330000,
    "incomeBeforeTaxRatio": 0.0890435839,
    "incomeTaxExpense": 15084000,
    "netIncome": 31246000,
    "netIncomeRatio": 0.0600530072,
    "eps": 0.23,
    "epsdiluted": 0.23,
    "weightedAverageShsOut": 137037000,
    "weightedAverageShsOutDil": 137192000,
    "link": "https://www.sec.gov/Archives/edgar/data/1397187/000139718717000027/0001397187-17-000027-index.htm",
    "finalLink": "https://www.sec.gov/Archives/edgar/data/1397187/000139718717000027/lulu-20170430x10q.htm"
  },
  {
    "date": "2017-01-29",
    "symbol": "LULU",
    "reportedCurrency": "USD",
    "cik": "0001397187",
    "fillingDate": "2017-03-29",
    "acceptedDate": "2017-03-29 16:13:26",
    "calendarYear": "2016",
    "period": "Q4",
    "revenue": 789940000,
    "costOfRevenue": 362041000,
    "grossProfit": 427899000,
    "grossProfitRatio": 0.5416854445,
    "researchAndDevelopmentExpenses": 0,
    "generalAndAdministrativeExpenses": 0,
    "sellingAndMarketingExpenses": 0,
    "sellingGeneralAndAdministrativeExpenses": 231270000,
    "otherExpenses": 0,
    "operatingExpenses": 231270000,
    "costAndExpenses": 593311000,
    "interestIncome": 0,
    "interestExpense": 0,
    "depreciationAndAmortization": 24056000,
    "ebitda": 220685000,
    "ebitdaratio": 0.2793693192,
    "operatingIncome": 196629000,
    "operatingIncomeRatio": 0.2489163734,
    "totalOtherIncomeExpensesNet": 857000,
    "incomeBeforeTax": 197486000,
    "incomeBeforeTaxRatio": 0.2500012659,
    "incomeTaxExpense": 61351000,
    "netIncome": 136135000,
    "netIncomeRatio": 0.1723358736,
    "eps": 0.99,
    "epsdiluted": 0.99,
    "weightedAverageShsOut": 137059000,
    "weightedAverageShsOutDil": 137245000,
    "link": "https://www.sec.gov/Archives/edgar/data/1397187/000139718717000008/0001397187-17-000008-index.htm",
    "finalLink": "https://www.sec.gov/Archives/edgar/data/1397187/000139718717000008/lulu-20170129x10k.htm"
  },
  {
    "date": "2016-10-30",
    "symbol": "LULU",
    "reportedCurrency": "USD",
    "cik": "0001397187",
    "fillingDate": "2016-12-07",
    "acceptedDate": "2016-12-07 16:13:19",
    "calendarYear": "2016",
    "period": "Q3",
    "revenue": 544416000,
    "costOfRevenue": 265990000,
    "grossProfit": 278426000,
    "grossProfitRatio": 0.511421413,
    "researchAndDevelopmentExpenses": 0,
    "generalAndAdministrativeExpenses": 0,
    "sellingAndMarketingExpenses": 0,
    "sellingGeneralAndAdministrativeExpenses": 185451000,
    "otherExpenses": 0,
    "operatingExpenses": 185451000,
    "costAndExpenses": 451441000,
    "interestIncome": 0,
    "interestExpense": 0,
    "depreciationAndAmortization": 23958000,
    "ebitda": 116933000,
    "ebitdaratio": 0.2147861194,
    "operatingIncome": 92975000,
    "operatingIncomeRatio": 0.1707793305,
    "totalOtherIncomeExpensesNet": 628000,
    "incomeBeforeTax": 93603000,
    "incomeBeforeTaxRatio": 0.1719328602,
    "incomeTaxExpense": 25318000,
    "netIncome": 68285000,
    "netIncomeRatio": 0.1254279815,
    "eps": 0.5,
    "epsdiluted": 0.5,
    "weightedAverageShsOut": 137033000,
    "weightedAverageShsOutDil": 137237000,
    "link": "https://www.sec.gov/Archives/edgar/data/1397187/000139718716000134/0001397187-16-000134-index.htm",
    "finalLink": "https://www.sec.gov/Archives/edgar/data/1397187/000139718716000134/lulu-20161030x10q.htm"
  },
  {
    "date": "2016-07-31",
    "symbol": "LULU",
    "reportedCurrency": "USD",
    "cik": "0001397187",
    "fillingDate": "2016-09-01",
    "acceptedDate": "2016-09-01 16:14:16",
    "calendarYear": "2016",
    "period": "Q2",
    "revenue": 514520000,
    "costOfRevenue": 260359000,
    "grossProfit": 254161000,
    "grossProfitRatio": 0.4939769105,
    "researchAndDevelopmentExpenses": 0,
    "generalAndAdministrativeExpenses": 0,
    "sellingAndMarketingExpenses": 0,
    "sellingGeneralAndAdministrativeExpenses": 180202000,
    "otherExpenses": 0,
    "operatingExpenses": 180202000,
    "costAndExpenses": 440561000,
    "interestIncome": 0,
    "interestExpense": 0,
    "depreciationAndAmortization": 20498000,
    "ebitda": 94457000,
    "ebitdaratio": 0.1835827567,
    "operatingIncome": 73959000,
    "operatingIncomeRatio": 0.1437436834,
    "totalOtherIncomeExpensesNet": 578000,
    "incomeBeforeTax": 74537000,
    "incomeBeforeTaxRatio": 0.1448670606,
    "incomeTaxExpense": 20912000,
    "netIncome": 53625000,
    "netIncomeRatio": 0.1042233538,
    "eps": 0.39,
    "epsdiluted": 0.39,
    "weightedAverageShsOut": 136987000,
    "weightedAverageShsOutDil": 137229000,
    "link": "https://www.sec.gov/Archives/edgar/data/1397187/000139718716000127/0001397187-16-000127-index.htm",
    "finalLink": "https://www.sec.gov/Archives/edgar/data/1397187/000139718716000127/lulu-20160731x10q.htm"
  },
  {
    "date": "2016-05-01",
    "symbol": "LULU",
    "reportedCurrency": "USD",
    "cik": "0001397187",
    "fillingDate": "2016-06-08",
    "acceptedDate": "2016-06-08 08:27:13",
    "calendarYear": "2016",
    "period": "Q1",
    "revenue": 495516000,
    "costOfRevenue": 256385000,
    "grossProfit": 239131000,
    "grossProfitRatio": 0.4825898659,
    "researchAndDevelopmentExpenses": 0,
    "generalAndAdministrativeExpenses": 0,
    "sellingAndMarketingExpenses": 0,
    "sellingGeneralAndAdministrativeExpenses": 181542000,
    "otherExpenses": 0,
    "operatingExpenses": 181542000,
    "costAndExpenses": 437927000,
    "interestIncome": 0,
    "interestExpense": 0,
    "depreciationAndAmortization": 19185000,
    "ebitda": 76774000,
    "ebitdaratio": 0.1549374793,
    "operatingIncome": 57589000,
    "operatingIncomeRatio": 0.1162202633,
    "totalOtherIncomeExpensesNet": -486000,
    "incomeBeforeTax": 57103000,
    "incomeBeforeTaxRatio": 0.1152394675,
    "incomeTaxExpense": 11767000,
    "netIncome": 45336000,
    "netIncomeRatio": 0.0914925048,
    "eps": 0.33,
    "epsdiluted": 0.33,
    "weightedAverageShsOut": 137263000,
    "weightedAverageShsOutDil": 137496000,
    "link": "https://www.sec.gov/Archives/edgar/data/1397187/000139718716000108/0001397187-16-000108-index.htm",
    "finalLink": "https://www.sec.gov/Archives/edgar/data/1397187/000139718716000108/lulu-20160501x10q.htm"
  },
  {
    "date": "2016-01-31",
    "symbol": "LULU",
    "reportedCurrency": "USD",
    "cik": "0001397187",
    "fillingDate": "2016-03-30",
    "acceptedDate": "2016-03-30 08:25:20",
    "calendarYear": "2015",
    "period": "Q4",
    "revenue": 704276000,
    "costOfRevenue": 349809000,
    "grossProfit": 354467000,
    "grossProfitRatio": 0.5033069422,
    "researchAndDevelopmentExpenses": 0,
    "generalAndAdministrativeExpenses": 0,
    "sellingAndMarketingExpenses": 0,
    "sellingGeneralAndAdministrativeExpenses": 188184000,
    "otherExpenses": 0,
    "operatingExpenses": 188184000,
    "costAndExpenses": 537993000,
    "interestIncome": 0,
    "interestExpense": 0,
    "depreciationAndAmortization": 20885000,
    "ebitda": 187168000,
    "ebitdaratio": 0.2657594466,
    "operatingIncome": 166283000,
    "operatingIncomeRatio": 0.2361048793,
    "totalOtherIncomeExpensesNet": 938000,
    "incomeBeforeTax": 167221000,
    "incomeBeforeTaxRatio": 0.2374367435,
    "incomeTaxExpense": 49805000,
    "netIncome": 117416000,
    "netIncomeRatio": 0.1667187296,
    "eps": 0.85,
    "epsdiluted": 0.85,
    "weightedAverageShsOut": 138076000,
    "weightedAverageShsOutDil": 138240000,
    "link": "https://www.sec.gov/Archives/edgar/data/1397187/000139718716000089/0001397187-16-000089-index.htm",
    "finalLink": "https://www.sec.gov/Archives/edgar/data/1397187/000139718716000089/lulu-20160131x10k.htm"
  },
  {
    "date": "2015-11-01",
    "symbol": "LULU",
    "reportedCurrency": "USD",
    "cik": "0001397187",
    "fillingDate": "2015-12-09",
    "acceptedDate": "2015-12-09 08:23:13",
    "calendarYear": "2015",
    "period": "Q3",
    "revenue": 479693000,
    "costOfRevenue": 254896000,
    "grossProfit": 224797000,
    "grossProfitRatio": 0.4686268092,
    "researchAndDevelopmentExpenses": 0,
    "generalAndAdministrativeExpenses": 0,
    "sellingAndMarketingExpenses": 0,
    "sellingGeneralAndAdministrativeExpenses": 156619000,
    "otherExpenses": 0,
    "operatingExpenses": 156619000,
    "costAndExpenses": 411515000,
    "interestIncome": 0,
    "interestExpense": 0,
    "depreciationAndAmortization": 19707000,
    "ebitda": 87885000,
    "ebitdaratio": 0.1832109287,
    "operatingIncome": 68178000,
    "operatingIncomeRatio": 0.142128403,
    "totalOtherIncomeExpensesNet": -2890000,
    "incomeBeforeTax": 65288000,
    "incomeBeforeTaxRatio": 0.1361037163,
    "incomeTaxExpense": 12135000,
    "netIncome": 53153000,
    "netIncomeRatio": 0.1108062865,
    "eps": 0.38,
    "epsdiluted": 0.38,
    "weightedAverageShsOut": 140282000,
    "weightedAverageShsOutDil": 140457000,
    "link": "https://www.sec.gov/Archives/edgar/data/1397187/000139718715000071/0001397187-15-000071-index.htm",
    "finalLink": "https://www.sec.gov/Archives/edgar/data/1397187/000139718715000071/lulu-20151101x10q.htm"
  },
  {
    "date": "2015-08-02",
    "symbol": "LULU",
    "reportedCurrency": "USD",
    "cik": "0001397187",
    "fillingDate": "2015-09-10",
    "acceptedDate": "2015-09-10 08:21:52",
    "calendarYear": "2015",
    "period": "Q2",
    "revenue": 453010000,
    "costOfRevenue": 240985000,
    "grossProfit": 212025000,
    "grossProfitRatio": 0.4680360257,
    "researchAndDevelopmentExpenses": 0,
    "generalAndAdministrativeExpenses": 0,
    "sellingAndMarketingExpenses": 0,
    "sellingGeneralAndAdministrativeExpenses": 145446000,
    "otherExpenses": 0,
    "operatingExpenses": 145446000,
    "costAndExpenses": 386431000,
    "interestIncome": 0,
    "interestExpense": 0,
    "depreciationAndAmortization": 16695000,
    "ebitda": 83274000,
    "ebitdaratio": 0.1838237566,
    "operatingIncome": 66579000,
    "operatingIncomeRatio": 0.1469702656,
    "totalOtherIncomeExpensesNet": 842000,
    "incomeBeforeTax": 67421000,
    "incomeBeforeTaxRatio": 0.1488289442,
    "incomeTaxExpense": 19753000,
    "netIncome": 47668000,
    "netIncomeRatio": 0.1052250502,
    "eps": 0.34,
    "epsdiluted": 0.34,
    "weightedAverageShsOut": 141372000,
    "weightedAverageShsOutDil": 141644000,
    "link": "https://www.sec.gov/Archives/edgar/data/1397187/000139718715000060/0001397187-15-000060-index.htm",
    "finalLink": "https://www.sec.gov/Archives/edgar/data/1397187/000139718715000060/lulu-20150802x10q.htm"
  },
  {
    "date": "2015-05-03",
    "symbol": "LULU",
    "reportedCurrency": "USD",
    "cik": "0001397187",
    "fillingDate": "2015-06-09",
    "acceptedDate": "2015-06-09 08:25:08",
    "calendarYear": "2015",
    "period": "Q1",
    "revenue": 423544000,
    "costOfRevenue": 217667000,
    "grossProfit": 205877000,
    "grossProfitRatio": 0.4860817294,
    "researchAndDevelopmentExpenses": 0,
    "generalAndAdministrativeExpenses": 0,
    "sellingAndMarketingExpenses": 0,
    "sellingGeneralAndAdministrativeExpenses": 137841000,
    "otherExpenses": 0,
    "operatingExpenses": 137841000,
    "costAndExpenses": 355508000,
    "interestIncome": 0,
    "interestExpense": 0,
    "depreciationAndAmortization": 16096000,
    "ebitda": 84132000,
    "ebitdaratio": 0.198638158,
    "operatingIncome": 68036000,
    "operatingIncomeRatio": 0.1606350226,
    "totalOtherIncomeExpensesNet": 529000,
    "incomeBeforeTax": 68565000,
    "incomeBeforeTaxRatio": 0.1618840073,
    "incomeTaxExpense": 20755000,
    "netIncome": 47810000,
    "netIncomeRatio": 0.1128808341,
    "eps": 0.34,
    "epsdiluted": 0.34,
    "weightedAverageShsOut": 141967000,
    "weightedAverageShsOutDil": 142337000,
    "link": "https://www.sec.gov/Archives/edgar/data/1397187/000139718715000045/0001397187-15-000045-index.htm",
    "finalLink": "https://www.sec.gov/Archives/edgar/data/1397187/000139718715000045/lulu-20150503x10q.htm"
  },
  {
    "date": "2015-02-01",
    "symbol": "LULU",
    "reportedCurrency": "USD",
    "cik": "0001397187",
    "fillingDate": "2015-03-26",
    "acceptedDate": "2015-03-26 08:31:40",
    "calendarYear": "2014",
    "period": "Q4",
    "revenue": 602491000,
    "costOfRevenue": 292450000,
    "grossProfit": 310041000,
    "grossProfitRatio": 0.5145985583,
    "researchAndDevelopmentExpenses": 0,
    "generalAndAdministrativeExpenses": 0,
    "sellingAndMarketingExpenses": 0,
    "sellingGeneralAndAdministrativeExpenses": 152853000,
    "otherExpenses": 0,
    "operatingExpenses": 152853000,
    "costAndExpenses": 445303000,
    "interestIncome": 0,
    "interestExpense": 0,
    "depreciationAndAmortization": 16655000,
    "ebitda": 173843000,
    "ebitdaratio": 0.2885404097,
    "operatingIncome": 157188000,
    "operatingIncomeRatio": 0.2608968433,
    "totalOtherIncomeExpensesNet": 1755000,
    "incomeBeforeTax": 158943000,
    "incomeBeforeTaxRatio": 0.2638097499,
    "incomeTaxExpense": 48090000,
    "netIncome": 110853000,
    "netIncomeRatio": 0.1839911302,
    "eps": 0.78,
    "epsdiluted": 0.78,
    "weightedAverageShsOut": 141999000,
    "weightedAverageShsOutDil": 142346000,
    "link": "https://www.sec.gov/Archives/edgar/data/1397187/000139718715000016/0001397187-15-000016-index.htm",
    "finalLink": "https://www.sec.gov/Archives/edgar/data/1397187/000139718715000016/lulu-20150201x10k.htm"
  },
  {
    "date": "2014-11-02",
    "symbol": "LULU",
    "reportedCurrency": "USD",
    "cik": "0001397187",
    "fillingDate": "2014-12-11",
    "acceptedDate": "2014-12-10 20:35:18",
    "calendarYear": "2014",
    "period": "Q3",
    "revenue": 419396000,
    "costOfRevenue": 208308000,
    "grossProfit": 211088000,
    "grossProfitRatio": 0.5033142901,
    "researchAndDevelopmentExpenses": 0,
    "generalAndAdministrativeExpenses": 0,
    "sellingAndMarketingExpenses": 0,
    "sellingGeneralAndAdministrativeExpenses": 129932000,
    "otherExpenses": 0,
    "operatingExpenses": 129932000,
    "costAndExpenses": 338240000,
    "interestIncome": 0,
    "interestExpense": 0,
    "depreciationAndAmortization": 15612000,
    "ebitda": 96768000,
    "ebitdaratio": 0.2307318143,
    "operatingIncome": 81156000,
    "operatingIncomeRatio": 0.1935068527,
    "totalOtherIncomeExpensesNet": 1814000,
    "incomeBeforeTax": 82970000,
    "incomeBeforeTaxRatio": 0.1978321205,
    "incomeTaxExpense": 22519000,
    "netIncome": 60451000,
    "netIncomeRatio": 0.1441382369,
    "eps": 0.42,
    "epsdiluted": 0.42,
    "weightedAverageShsOut": 143180000,
    "weightedAverageShsOutDil": 143441000,
    "link": "https://www.sec.gov/Archives/edgar/data/1397187/000139718714000077/0001397187-14-000077-index.htm",
    "finalLink": "https://www.sec.gov/Archives/edgar/data/1397187/000139718714000077/lulu-20141102x10q.htm"
  },
  {
    "date": "2014-08-03",
    "symbol": "LULU",
    "reportedCurrency": "USD",
    "cik": "0001397187",
    "fillingDate": "2014-09-11",
    "acceptedDate": "2014-09-11 06:02:38",
    "calendarYear": "2014",
    "period": "Q2",
    "revenue": 390708000,
    "costOfRevenue": 193401000,
    "grossProfit": 197307000,
    "grossProfitRatio": 0.5049986179,
    "researchAndDevelopmentExpenses": 0,
    "generalAndAdministrativeExpenses": 0,
    "sellingAndMarketingExpenses": 0,
    "sellingGeneralAndAdministrativeExpenses": 129419000,
    "otherExpenses": 0,
    "operatingExpenses": 129419000,
    "costAndExpenses": 322820000,
    "interestIncome": 0,
    "interestExpense": 0,
    "depreciationAndAmortization": 13637000,
    "ebitda": 81525000,
    "ebitdaratio": 0.208659664,
    "operatingIncome": 67888000,
    "operatingIncomeRatio": 0.1737563602,
    "totalOtherIncomeExpensesNet": 1890000,
    "incomeBeforeTax": 69778000,
    "incomeBeforeTaxRatio": 0.1785937324,
    "incomeTaxExpense": 21030000,
    "netIncome": 48748000,
    "netIncomeRatio": 0.1247683692,
    "eps": 0.34,
    "epsdiluted": 0.33,
    "weightedAverageShsOut": 145180000,
    "weightedAverageShsOutDil": 145544000,
    "link": "https://www.sec.gov/Archives/edgar/data/1397187/000139718714000058/0001397187-14-000058-index.htm",
    "finalLink": "https://www.sec.gov/Archives/edgar/data/1397187/000139718714000058/lulu-20140803x10q.htm"
  },
  {
    "date": "2014-05-04",
    "symbol": "LULU",
    "reportedCurrency": "USD",
    "cik": "0001397187",
    "fillingDate": "2014-06-12",
    "acceptedDate": "2014-06-12 06:05:50",
    "calendarYear": "2014",
    "period": "Q1",
    "revenue": 384618000,
    "costOfRevenue": 188874000,
    "grossProfit": 195744000,
    "grossProfitRatio": 0.5089309393,
    "researchAndDevelopmentExpenses": 0,
    "generalAndAdministrativeExpenses": 0,
    "sellingAndMarketingExpenses": 0,
    "sellingGeneralAndAdministrativeExpenses": 125943000,
    "otherExpenses": 0,
    "operatingExpenses": 125943000,
    "costAndExpenses": 314817000,
    "interestIncome": 0,
    "interestExpense": 0,
    "depreciationAndAmortization": 12460000,
    "ebitda": 82261000,
    "ebitdaratio": 0.2138771456,
    "operatingIncome": 69801000,
    "operatingIncomeRatio": 0.1814813659,
    "totalOtherIncomeExpensesNet": 1643000,
    "incomeBeforeTax": 71444000,
    "incomeBeforeTaxRatio": 0.1857531369,
    "incomeTaxExpense": 52463000,
    "netIncome": 18981000,
    "netIncomeRatio": 0.0493502644,
    "eps": 0.13,
    "epsdiluted": 0.13,
    "weightedAverageShsOut": 145383000,
    "weightedAverageShsOutDil": 145861000,
    "link": "https://www.sec.gov/Archives/edgar/data/1397187/000139718714000039/0001397187-14-000039-index.htm",
    "finalLink": "https://www.sec.gov/Archives/edgar/data/1397187/000139718714000039/lulu-20140504x10q.htm"
  },
  {
    "date": "2014-02-02",
    "symbol": "LULU",
    "reportedCurrency": "USD",
    "cik": "0001397187",
    "fillingDate": "2014-03-27",
    "acceptedDate": "2014-03-27 08:45:48",
    "calendarYear": "2013",
    "period": "Q4",
    "revenue": 520993000,
    "costOfRevenue": 242203000,
    "grossProfit": 278790000,
    "grossProfitRatio": 0.5351127558,
    "researchAndDevelopmentExpenses": 0,
    "generalAndAdministrativeExpenses": 0,
    "sellingAndMarketingExpenses": 0,
    "sellingGeneralAndAdministrativeExpenses": 124643000,
    "otherExpenses": 0,
    "operatingExpenses": 124643000,
    "costAndExpenses": 366846000,
    "interestIncome": 0,
    "interestExpense": 0,
    "depreciationAndAmortization": 12345000,
    "ebitda": 166492000,
    "ebitdaratio": 0.3195666736,
    "operatingIncome": 154147000,
    "operatingIncomeRatio": 0.2958715376,
    "totalOtherIncomeExpensesNet": 1519000,
    "incomeBeforeTax": 155666000,
    "incomeBeforeTaxRatio": 0.2987871238,
    "incomeTaxExpense": 45974000,
    "netIncome": 109692000,
    "netIncomeRatio": 0.2105440956,
    "eps": 0.75,
    "epsdiluted": 0.75,
    "weightedAverageShsOut": 145235000,
    "weightedAverageShsOutDil": 146035000,
    "link": "https://www.sec.gov/Archives/edgar/data/1397187/000139718714000021/0001397187-14-000021-index.htm",
    "finalLink": "https://www.sec.gov/Archives/edgar/data/1397187/000139718714000021/lulu-20140202x10k.htm"
  },
  {
    "date": "2013-11-03",
    "symbol": "LULU",
    "reportedCurrency": "USD",
    "cik": "0001397187",
    "fillingDate": "2013-12-12",
    "acceptedDate": "2013-12-12 08:45:56",
    "calendarYear": "2013",
    "period": "Q3",
    "revenue": 379900000,
    "costOfRevenue": 175294000,
    "grossProfit": 204606000,
    "grossProfitRatio": 0.5385785733,
    "researchAndDevelopmentExpenses": 0,
    "generalAndAdministrativeExpenses": 0,
    "sellingAndMarketingExpenses": 0,
    "sellingGeneralAndAdministrativeExpenses": 112270000,
    "otherExpenses": 0,
    "operatingExpenses": 112270000,
    "costAndExpenses": 287564000,
    "interestIncome": 0,
    "interestExpense": 0,
    "depreciationAndAmortization": 12916000,
    "ebitda": 105252000,
    "ebitdaratio": 0.2770518558,
    "operatingIncome": 92336000,
    "operatingIncomeRatio": 0.2430534351,
    "totalOtherIncomeExpensesNet": 1453000,
    "incomeBeforeTax": 93789000,
    "incomeBeforeTaxRatio": 0.2468781258,
    "incomeTaxExpense": 27678000,
    "netIncome": 66111000,
    "netIncomeRatio": 0.1740221111,
    "eps": 0.46,
    "epsdiluted": 0.45,
    "weightedAverageShsOut": 145120000,
    "weightedAverageShsOutDil": 146014000,
    "link": "https://www.sec.gov/Archives/edgar/data/1397187/000139718713000047/0001397187-13-000047-index.htm",
    "finalLink": "https://www.sec.gov/Archives/edgar/data/1397187/000139718713000047/lulu-20131103x10q.htm"
  },
  {
    "date": "2013-08-04",
    "symbol": "LULU",
    "reportedCurrency": "USD",
    "cik": "0001397187",
    "fillingDate": "2013-09-12",
    "acceptedDate": "2013-09-12 08:45:34",
    "calendarYear": "2013",
    "period": "Q2",
    "revenue": 344513000,
    "costOfRevenue": 158558000,
    "grossProfit": 185955000,
    "grossProfitRatio": 0.5397619248,
    "researchAndDevelopmentExpenses": 0,
    "generalAndAdministrativeExpenses": 0,
    "sellingAndMarketingExpenses": 0,
    "sellingGeneralAndAdministrativeExpenses": 106969000,
    "otherExpenses": 0,
    "operatingExpenses": 106969000,
    "costAndExpenses": 265527000,
    "interestIncome": 0,
    "interestExpense": 0,
    "depreciationAndAmortization": 12078000,
    "ebitda": 91064000,
    "ebitdaratio": 0.2643267453,
    "operatingIncome": 78986000,
    "operatingIncomeRatio": 0.2292685617,
    "totalOtherIncomeExpensesNet": 1295000,
    "incomeBeforeTax": 80281000,
    "incomeBeforeTaxRatio": 0.233027491,
    "incomeTaxExpense": 23816000,
    "netIncome": 56465000,
    "netIncomeRatio": 0.1638980242,
    "eps": 0.39,
    "epsdiluted": 0.39,
    "weightedAverageShsOut": 144818000,
    "weightedAverageShsOutDil": 145916000,
    "link": "https://www.sec.gov/Archives/edgar/data/1397187/000139718713000022/0001397187-13-000022-index.htm",
    "finalLink": "https://www.sec.gov/Archives/edgar/data/1397187/000139718713000022/lulu-201384x10q.htm"
  },
  {
    "date": "2013-05-05",
    "symbol": "LULU",
    "reportedCurrency": "USD",
    "cik": "0001397187",
    "fillingDate": "2014-01-07",
    "acceptedDate": "2014-01-07 17:00:17",
    "calendarYear": "2013",
    "period": "Q1",
    "revenue": 345782000,
    "costOfRevenue": 175057000,
    "grossProfit": 170725000,
    "grossProfitRatio": 0.4937359377,
    "researchAndDevelopmentExpenses": 0,
    "generalAndAdministrativeExpenses": 0,
    "sellingAndMarketingExpenses": 0,
    "sellingGeneralAndAdministrativeExpenses": 104836000,
    "otherExpenses": 0,
    "operatingExpenses": 104836000,
    "costAndExpenses": 279893000,
    "interestIncome": 0,
    "interestExpense": 0,
    "depreciationAndAmortization": 11729000,
    "ebitda": 77618000,
    "ebitdaratio": 0.2244709094,
    "operatingIncome": 65889000,
    "operatingIncomeRatio": 0.1905506938,
    "totalOtherIncomeExpensesNet": 1501000,
    "incomeBeforeTax": 67390000,
    "incomeBeforeTaxRatio": 0.1948915791,
    "incomeTaxExpense": 20111000,
    "netIncome": 47279000,
    "netIncomeRatio": 0.1367306569,
    "eps": 0.33,
    "epsdiluted": 0.32,
    "weightedAverageShsOut": 144482000,
    "weightedAverageShsOutDil": 145849000,
    "link": "https://www.sec.gov/Archives/edgar/data/1397187/000139718714000003/0001397187-14-000003-index.htm",
    "finalLink": "https://www.sec.gov/Archives/edgar/data/1397187/000139718714000003/lulu-20130505x10qa.htm"
  },
  {
    "date": "2013-02-03",
    "symbol": "LULU",
    "reportedCurrency": "USD",
    "cik": "0001397187",
    "fillingDate": "2013-03-21",
    "acceptedDate": "2013-03-21 08:50:22",
    "calendarYear": "2012",
    "period": "Q4",
    "revenue": 485489000,
    "costOfRevenue": 210982000,
    "grossProfit": 274507000,
    "grossProfitRatio": 0.5654237274,
    "researchAndDevelopmentExpenses": 0,
    "generalAndAdministrativeExpenses": 0,
    "sellingAndMarketingExpenses": 0,
    "sellingGeneralAndAdministrativeExpenses": 121932000,
    "otherExpenses": 0,
    "operatingExpenses": 121932000,
    "costAndExpenses": 332914000,
    "interestIncome": 0,
    "interestExpense": 0,
    "depreciationAndAmortization": 12038000,
    "ebitda": 164613000,
    "ebitdaratio": 0.3390663846,
    "operatingIncome": 152575000,
    "operatingIncomeRatio": 0.3142707662,
    "totalOtherIncomeExpensesNet": 1457000,
    "incomeBeforeTax": 154032000,
    "incomeBeforeTaxRatio": 0.317271864,
    "incomeTaxExpense": 44657000,
    "netIncome": 109375000,
    "netIncomeRatio": 0.2252883176,
    "eps": 0.76,
    "epsdiluted": 0.74,
    "weightedAverageShsOut": 144291000,
    "weightedAverageShsOutDil": 145974000,
    "link": "https://www.sec.gov/Archives/edgar/data/1397187/000119312513118393/0001193125-13-118393-index.htm",
    "finalLink": "https://www.sec.gov/Archives/edgar/data/1397187/000119312513118393/d475380d10k.htm"
  },
  {
    "date": "2012-10-28",
    "symbol": "LULU",
    "reportedCurrency": "USD",
    "cik": "0001397187",
    "fillingDate": "2012-12-06",
    "acceptedDate": "2012-12-06 08:48:06",
    "calendarYear": "2012",
    "period": "Q3",
    "revenue": 316537000,
    "costOfRevenue": 141237000,
    "grossProfit": 175300000,
    "grossProfitRatio": 0.5538057162,
    "researchAndDevelopmentExpenses": 0,
    "generalAndAdministrativeExpenses": 0,
    "sellingAndMarketingExpenses": 0,
    "sellingGeneralAndAdministrativeExpenses": 94689000,
    "otherExpenses": 0,
    "operatingExpenses": 94689000,
    "costAndExpenses": 235926000,
    "interestIncome": 0,
    "interestExpense": 0,
    "depreciationAndAmortization": 11483000,
    "ebitda": 92094000,
    "ebitdaratio": 0.2909422911,
    "operatingIncome": 80611000,
    "operatingIncomeRatio": 0.2546653314,
    "totalOtherIncomeExpensesNet": 1424000,
    "incomeBeforeTax": 82035000,
    "incomeBeforeTaxRatio": 0.2591640156,
    "incomeTaxExpense": 24655000,
    "netIncome": 57316000,
    "netIncomeRatio": 0.181072039,
    "eps": 0.4,
    "epsdiluted": 0.39,
    "weightedAverageShsOut": 144057000,
    "weightedAverageShsOutDil": 145748000,
    "link": "https://www.sec.gov/Archives/edgar/data/1397187/000119312512492935/0001193125-12-492935-index.htm",
    "finalLink": "https://www.sec.gov/Archives/edgar/data/1397187/000119312512492935/d423946d10q.htm"
  },
  {
    "date": "2012-07-29",
    "symbol": "LULU",
    "reportedCurrency": "USD",
    "cik": "0001397187",
    "fillingDate": "2012-09-07",
    "acceptedDate": "2012-09-07 08:46:07",
    "calendarYear": "2012",
    "period": "Q2",
    "revenue": 282634000,
    "costOfRevenue": 126879000,
    "grossProfit": 155755000,
    "grossProfitRatio": 0.5510837337,
    "researchAndDevelopmentExpenses": 0,
    "generalAndAdministrativeExpenses": 0,
    "sellingAndMarketingExpenses": 0,
    "sellingGeneralAndAdministrativeExpenses": 85567000,
    "otherExpenses": 0,
    "operatingExpenses": 85567000,
    "costAndExpenses": 212446000,
    "interestIncome": 0,
    "interestExpense": 0,
    "depreciationAndAmortization": 9681000,
    "ebitda": 79869000,
    "ebitdaratio": 0.2825880821,
    "operatingIncome": 70188000,
    "operatingIncomeRatio": 0.2483353029,
    "totalOtherIncomeExpensesNet": 1166000,
    "incomeBeforeTax": 71354000,
    "incomeBeforeTaxRatio": 0.2524607797,
    "incomeTaxExpense": 13652000,
    "netIncome": 57222000,
    "netIncomeRatio": 0.2024597182,
    "eps": 0.4,
    "epsdiluted": 0.39,
    "weightedAverageShsOut": 143972000,
    "weightedAverageShsOutDil": 145678000,
    "link": "https://www.sec.gov/Archives/edgar/data/1397187/000119312512383973/0001193125-12-383973-index.htm",
    "finalLink": "https://www.sec.gov/Archives/edgar/data/1397187/000119312512383973/d391957d10q.htm"
  },
  {
    "date": "2012-04-29",
    "symbol": "LULU",
    "reportedCurrency": "USD",
    "cik": "0001397187",
    "fillingDate": "2012-06-07",
    "acceptedDate": "2012-06-07 08:45:08",
    "calendarYear": "2012",
    "period": "Q1",
    "revenue": 285698000,
    "costOfRevenue": 128434000,
    "grossProfit": 157264000,
    "grossProfitRatio": 0.550455376,
    "researchAndDevelopmentExpenses": 0,
    "generalAndAdministrativeExpenses": 0,
    "sellingAndMarketingExpenses": 0,
    "sellingGeneralAndAdministrativeExpenses": 84199000,
    "otherExpenses": 0,
    "operatingExpenses": 84199000,
    "costAndExpenses": 212633000,
    "interestIncome": 0,
    "interestExpense": 0,
    "depreciationAndAmortization": 9798000,
    "ebitda": 82863000,
    "ebitdaratio": 0.2900370321,
    "operatingIncome": 73065000,
    "operatingIncomeRatio": 0.2557420773,
    "totalOtherIncomeExpensesNet": 910000,
    "incomeBeforeTax": 73975000,
    "incomeBeforeTaxRatio": 0.2589272589,
    "incomeTaxExpense": 27001000,
    "netIncome": 46643000,
    "netIncomeRatio": 0.1632598058,
    "eps": 0.32,
    "epsdiluted": 0.32,
    "weightedAverageShsOut": 143678000,
    "weightedAverageShsOutDil": 145637000,
    "link": "https://www.sec.gov/Archives/edgar/data/1397187/000119312512262708/0001193125-12-262708-index.htm",
    "finalLink": "https://www.sec.gov/Archives/edgar/data/1397187/000119312512262708/d336449d10q.htm"
  },
  {
    "date": "2012-01-29",
    "symbol": "LULU",
    "reportedCurrency": "USD",
    "cik": "0001397187",
    "fillingDate": "2012-03-22",
    "acceptedDate": "2012-03-22 08:45:47",
    "calendarYear": "2011",
    "period": "Q4",
    "revenue": 371520000,
    "costOfRevenue": 162502000,
    "grossProfit": 209018000,
    "grossProfitRatio": 0.5626022825,
    "researchAndDevelopmentExpenses": 0,
    "generalAndAdministrativeExpenses": 0,
    "sellingAndMarketingExpenses": 0,
    "sellingGeneralAndAdministrativeExpenses": 92951000,
    "otherExpenses": 0,
    "operatingExpenses": 92951000,
    "costAndExpenses": 255453000,
    "interestIncome": 0,
    "interestExpense": 0,
    "depreciationAndAmortization": 9371000,
    "ebitda": 125438000,
    "ebitdaratio": 0.3376345823,
    "operatingIncome": 116067000,
    "operatingIncomeRatio": 0.3124111757,
    "totalOtherIncomeExpensesNet": 380000,
    "incomeBeforeTax": 116447000,
    "incomeBeforeTaxRatio": 0.3134340009,
    "incomeTaxExpense": 42559000,
    "netIncome": 73518000,
    "netIncomeRatio": 0.1978843669,
    "eps": 0.52,
    "epsdiluted": 0.51,
    "weightedAverageShsOut": 143496000,
    "weightedAverageShsOutDil": 145422000,
    "link": "https://www.sec.gov/Archives/edgar/data/1397187/000119312512126444/0001193125-12-126444-index.htm",
    "finalLink": "https://www.sec.gov/Archives/edgar/data/1397187/000119312512126444/d277556d10k.htm"
  },
  {
    "date": "2011-10-30",
    "symbol": "LULU",
    "reportedCurrency": "USD",
    "cik": "0001397187",
    "fillingDate": "2011-12-01",
    "acceptedDate": "2011-12-01 08:46:01",
    "calendarYear": "2011",
    "period": "Q3",
    "revenue": 230216000,
    "costOfRevenue": 101720000,
    "grossProfit": 128496000,
    "grossProfitRatio": 0.5581540814,
    "researchAndDevelopmentExpenses": 0,
    "generalAndAdministrativeExpenses": 0,
    "sellingAndMarketingExpenses": 0,
    "sellingGeneralAndAdministrativeExpenses": 68792000,
    "otherExpenses": 0,
    "operatingExpenses": 68792000,
    "costAndExpenses": 170495000,
    "interestIncome": 0,
    "interestExpense": 0,
    "depreciationAndAmortization": 7327000,
    "ebitda": 67048000,
    "ebitdaratio": 0.2912395316,
    "operatingIncome": 59721000,
    "operatingIncomeRatio": 0.2594128992,
    "totalOtherIncomeExpensesNet": 619000,
    "incomeBeforeTax": 60340000,
    "incomeBeforeTaxRatio": 0.2621016784,
    "incomeTaxExpense": 21399000,
    "netIncome": 38794000,
    "netIncomeRatio": 0.1685113111,
    "eps": 0.27,
    "epsdiluted": 0.27,
    "weightedAverageShsOut": 143370000,
    "weightedAverageShsOutDil": 145349000,
    "link": "https://www.sec.gov/Archives/edgar/data/1397187/000119312511326722/0001193125-11-326722-index.htm",
    "finalLink": "https://www.sec.gov/Archives/edgar/data/1397187/000119312511326722/d248821d10q.htm"
  },
  {
    "date": "2011-07-31",
    "symbol": "LULU",
    "reportedCurrency": "USD",
    "cik": "0001397187",
    "fillingDate": "2011-09-09",
    "acceptedDate": "2011-09-09 08:45:59",
    "calendarYear": "2011",
    "period": "Q2",
    "revenue": 212323000,
    "costOfRevenue": 90251000,
    "grossProfit": 122072000,
    "grossProfitRatio": 0.5749353579,
    "researchAndDevelopmentExpenses": 0,
    "generalAndAdministrativeExpenses": 0,
    "sellingAndMarketingExpenses": 0,
    "sellingGeneralAndAdministrativeExpenses": 62584000,
    "otherExpenses": 0,
    "operatingExpenses": 62584000,
    "costAndExpenses": 152840000,
    "interestIncome": 0,
    "interestExpense": 0,
    "depreciationAndAmortization": 7520000,
    "ebitda": 67003000,
    "ebitdaratio": 0.3155710874,
    "operatingIncome": 59483000,
    "operatingIncomeRatio": 0.2801533513,
    "totalOtherIncomeExpensesNet": 597000,
    "incomeBeforeTax": 60080000,
    "incomeBeforeTaxRatio": 0.2829651051,
    "incomeTaxExpense": 21462000,
    "netIncome": 38379000,
    "netIncomeRatio": 0.1807576193,
    "eps": 0.27,
    "epsdiluted": 0.26,
    "weightedAverageShsOut": 143163000,
    "weightedAverageShsOutDil": 145228000,
    "link": "https://www.sec.gov/Archives/edgar/data/1397187/000095012311083597/0000950123-11-083597-index.htm",
    "finalLink": "https://www.sec.gov/Archives/edgar/data/1397187/000095012311083597/o71936e10vq.htm"
  },
  {
    "date": "2011-05-01",
    "symbol": "LULU",
    "reportedCurrency": "USD",
    "cik": "0001397187",
    "fillingDate": "2011-06-10",
    "acceptedDate": "2011-06-10 08:45:56",
    "calendarYear": "2011",
    "period": "Q1",
    "revenue": 186780000,
    "costOfRevenue": 77096000,
    "grossProfit": 109684000,
    "grossProfitRatio": 0.5872363208,
    "researchAndDevelopmentExpenses": 0,
    "generalAndAdministrativeExpenses": 0,
    "sellingAndMarketingExpenses": 0,
    "sellingGeneralAndAdministrativeExpenses": 58040000,
    "otherExpenses": 0,
    "operatingExpenses": 58040000,
    "costAndExpenses": 135093000,
    "interestIncome": 0,
    "interestExpense": 0,
    "depreciationAndAmortization": 6041000,
    "ebitda": 57728000,
    "ebitdaratio": 0.3090694935,
    "operatingIncome": 51687000,
    "operatingIncomeRatio": 0.2767266303,
    "totalOtherIncomeExpensesNet": 904000,
    "incomeBeforeTax": 52591000,
    "incomeBeforeTaxRatio": 0.2815665489,
    "incomeTaxExpense": 19075000,
    "netIncome": 33372000,
    "netIncomeRatio": 0.1786700932,
    "eps": 0.23,
    "epsdiluted": 0.23,
    "weightedAverageShsOut": 142760000,
    "weightedAverageShsOutDil": 144910000,
    "link": "https://www.sec.gov/Archives/edgar/data/1397187/000095012311058122/0000950123-11-058122-index.htm",
    "finalLink": "https://www.sec.gov/Archives/edgar/data/1397187/000095012311058122/o70622e10vq.htm"
  },
  {
    "date": "2011-01-30",
    "symbol": "LULU",
    "reportedCurrency": "USD",
    "cik": "0001397187",
    "fillingDate": "2011-03-17",
    "acceptedDate": "2011-03-17 08:48:56",
    "calendarYear": "2010",
    "period": "Q4",
    "revenue": 245399000,
    "costOfRevenue": 101939000,
    "grossProfit": 143460000,
    "grossProfitRatio": 0.5845989592,
    "researchAndDevelopmentExpenses": 0,
    "generalAndAdministrativeExpenses": 0,
    "sellingAndMarketingExpenses": 0,
    "sellingGeneralAndAdministrativeExpenses": 70390000,
    "otherExpenses": 1772000,
    "operatingExpenses": 72162000,
    "costAndExpenses": 174101000,
    "interestIncome": 0,
    "interestExpense": 0,
    "depreciationAndAmortization": 6198000,
    "ebitda": 79268000,
    "ebitdaratio": 0.3230168012,
    "operatingIncome": 71298000,
    "operatingIncomeRatio": 0.2905390813,
    "totalOtherIncomeExpensesNet": 541000,
    "incomeBeforeTax": 71839000,
    "incomeBeforeTaxRatio": 0.2927436542,
    "incomeTaxExpense": 16873000,
    "netIncome": 54766000,
    "netIncomeRatio": 0.2231712436,
    "eps": 0.38,
    "epsdiluted": 0.38,
    "weightedAverageShsOut": 142164000,
    "weightedAverageShsOutDil": 144740000,
    "link": "https://www.sec.gov/Archives/edgar/data/1397187/000095012311026220/0000950123-11-026220-index.htm",
    "finalLink": "https://www.sec.gov/Archives/edgar/data/1397187/000095012311026220/o67665e10vk.htm"
  },
  {
    "date": "2010-10-31",
    "symbol": "LULU",
    "reportedCurrency": "USD",
    "cik": "0001397187",
    "fillingDate": "2010-12-09",
    "acceptedDate": "2010-12-09 08:45:47",
    "calendarYear": "2010",
    "period": "Q3",
    "revenue": 175800000,
    "costOfRevenue": 78968000,
    "grossProfit": 96832000,
    "grossProfitRatio": 0.5508077361,
    "researchAndDevelopmentExpenses": 0,
    "generalAndAdministrativeExpenses": 0,
    "sellingAndMarketingExpenses": 0,
    "sellingGeneralAndAdministrativeExpenses": 54456000,
    "otherExpenses": 0,
    "operatingExpenses": 54456000,
    "costAndExpenses": 133424000,
    "interestIncome": 0,
    "interestExpense": 0,
    "depreciationAndAmortization": 6426000,
    "ebitda": 48802000,
    "ebitdaratio": 0.2775995449,
    "operatingIncome": 42376000,
    "operatingIncomeRatio": 0.2410466439,
    "totalOtherIncomeExpensesNet": 91000,
    "incomeBeforeTax": 42467000,
    "incomeBeforeTaxRatio": 0.2415642776,
    "incomeTaxExpense": 16532000,
    "netIncome": 25701000,
    "netIncomeRatio": 0.1461945392,
    "eps": 0.18,
    "epsdiluted": 0.18,
    "weightedAverageShsOut": 141876000,
    "weightedAverageShsOutDil": 143670000,
    "link": "https://www.sec.gov/Archives/edgar/data/1397187/000095012310112239/0000950123-10-112239-index.htm",
    "finalLink": "https://www.sec.gov/Archives/edgar/data/1397187/000095012310112239/o65878e10vq.htm"
  },
  {
    "date": "2010-08-01",
    "symbol": "LULU",
    "reportedCurrency": "USD",
    "cik": "0001397187",
    "fillingDate": "2010-09-10",
    "acceptedDate": "2010-09-10 08:45:52",
    "calendarYear": "2010",
    "period": "Q2",
    "revenue": 152208000,
    "costOfRevenue": 71910000,
    "grossProfit": 80298000,
    "grossProfitRatio": 0.5275543992,
    "researchAndDevelopmentExpenses": 0,
    "generalAndAdministrativeExpenses": 0,
    "sellingAndMarketingExpenses": 0,
    "sellingGeneralAndAdministrativeExpenses": 46055000,
    "otherExpenses": 0,
    "operatingExpenses": 46055000,
    "costAndExpenses": 117965000,
    "interestIncome": 0,
    "interestExpense": 0,
    "depreciationAndAmortization": 6602000,
    "ebitda": 40845000,
    "ebitdaratio": 0.2683498896,
    "operatingIncome": 34243000,
    "operatingIncomeRatio": 0.2249750342,
    "totalOtherIncomeExpensesNet": 2092000,
    "incomeBeforeTax": 36335000,
    "incomeBeforeTaxRatio": 0.238719384,
    "incomeTaxExpense": 14628000,
    "netIncome": 21792000,
    "netIncomeRatio": 0.1431725008,
    "eps": 0.15,
    "epsdiluted": 0.15,
    "weightedAverageShsOut": 141640000,
    "weightedAverageShsOutDil": 143500000,
    "link": "https://www.sec.gov/Archives/edgar/data/1397187/000095012310085088/0000950123-10-085088-index.htm",
    "finalLink": "https://www.sec.gov/Archives/edgar/data/1397187/000095012310085088/o62988e10vq.htm"
  },
  {
    "date": "2010-05-02",
    "symbol": "LULU",
    "reportedCurrency": "USD",
    "cik": "0001397187",
    "fillingDate": "2010-06-10",
    "acceptedDate": "2010-06-10 08:45:51",
    "calendarYear": "2010",
    "period": "Q1",
    "revenue": 138297000,
    "costOfRevenue": 63940000,
    "grossProfit": 74357000,
    "grossProfitRatio": 0.5376616991,
    "researchAndDevelopmentExpenses": 0,
    "generalAndAdministrativeExpenses": 0,
    "sellingAndMarketingExpenses": 0,
    "sellingGeneralAndAdministrativeExpenses": 41883000,
    "otherExpenses": 0,
    "operatingExpenses": 41883000,
    "costAndExpenses": 105823000,
    "interestIncome": 0,
    "interestExpense": 0,
    "depreciationAndAmortization": 5388000,
    "ebitda": 37862000,
    "ebitdaratio": 0.2737731115,
    "operatingIncome": 32474000,
    "operatingIncomeRatio": 0.2348134811,
    "totalOtherIncomeExpensesNet": 161000,
    "incomeBeforeTax": 32635000,
    "incomeBeforeTaxRatio": 0.2359776423,
    "incomeTaxExpense": 13047000,
    "netIncome": 19588000,
    "netIncomeRatio": 0.1416372011,
    "eps": 0.14,
    "epsdiluted": 0.14,
    "weightedAverageShsOut": 141198000,
    "weightedAverageShsOutDil": 143164000,
    "link": "https://www.sec.gov/Archives/edgar/data/1397187/000095012310057113/0000950123-10-057113-index.htm",
    "finalLink": "https://www.sec.gov/Archives/edgar/data/1397187/000095012310057113/o62747e10vq.htm"
  },
  {
    "date": "2010-01-31",
    "symbol": "LULU",
    "reportedCurrency": "USD",
    "cik": "0001397187",
    "fillingDate": "2010-03-25",
    "acceptedDate": "2010-03-25 08:51:12",
    "calendarYear": "2009",
    "period": "Q4",
    "revenue": 160606000,
    "costOfRevenue": 74046000,
    "grossProfit": 86560000,
    "grossProfitRatio": 0.5389586939,
    "researchAndDevelopmentExpenses": 0,
    "generalAndAdministrativeExpenses": 0,
    "sellingAndMarketingExpenses": 0,
    "sellingGeneralAndAdministrativeExpenses": 44746000,
    "otherExpenses": 379000,
    "operatingExpenses": 45125000,
    "costAndExpenses": 119171000,
    "interestIncome": 0,
    "interestExpense": 0,
    "depreciationAndAmortization": 5596000,
    "ebitda": 47410000,
    "ebitdaratio": 0.295194451,
    "operatingIncome": 41435000,
    "operatingIncomeRatio": 0.2579916068,
    "totalOtherIncomeExpensesNet": 66000,
    "incomeBeforeTax": 41501000,
    "incomeBeforeTaxRatio": 0.2584025503,
    "incomeTaxExpense": 13050000,
    "netIncome": 28451000,
    "netIncomeRatio": 0.1771478027,
    "eps": 0.2,
    "epsdiluted": 0.2,
    "weightedAverageShsOut": 140778000,
    "weightedAverageShsOutDil": 143038000,
    "link": "https://www.sec.gov/Archives/edgar/data/1397187/000095012310028033/0000950123-10-028033-index.htm",
    "finalLink": "https://www.sec.gov/Archives/edgar/data/1397187/000095012310028033/o60149e10vk.htm"
  },
  {
    "date": "2009-11-01",
    "symbol": "LULU",
    "reportedCurrency": "USD",
    "cik": "0001397187",
    "fillingDate": "2009-12-09",
    "acceptedDate": "2009-12-09 16:17:25",
    "calendarYear": "2009",
    "period": "Q3",
    "revenue": 112891000,
    "costOfRevenue": 56553000,
    "grossProfit": 56338000,
    "grossProfitRatio": 0.499047754,
    "researchAndDevelopmentExpenses": 0,
    "generalAndAdministrativeExpenses": 0,
    "sellingAndMarketingExpenses": 0,
    "sellingGeneralAndAdministrativeExpenses": 35412000,
    "otherExpenses": 0,
    "operatingExpenses": 35412000,
    "costAndExpenses": 91965000,
    "interestIncome": 0,
    "interestExpense": 0,
    "depreciationAndAmortization": 5684000,
    "ebitda": 26610000,
    "ebitdaratio": 0.2357140959,
    "operatingIncome": 20926000,
    "operatingIncomeRatio": 0.1853646438,
    "totalOtherIncomeExpensesNet": -3000,
    "incomeBeforeTax": 20923000,
    "incomeBeforeTaxRatio": 0.1853380695,
    "incomeTaxExpense": 6855000,
    "netIncome": 14068000,
    "netIncomeRatio": 0.1246157798,
    "eps": 0.1,
    "epsdiluted": 0.1,
    "weightedAverageShsOut": 140558000,
    "weightedAverageShsOutDil": 142200000,
    "link": "https://www.sec.gov/Archives/edgar/data/1397187/000095012309069556/0000950123-09-069556-index.htm",
    "finalLink": "https://www.sec.gov/Archives/edgar/data/1397187/000095012309069556/o58041e10vq.htm"
  },
  {
    "date": "2009-08-02",
    "symbol": "LULU",
    "reportedCurrency": "USD",
    "cik": "0001397187",
    "fillingDate": "2009-09-10",
    "acceptedDate": "2009-09-10 08:45:22",
    "calendarYear": "2009",
    "period": "Q2",
    "revenue": 97721000,
    "costOfRevenue": 52557000,
    "grossProfit": 45164000,
    "grossProfitRatio": 0.4621729209,
    "researchAndDevelopmentExpenses": 0,
    "generalAndAdministrativeExpenses": 0,
    "sellingAndMarketingExpenses": 0,
    "sellingGeneralAndAdministrativeExpenses": 30832000,
    "otherExpenses": 0,
    "operatingExpenses": 30832000,
    "costAndExpenses": 83389000,
    "interestIncome": 0,
    "interestExpense": 0,
    "depreciationAndAmortization": 5274000,
    "ebitda": 19606000,
    "ebitdaratio": 0.2006324127,
    "operatingIncome": 14332000,
    "operatingIncomeRatio": 0.1466624369,
    "totalOtherIncomeExpensesNet": 23000,
    "incomeBeforeTax": 14355000,
    "incomeBeforeTaxRatio": 0.1468978009,
    "incomeTaxExpense": 5111000,
    "netIncome": 9244000,
    "netIncomeRatio": 0.0945958392,
    "eps": 0.065,
    "epsdiluted": 0.065,
    "weightedAverageShsOut": 139896000,
    "weightedAverageShsOutDil": 140802000,
    "link": "https://www.sec.gov/Archives/edgar/data/1397187/000095012309042269/0000950123-09-042269-index.htm",
    "finalLink": "https://www.sec.gov/Archives/edgar/data/1397187/000095012309042269/o56960e10vq.htm"
  },
  {
    "date": "2009-05-03",
    "symbol": "LULU",
    "reportedCurrency": "USD",
    "cik": "0001397187",
    "fillingDate": "2009-06-11",
    "acceptedDate": "2009-06-11 08:45:54",
    "calendarYear": "2009",
    "period": "Q1",
    "revenue": 81680000,
    "costOfRevenue": 46731000,
    "grossProfit": 34949000,
    "grossProfitRatio": 0.4278770813,
    "researchAndDevelopmentExpenses": 0,
    "generalAndAdministrativeExpenses": 0,
    "sellingAndMarketingExpenses": 0,
    "sellingGeneralAndAdministrativeExpenses": 25171000,
    "otherExpenses": 0,
    "operatingExpenses": 25171000,
    "costAndExpenses": 71827000,
    "interestIncome": 0,
    "interestExpense": 0,
    "depreciationAndAmortization": 4278000,
    "ebitda": 14131000,
    "ebitdaratio": 0.1730044074,
    "operatingIncome": 9853000,
    "operatingIncomeRatio": 0.120629285,
    "totalOtherIncomeExpensesNet": 78000,
    "incomeBeforeTax": 9931000,
    "incomeBeforeTaxRatio": 0.1215842311,
    "incomeTaxExpense": 3413000,
    "netIncome": 6518000,
    "netIncomeRatio": 0.0797992165,
    "eps": 0.045,
    "epsdiluted": 0.045,
    "weightedAverageShsOut": 140262000,
    "weightedAverageShsOutDil": 140662000,
    "link": "https://www.sec.gov/Archives/edgar/data/1397187/000095012309013148/0000950123-09-013148-index.htm",
    "finalLink": "https://www.sec.gov/Archives/edgar/data/1397187/000095012309013148/o55723e10vq.htm"
  },
  {
    "date": "2009-02-01",
    "symbol": "LULU",
    "reportedCurrency": "USD",
    "cik": "0001397187",
    "fillingDate": "2009-03-27",
    "acceptedDate": "2009-03-27 06:07:38",
    "calendarYear": "2008",
    "period": "Q4",
    "revenue": 103922947,
    "costOfRevenue": 52261390,
    "grossProfit": 51661557,
    "grossProfitRatio": 0.4971140493,
    "researchAndDevelopmentExpenses": 0,
    "generalAndAdministrativeExpenses": 0,
    "sellingAndMarketingExpenses": 0,
    "sellingGeneralAndAdministrativeExpenses": 31213003,
    "otherExpenses": 4404855,
    "operatingExpenses": 35617858,
    "costAndExpenses": 87879248,
    "interestIncome": 0,
    "interestExpense": 0,
    "depreciationAndAmortization": 4720526,
    "ebitda": 20764225,
    "ebitdaratio": 0.1998040433,
    "operatingIncome": 16043699,
    "operatingIncomeRatio": 0.1543807163,
    "totalOtherIncomeExpensesNet": 209529,
    "incomeBeforeTax": 16253228,
    "incomeBeforeTaxRatio": 0.156396912,
    "incomeTaxExpense": 5312164,
    "netIncome": 10938617,
    "netIncomeRatio": 0.1052569939,
    "eps": 0.075,
    "epsdiluted": 0.075,
    "weightedAverageShsOut": 139789968,
    "weightedAverageShsOutDil": 141491392,
    "link": "https://www.sec.gov/Archives/edgar/data/1397187/000090956709000292/0000909567-09-000292-index.htm",
    "finalLink": "https://www.sec.gov/Archives/edgar/data/1397187/000090956709000292/o54371e10vk.htm"
  },
  {
    "date": "2008-11-02",
    "symbol": "LULU",
    "reportedCurrency": "USD",
    "cik": "0001397187",
    "fillingDate": "2008-12-11",
    "acceptedDate": "2008-12-11 08:34:34",
    "calendarYear": "2008",
    "period": "Q3",
    "revenue": 87047135,
    "costOfRevenue": 45153576,
    "grossProfit": 41893559,
    "grossProfitRatio": 0.4812744153,
    "researchAndDevelopmentExpenses": 0,
    "generalAndAdministrativeExpenses": 0,
    "sellingAndMarketingExpenses": 0,
    "sellingGeneralAndAdministrativeExpenses": 28838000,
    "otherExpenses": 0,
    "operatingExpenses": 28838000,
    "costAndExpenses": 73992000,
    "interestIncome": 0,
    "interestExpense": 0,
    "depreciationAndAmortization": 3903000,
    "ebitda": 16958000,
    "ebitdaratio": 0.1948139936,
    "operatingIncome": 13055000,
    "operatingIncomeRatio": 0.1499762169,
    "totalOtherIncomeExpensesNet": 145000,
    "incomeBeforeTax": 13200000,
    "incomeBeforeTaxRatio": 0.1516419811,
    "incomeTaxExpense": 4370000,
    "netIncome": 8834000,
    "netIncomeRatio": 0.101485247,
    "eps": 0.065,
    "epsdiluted": 0.065,
    "weightedAverageShsOut": 138324000,
    "weightedAverageShsOutDil": 141218000,
    "link": "https://www.sec.gov/Archives/edgar/data/1397187/000090956708001271/0000909567-08-001271-index.htm",
    "finalLink": "https://www.sec.gov/Archives/edgar/data/1397187/000090956708001271/o41997e10vq.htm"
  },
  {
    "date": "2008-08-03",
    "symbol": "LULU",
    "reportedCurrency": "USD",
    "cik": "0001397187",
    "fillingDate": "2008-09-11",
    "acceptedDate": "2008-09-11 07:46:20",
    "calendarYear": "2008",
    "period": "Q2",
    "revenue": 85484223,
    "costOfRevenue": 41107858,
    "grossProfit": 44376365,
    "grossProfitRatio": 0.5191176037,
    "researchAndDevelopmentExpenses": 0,
    "generalAndAdministrativeExpenses": 0,
    "sellingAndMarketingExpenses": 0,
    "sellingGeneralAndAdministrativeExpenses": 28832000,
    "otherExpenses": 0,
    "operatingExpenses": 28832000,
    "costAndExpenses": 69940000,
    "interestIncome": 0,
    "interestExpense": 0,
    "depreciationAndAmortization": 3817940,
    "ebitda": 19361940,
    "ebitdaratio": 0.2264972333,
    "operatingIncome": 15544000,
    "operatingIncomeRatio": 0.1818347229,
    "totalOtherIncomeExpensesNet": 211000,
    "incomeBeforeTax": 15755000,
    "incomeBeforeTaxRatio": 0.1843030146,
    "incomeTaxExpense": 3415000,
    "netIncome": 11148000,
    "netIncomeRatio": 0.130410029,
    "eps": 0.08,
    "epsdiluted": 0.08,
    "weightedAverageShsOut": 136214000,
    "weightedAverageShsOutDil": 140752000,
    "link": "https://www.sec.gov/Archives/edgar/data/1397187/000090956708001001/0000909567-08-001001-index.htm",
    "finalLink": "https://www.sec.gov/Archives/edgar/data/1397187/000090956708001001/o41682e10vq.htm"
  },
  {
    "date": "2008-05-04",
    "symbol": "LULU",
    "reportedCurrency": "USD",
    "cik": "0001397187",
    "fillingDate": "2008-06-02",
    "acceptedDate": "2008-06-02 16:25:19",
    "calendarYear": "2008",
    "period": "Q1",
    "revenue": 78167494,
    "costOfRevenue": 36645025,
    "grossProfit": 41522469,
    "grossProfitRatio": 0.5311986719,
    "researchAndDevelopmentExpenses": 0,
    "generalAndAdministrativeExpenses": 0,
    "sellingAndMarketingExpenses": 0,
    "sellingGeneralAndAdministrativeExpenses": 29801720,
    "otherExpenses": 0,
    "operatingExpenses": 29801720,
    "costAndExpenses": 66446745,
    "interestIncome": 0,
    "interestExpense": 0,
    "depreciationAndAmortization": 3381060,
    "ebitda": 15101809,
    "ebitdaratio": 0.1931980703,
    "operatingIncome": 11720749,
    "operatingIncomeRatio": 0.1499440292,
    "totalOtherIncomeExpensesNet": 453508,
    "incomeBeforeTax": 12174257,
    "incomeBeforeTaxRatio": 0.1557457759,
    "incomeTaxExpense": 3753231,
    "netIncome": 8476390,
    "netIncomeRatio": 0.1084388096,
    "eps": 0.065,
    "epsdiluted": 0.06,
    "weightedAverageShsOut": 135356698,
    "weightedAverageShsOutDil": 143301998,
    "link": "https://www.sec.gov/Archives/edgar/data/1397187/000094523408000267/0000945234-08-000267-index.htm",
    "finalLink": "https://www.sec.gov/Archives/edgar/data/1397187/000094523408000267/o40857e10vq.htm"
  },
  {
    "date": "2008-02-03",
    "symbol": "LULU",
    "reportedCurrency": "USD",
    "cik": "0001397187",
    "fillingDate": "2008-04-08",
    "acceptedDate": "2008-04-08 08:01:54",
    "calendarYear": "2007",
    "period": "Q4",
    "revenue": 105092648,
    "costOfRevenue": 48728703,
    "grossProfit": 56363945,
    "grossProfitRatio": 0.5363262423,
    "researchAndDevelopmentExpenses": 0,
    "generalAndAdministrativeExpenses": 0,
    "sellingAndMarketingExpenses": 0,
    "sellingGeneralAndAdministrativeExpenses": 34686526,
    "otherExpenses": 0,
    "operatingExpenses": 34686526,
    "costAndExpenses": 83415229,
    "interestIncome": 0,
    "interestExpense": 0,
    "depreciationAndAmortization": 2846946,
    "ebitda": 24524365,
    "ebitdaratio": 0.2333594734,
    "operatingIncome": 21677419,
    "operatingIncomeRatio": 0.2062696051,
    "totalOtherIncomeExpensesNet": 257687,
    "incomeBeforeTax": 21935106,
    "incomeBeforeTaxRatio": 0.2087216034,
    "incomeTaxExpense": 7460269,
    "netIncome": 14608999,
    "netIncomeRatio": 0.1390106661,
    "eps": 0.11,
    "epsdiluted": 0.11,
    "weightedAverageShsOut": 135553690,
    "weightedAverageShsOutDil": 135553690,
    "link": "https://www.sec.gov/Archives/edgar/data/1397187/000090956708000415/0000909567-08-000415-index.htm",
    "finalLink": "https://www.sec.gov/Archives/edgar/data/1397187/000090956708000415/o39896e10vk.htm"
  },
  {
    "date": "2007-10-31",
    "symbol": "LULU",
    "reportedCurrency": "USD",
    "cik": "0001397187",
    "fillingDate": "2007-11-29",
    "acceptedDate": "2007-11-29 09:30:36",
    "calendarYear": "2007",
    "period": "Q3",
    "revenue": 66150280,
    "costOfRevenue": 30269860,
    "grossProfit": 35880420,
    "grossProfitRatio": 0.5424076814,
    "researchAndDevelopmentExpenses": 0,
    "generalAndAdministrativeExpenses": 0,
    "sellingAndMarketingExpenses": 0,
    "sellingGeneralAndAdministrativeExpenses": 24050692,
    "otherExpenses": 0,
    "operatingExpenses": 24050692,
    "costAndExpenses": 54320552,
    "interestIncome": 0,
    "interestExpense": 0,
    "depreciationAndAmortization": 2173452,
    "ebitda": 14003180,
    "ebitdaratio": 0.2116873882,
    "operatingIncome": 11829728,
    "operatingIncomeRatio": 0.17883111,
    "totalOtherIncomeExpensesNet": 418938,
    "incomeBeforeTax": 12248666,
    "incomeBeforeTaxRatio": 0.1851642351,
    "incomeTaxExpense": 4763446,
    "netIncome": 7569377,
    "netIncomeRatio": 0.1144269835,
    "eps": 0.055,
    "epsdiluted": 0.055,
    "weightedAverageShsOut": 134953944,
    "weightedAverageShsOutDil": 143367046,
    "link": "https://www.sec.gov/Archives/edgar/data/1397187/000094523407000693/0000945234-07-000693-index.htm",
    "finalLink": "https://www.sec.gov/Archives/edgar/data/1397187/000094523407000693/o38413e10vq.htm"
  },
  {
    "date": "2007-07-31",
    "symbol": "LULU",
    "reportedCurrency": "USD",
    "cik": "0001397187",
    "fillingDate": "2007-09-10",
    "acceptedDate": "2007-09-10 16:57:33",
    "calendarYear": "2007",
    "period": "Q2",
    "revenue": 58680944,
    "costOfRevenue": 27434066,
    "grossProfit": 31246878,
    "grossProfitRatio": 0.5324876505,
    "researchAndDevelopmentExpenses": 0,
    "generalAndAdministrativeExpenses": 0,
    "sellingAndMarketingExpenses": 0,
    "sellingGeneralAndAdministrativeExpenses": 20489710,
    "otherExpenses": 0,
    "operatingExpenses": 20489710,
    "costAndExpenses": 47656454,
    "interestIncome": 0,
    "interestExpense": 0,
    "depreciationAndAmortization": 1816596,
    "ebitda": 12060355,
    "ebitdaratio": 0.2055242158,
    "operatingIncome": 10243759,
    "operatingIncomeRatio": 0.1745670451,
    "totalOtherIncomeExpensesNet": 70517,
    "incomeBeforeTax": 10314276,
    "incomeBeforeTaxRatio": 0.175768747,
    "incomeTaxExpense": 4798355,
    "netIncome": 5122000,
    "netIncomeRatio": 0.087285576,
    "eps": 0.035,
    "epsdiluted": 0.035,
    "weightedAverageShsOut": 130451638,
    "weightedAverageShsOutDil": 137782474,
    "link": "https://www.sec.gov/Archives/edgar/data/1397187/000094523407000575/0000945234-07-000575-index.htm",
    "finalLink": "https://www.sec.gov/Archives/edgar/data/1397187/000094523407000575/o37285e10vq.htm"
  },
  {
    "date": "2007-04-30",
    "symbol": "LULU",
    "reportedCurrency": "USD",
    "cik": "0001397187",
    "fillingDate": "2007-04-30",
    "acceptedDate": "2007-04-30 00:00:00",
    "calendarYear": "2007",
    "period": "Q1",
    "revenue": 44789456,
    "costOfRevenue": 21978546,
    "grossProfit": 22810910,
    "grossProfitRatio": 0.5092919637,
    "researchAndDevelopmentExpenses": 0,
    "generalAndAdministrativeExpenses": 0,
    "sellingAndMarketingExpenses": 0,
    "sellingGeneralAndAdministrativeExpenses": 15962780,
    "otherExpenses": 0,
    "operatingExpenses": 15962780,
    "costAndExpenses": 37941326,
    "interestIncome": 0,
    "interestExpense": 0,
    "depreciationAndAmortization": 1503738,
    "ebitda": 8351868,
    "ebitdaratio": 0.1864695119,
    "operatingIncome": 6848130,
    "operatingIncomeRatio": 0.1528960298,
    "totalOtherIncomeExpensesNet": 106996,
    "incomeBeforeTax": 6955126,
    "incomeBeforeTaxRatio": 0.1552848956,
    "incomeTaxExpense": 3448653,
    "netIncome": 3542063,
    "netIncomeRatio": 0.0790825189,
    "eps": 0.025,
    "epsdiluted": 0.025,
    "weightedAverageShsOut": 130451638,
    "weightedAverageShsOutDil": 132120436,
    "link": null,
    "finalLink": null
  },
  {
    "date": "2007-01-31",
    "symbol": "LULU",
    "reportedCurrency": "USD",
    "cik": "0001397187",
    "fillingDate": "2007-01-31",
    "acceptedDate": "2007-01-31 00:00:00",
    "calendarYear": "2006",
    "period": "Q4",
    "revenue": 40233751,
    "costOfRevenue": 0,
    "grossProfit": 40233751,
    "grossProfitRatio": 1,
    "researchAndDevelopmentExpenses": 0,
    "generalAndAdministrativeExpenses": 0,
    "sellingAndMarketingExpenses": 0,
    "sellingGeneralAndAdministrativeExpenses": 0,
    "otherExpenses": 132671420,
    "operatingExpenses": 132671420,
    "costAndExpenses": 132671420,
    "interestIncome": 0,
    "interestExpense": 0,
    "depreciationAndAmortization": 0,
    "ebitda": -92437669,
    "ebitdaratio": -2.297515561,
    "operatingIncome": -92437669,
    "operatingIncomeRatio": -2.297515561,
    "totalOtherIncomeExpensesNet": 92437669,
    "incomeBeforeTax": 0,
    "incomeBeforeTaxRatio": 0,
    "incomeTaxExpense": 0,
    "netIncome": 1495052,
    "netIncomeRatio": 0.0371591503,
    "eps": 0.0115,
    "epsdiluted": 0.0113,
    "weightedAverageShsOut": 130451638,
    "weightedAverageShsOutDil": 132120436,
    "link": null,
    "finalLink": null
  },
  {
    "date": "2006-10-31",
    "symbol": "LULU",
    "reportedCurrency": "USD",
    "cik": "0001397187",
    "fillingDate": "2006-10-31",
    "acceptedDate": "2006-10-31 00:00:00",
    "calendarYear": "2006",
    "period": "Q3",
    "revenue": 40233751,
    "costOfRevenue": 0,
    "grossProfit": 40233751,
    "grossProfitRatio": 1,
    "researchAndDevelopmentExpenses": 0,
    "generalAndAdministrativeExpenses": 0,
    "sellingAndMarketingExpenses": 0,
    "sellingGeneralAndAdministrativeExpenses": 0,
    "otherExpenses": 0,
    "operatingExpenses": 0,
    "costAndExpenses": 0,
    "interestIncome": 0,
    "interestExpense": 0,
    "depreciationAndAmortization": 0,
    "ebitda": 40233751,
    "ebitdaratio": 1,
    "operatingIncome": 40233751,
    "operatingIncomeRatio": 1,
    "totalOtherIncomeExpensesNet": -40233751,
    "incomeBeforeTax": 0,
    "incomeBeforeTaxRatio": 0,
    "incomeTaxExpense": 0,
    "netIncome": 1495052,
    "netIncomeRatio": 0.0371591503,
    "eps": 0.01,
    "epsdiluted": 0.01,
    "weightedAverageShsOut": 89549332,
    "weightedAverageShsOutDil": 89549332,
    "link": null,
    "finalLink": null
  },
  {
    "date": "2006-07-31",
    "symbol": "LULU",
    "reportedCurrency": "USD",
    "cik": "0001397187",
    "fillingDate": "2006-07-31",
    "acceptedDate": "2006-07-31 00:00:00",
    "calendarYear": "2006",
    "period": "Q2",
    "revenue": 40233751,
    "costOfRevenue": 0,
    "grossProfit": 40233751,
    "grossProfitRatio": 1,
    "researchAndDevelopmentExpenses": 0,
    "generalAndAdministrativeExpenses": 0,
    "sellingAndMarketingExpenses": 0,
    "sellingGeneralAndAdministrativeExpenses": 0,
    "otherExpenses": 0,
    "operatingExpenses": 0,
    "costAndExpenses": 0,
    "interestIncome": 0,
    "interestExpense": 0,
    "depreciationAndAmortization": 0,
    "ebitda": 40233751,
    "ebitdaratio": 1,
    "operatingIncome": 40233751,
    "operatingIncomeRatio": 1,
    "totalOtherIncomeExpensesNet": -40233751,
    "incomeBeforeTax": 0,
    "incomeBeforeTaxRatio": 0,
    "incomeTaxExpense": 0,
    "netIncome": 1495052,
    "netIncomeRatio": 0.0371591503,
    "eps": 0.01,
    "epsdiluted": 0.01,
    "weightedAverageShsOut": 89549332,
    "weightedAverageShsOutDil": 89549332,
    "link": null,
    "finalLink": null
  },
  {
    "date": "2006-04-30",
    "symbol": "LULU",
    "reportedCurrency": "USD",
    "cik": "0001397187",
    "fillingDate": "2006-04-30",
    "acceptedDate": "2006-04-30 00:00:00",
    "calendarYear": "2006",
    "period": "Q1",
    "revenue": 28183582,
    "costOfRevenue": 0,
    "grossProfit": 28183582,
    "grossProfitRatio": 1,
    "researchAndDevelopmentExpenses": 0,
    "generalAndAdministrativeExpenses": 0,
    "sellingAndMarketingExpenses": 0,
    "sellingGeneralAndAdministrativeExpenses": 0,
    "otherExpenses": 0,
    "operatingExpenses": 0,
    "costAndExpenses": 0,
    "interestIncome": 0,
    "interestExpense": 0,
    "depreciationAndAmortization": 0,
    "ebitda": 28183582,
    "ebitdaratio": 1,
    "operatingIncome": 28183582,
    "operatingIncomeRatio": 1,
    "totalOtherIncomeExpensesNet": -28183582,
    "incomeBeforeTax": 0,
    "incomeBeforeTaxRatio": 0,
    "incomeTaxExpense": 0,
    "netIncome": 3181175,
    "netIncomeRatio": 0.1128733388,
    "eps": 0.035,
    "epsdiluted": 0.035,
    "weightedAverageShsOut": 89549332,
    "weightedAverageShsOutDil": 89549332,
    "link": null,
    "finalLink": null
  },
  {
    "date": "2006-01-31",
    "symbol": "LULU",
    "reportedCurrency": "USD",
    "cik": "0001397187",
    "fillingDate": "2006-01-31",
    "acceptedDate": "2006-01-31 00:00:00",
    "calendarYear": "2005",
    "period": "Q4",
    "revenue": 21032273,
    "costOfRevenue": 0,
    "grossProfit": 21032273,
    "grossProfitRatio": 1,
    "researchAndDevelopmentExpenses": 0,
    "generalAndAdministrativeExpenses": 0,
    "sellingAndMarketingExpenses": 0,
    "sellingGeneralAndAdministrativeExpenses": 0,
    "otherExpenses": 80402385,
    "operatingExpenses": 80402385,
    "costAndExpenses": 80402385,
    "interestIncome": 0,
    "interestExpense": 0,
    "depreciationAndAmortization": 0,
    "ebitda": -59370112,
    "ebitdaratio": -2.8228100691,
    "operatingIncome": -59370112,
    "operatingIncomeRatio": -2.8228100691,
    "totalOtherIncomeExpensesNet": 59370112,
    "incomeBeforeTax": 0,
    "incomeBeforeTaxRatio": 0,
    "incomeTaxExpense": 0,
    "netIncome": 348526,
    "netIncomeRatio": 0.0165710097,
    "eps": 0.005,
    "epsdiluted": 0.005,
    "weightedAverageShsOut": 89549332,
    "weightedAverageShsOutDil": 89549332,
    "link": null,
    "finalLink": null
  },
  {
    "date": "2005-10-31",
    "symbol": "LULU",
    "reportedCurrency": "USD",
    "cik": "0001397187",
    "fillingDate": "2005-10-31",
    "acceptedDate": "2005-10-31 00:00:00",
    "calendarYear": "2005",
    "period": "Q3",
    "revenue": 21032273,
    "costOfRevenue": 0,
    "grossProfit": 21032273,
    "grossProfitRatio": 1,
    "researchAndDevelopmentExpenses": 0,
    "generalAndAdministrativeExpenses": 0,
    "sellingAndMarketingExpenses": 0,
    "sellingGeneralAndAdministrativeExpenses": 0,
    "otherExpenses": 0,
    "operatingExpenses": 0,
    "costAndExpenses": 0,
    "interestIncome": 0,
    "interestExpense": 0,
    "depreciationAndAmortization": 0,
    "ebitda": 21032273,
    "ebitdaratio": 1,
    "operatingIncome": 21032273,
    "operatingIncomeRatio": 1,
    "totalOtherIncomeExpensesNet": -21032273,
    "incomeBeforeTax": 0,
    "incomeBeforeTaxRatio": 0,
    "incomeTaxExpense": 0,
    "netIncome": 348526,
    "netIncomeRatio": 0.0165710097,
    "eps": 0.005,
    "epsdiluted": 0.005,
    "weightedAverageShsOut": 89549332,
    "weightedAverageShsOutDil": 89549332,
    "link": null,
    "finalLink": null
  },
  {
    "date": "2005-07-31",
    "symbol": "LULU",
    "reportedCurrency": "USD",
    "cik": "0001397187",
    "fillingDate": "2005-07-31",
    "acceptedDate": "2005-07-31 00:00:00",
    "calendarYear": "2005",
    "period": "Q2",
    "revenue": 21032273,
    "costOfRevenue": 0,
    "grossProfit": 21032273,
    "grossProfitRatio": 1,
    "researchAndDevelopmentExpenses": 0,
    "generalAndAdministrativeExpenses": 0,
    "sellingAndMarketingExpenses": 0,
    "sellingGeneralAndAdministrativeExpenses": 0,
    "otherExpenses": 0,
    "operatingExpenses": 0,
    "costAndExpenses": 0,
    "interestIncome": 0,
    "interestExpense": 0,
    "depreciationAndAmortization": 0,
    "ebitda": 21032273,
    "ebitdaratio": 1,
    "operatingIncome": 21032273,
    "operatingIncomeRatio": 1,
    "totalOtherIncomeExpensesNet": -21032273,
    "incomeBeforeTax": 0,
    "incomeBeforeTaxRatio": 0,
    "incomeTaxExpense": 0,
    "netIncome": 348526,
    "netIncomeRatio": 0.0165710097,
    "eps": 0.005,
    "epsdiluted": 0.005,
    "weightedAverageShsOut": 89549332,
    "weightedAverageShsOutDil": 89549332,
    "link": null,
    "finalLink": null
  },
  {
    "date": "2005-04-30",
    "symbol": "LULU",
    "reportedCurrency": "USD",
    "cik": "0001397187",
    "fillingDate": "2005-04-30",
    "acceptedDate": "2005-04-30 00:00:00",
    "calendarYear": "2005",
    "period": "Q1",
    "revenue": 21032273,
    "costOfRevenue": 0,
    "grossProfit": 21032273,
    "grossProfitRatio": 1,
    "researchAndDevelopmentExpenses": 0,
    "generalAndAdministrativeExpenses": 0,
    "sellingAndMarketingExpenses": 0,
    "sellingGeneralAndAdministrativeExpenses": 0,
    "otherExpenses": 0,
    "operatingExpenses": 0,
    "costAndExpenses": 0,
    "interestIncome": 0,
    "interestExpense": 0,
    "depreciationAndAmortization": 0,
    "ebitda": 21032273,
    "ebitdaratio": 1,
    "operatingIncome": 21032273,
    "operatingIncomeRatio": 1,
    "totalOtherIncomeExpensesNet": -21032273,
    "incomeBeforeTax": 0,
    "incomeBeforeTaxRatio": 0,
    "incomeTaxExpense": 0,
    "netIncome": 348526,
    "netIncomeRatio": 0.0165710097,
    "eps": 0.005,
    "epsdiluted": 0.005,
    "weightedAverageShsOut": 89549332,
    "weightedAverageShsOutDil": 89549332,
    "link": null,
    "finalLink": null
  }
]