[
  {
    "date": "2025-06-30",
    "symbol": "LUV",
    "reportedCurrency": "USD",
    "cik": "0000092380",
    "fillingDate": "2025-07-24",
    "acceptedDate": "2025-07-24 16:31:01",
    "calendarYear": "2025",
    "period": "Q2",
    "revenue": 7244000000,
    "costOfRevenue": 5886000000,
    "grossProfit": 1358000000,
    "grossProfitRatio": 0.1874654887,
    "researchAndDevelopmentExpenses": 0,
    "generalAndAdministrativeExpenses": 0,
    "sellingAndMarketingExpenses": 0,
    "sellingGeneralAndAdministrativeExpenses": 0,
    "otherExpenses": 1133000000,
    "operatingExpenses": 1133000000,
    "costAndExpenses": 7019000000,
    "interestIncome": 54000000,
    "interestExpense": 26000000,
    "depreciationAndAmortization": 400000000,
    "ebitda": 706000000,
    "ebitdaratio": 0.0974599669,
    "operatingIncome": 225000000,
    "operatingIncomeRatio": 0.0310601877,
    "totalOtherIncomeExpensesNet": 55000000,
    "incomeBeforeTax": 280000000,
    "incomeBeforeTaxRatio": 0.0386526781,
    "incomeTaxExpense": 67000000,
    "netIncome": 213000000,
    "netIncomeRatio": 0.0294036444,
    "eps": 0.4,
    "epsdiluted": 0.39,
    "weightedAverageShsOut": 538000000,
    "weightedAverageShsOutDil": 541000000,
    "link": "https://www.sec.gov/Archives/edgar/data/92380/000009238025000134/0000092380-25-000134-index.htm",
    "finalLink": "https://www.sec.gov/Archives/edgar/data/92380/000009238025000134/luv-20250630.htm"
  },
  {
    "date": "2025-03-31",
    "symbol": "LUV",
    "reportedCurrency": "USD",
    "cik": "0000092380",
    "fillingDate": "2025-04-25",
    "acceptedDate": "2025-04-24 18:02:51",
    "calendarYear": "2025",
    "period": "Q1",
    "revenue": 6428000000,
    "costOfRevenue": 5561000000,
    "grossProfit": 867000000,
    "grossProfitRatio": 0.1348786559,
    "researchAndDevelopmentExpenses": 0,
    "generalAndAdministrativeExpenses": 0,
    "sellingAndMarketingExpenses": 0,
    "sellingGeneralAndAdministrativeExpenses": 0,
    "otherExpenses": 1090000000,
    "operatingExpenses": 1090000000,
    "costAndExpenses": 6651000000,
    "interestIncome": 84000000,
    "interestExpense": 35000000,
    "depreciationAndAmortization": 396000000,
    "ebitda": 239000000,
    "ebitdaratio": 0.0371810828,
    "operatingIncome": -223000000,
    "operatingIncomeRatio": -0.0346919726,
    "totalOtherIncomeExpensesNet": 31000000,
    "incomeBeforeTax": -192000000,
    "incomeBeforeTaxRatio": -0.0298693217,
    "incomeTaxExpense": -43000000,
    "netIncome": -149000000,
    "netIncomeRatio": -0.0231798382,
    "eps": -0.26,
    "epsdiluted": -0.26,
    "weightedAverageShsOut": 584000000,
    "weightedAverageShsOutDil": 584000000,
    "link": "https://www.sec.gov/Archives/edgar/data/92380/000009238025000083/0000092380-25-000083-index.htm",
    "finalLink": "https://www.sec.gov/Archives/edgar/data/92380/000009238025000083/luv-20250331.htm"
  },
  {
    "date": "2024-12-31",
    "symbol": "LUV",
    "reportedCurrency": "USD",
    "cik": "0000092380",
    "fillingDate": "2025-02-07",
    "acceptedDate": "2025-02-07 16:00:58",
    "calendarYear": "2024",
    "period": "Q4",
    "revenue": 6930000000,
    "costOfRevenue": 5702000000,
    "grossProfit": 1228000000,
    "grossProfitRatio": 0.1772005772,
    "researchAndDevelopmentExpenses": 0,
    "generalAndAdministrativeExpenses": 0,
    "sellingAndMarketingExpenses": 0,
    "sellingGeneralAndAdministrativeExpenses": 0,
    "otherExpenses": 950000000,
    "operatingExpenses": 950000000,
    "costAndExpenses": 6652000000,
    "interestIncome": 105000000,
    "interestExpense": 47000000,
    "depreciationAndAmortization": 407000000,
    "ebitda": 783000000,
    "ebitdaratio": 0.112987013,
    "operatingIncome": 278000000,
    "operatingIncomeRatio": 0.0401154401,
    "totalOtherIncomeExpensesNet": 51000000,
    "incomeBeforeTax": 329000000,
    "incomeBeforeTaxRatio": 0.0474747475,
    "incomeTaxExpense": 68000000,
    "netIncome": 261000000,
    "netIncomeRatio": 0.0376623377,
    "eps": 0.45,
    "epsdiluted": 0.42,
    "weightedAverageShsOut": 595000000,
    "weightedAverageShsOutDil": 641000000,
    "link": "https://www.sec.gov/Archives/edgar/data/92380/000009238025000024/0000092380-25-000024-index.htm",
    "finalLink": "https://www.sec.gov/Archives/edgar/data/92380/000009238025000024/luv-20241231.htm"
  },
  {
    "date": "2024-09-30",
    "symbol": "LUV",
    "reportedCurrency": "USD",
    "cik": "0000092380",
    "fillingDate": "2024-10-28",
    "acceptedDate": "2024-10-25 19:59:52",
    "calendarYear": "2024",
    "period": "Q3",
    "revenue": 6870000000,
    "costOfRevenue": 5753000000,
    "grossProfit": 1117000000,
    "grossProfitRatio": 0.1625909753,
    "researchAndDevelopmentExpenses": 0,
    "generalAndAdministrativeExpenses": 0,
    "sellingAndMarketingExpenses": 0,
    "sellingGeneralAndAdministrativeExpenses": 0,
    "otherExpenses": 1079000000,
    "operatingExpenses": 1079000000,
    "costAndExpenses": 6832000000,
    "interestIncome": 121000000,
    "interestExpense": 54000000,
    "depreciationAndAmortization": 438000000,
    "ebitda": 581000000,
    "ebitdaratio": 0.0845705968,
    "operatingIncome": 38000000,
    "operatingIncomeRatio": 0.0055312955,
    "totalOtherIncomeExpensesNet": 51000000,
    "incomeBeforeTax": 89000000,
    "incomeBeforeTaxRatio": 0.0129548763,
    "incomeTaxExpense": 22000000,
    "netIncome": 67000000,
    "netIncomeRatio": 0.0097525473,
    "eps": 0.11,
    "epsdiluted": 0.11,
    "weightedAverageShsOut": 599000000,
    "weightedAverageShsOutDil": 601000000,
    "link": "https://www.sec.gov/Archives/edgar/data/92380/000009238024000147/0000092380-24-000147-index.htm",
    "finalLink": "https://www.sec.gov/Archives/edgar/data/92380/000009238024000147/luv-20240930.htm"
  },
  {
    "date": "2024-06-30",
    "symbol": "LUV",
    "reportedCurrency": "USD",
    "cik": "0000092380",
    "fillingDate": "2024-07-29",
    "acceptedDate": "2024-07-26 18:19:57",
    "calendarYear": "2024",
    "period": "Q2",
    "revenue": 7354000000,
    "costOfRevenue": 5863000000,
    "grossProfit": 1491000000,
    "grossProfitRatio": 0.2027468045,
    "researchAndDevelopmentExpenses": 0,
    "generalAndAdministrativeExpenses": 0,
    "sellingAndMarketingExpenses": 0,
    "sellingGeneralAndAdministrativeExpenses": 0,
    "otherExpenses": 1093000000,
    "operatingExpenses": 1093000000,
    "costAndExpenses": 6956000000,
    "interestIncome": 130000000,
    "interestExpense": 55000000,
    "depreciationAndAmortization": 404000000,
    "ebitda": 937000000,
    "ebitdaratio": 0.1274136524,
    "operatingIncome": 398000000,
    "operatingIncomeRatio": 0.0541202067,
    "totalOtherIncomeExpensesNet": 80000000,
    "incomeBeforeTax": 478000000,
    "incomeBeforeTaxRatio": 0.0649986402,
    "incomeTaxExpense": 111000000,
    "netIncome": 367000000,
    "netIncomeRatio": 0.0499048137,
    "eps": 0.62,
    "epsdiluted": 0.58,
    "weightedAverageShsOut": 599000000,
    "weightedAverageShsOutDil": 643000000,
    "link": "https://www.sec.gov/Archives/edgar/data/92380/000009238024000111/0000092380-24-000111-index.htm",
    "finalLink": "https://www.sec.gov/Archives/edgar/data/92380/000009238024000111/luv-20240630.htm"
  },
  {
    "date": "2024-03-31",
    "symbol": "LUV",
    "reportedCurrency": "USD",
    "cik": "0000092380",
    "fillingDate": "2024-04-26",
    "acceptedDate": "2024-04-26 16:36:48",
    "calendarYear": "2024",
    "period": "Q1",
    "revenue": 6329000000,
    "costOfRevenue": 5704000000,
    "grossProfit": 625000000,
    "grossProfitRatio": 0.0987517775,
    "researchAndDevelopmentExpenses": 0,
    "generalAndAdministrativeExpenses": 0,
    "sellingAndMarketingExpenses": 0,
    "sellingGeneralAndAdministrativeExpenses": 0,
    "otherExpenses": 1018000000,
    "operatingExpenses": 1018000000,
    "costAndExpenses": 6722000000,
    "interestIncome": 141000000,
    "interestExpense": 58000000,
    "depreciationAndAmortization": 408000000,
    "ebitda": 168000000,
    "ebitdaratio": 0.0265444778,
    "operatingIncome": -393000000,
    "operatingIncomeRatio": -0.0620951177,
    "totalOtherIncomeExpensesNet": 95000000,
    "incomeBeforeTax": -298000000,
    "incomeBeforeTaxRatio": -0.0470848475,
    "incomeTaxExpense": -67000000,
    "netIncome": -231000000,
    "netIncomeRatio": -0.036498657,
    "eps": -0.39,
    "epsdiluted": -0.39,
    "weightedAverageShsOut": 597000000,
    "weightedAverageShsOutDil": 597000000,
    "link": "https://www.sec.gov/Archives/edgar/data/92380/000009238024000055/0000092380-24-000055-index.htm",
    "finalLink": "https://www.sec.gov/Archives/edgar/data/92380/000009238024000055/luv-20240331.htm"
  },
  {
    "date": "2023-12-31",
    "symbol": "LUV",
    "reportedCurrency": "USD",
    "cik": "0000092380",
    "fillingDate": "2024-02-06",
    "acceptedDate": "2024-02-06 17:09:57",
    "calendarYear": "2023",
    "period": "Q4",
    "revenue": 6823000000,
    "costOfRevenue": 6096000000,
    "grossProfit": 727000000,
    "grossProfitRatio": 0.1065513704,
    "researchAndDevelopmentExpenses": 0,
    "generalAndAdministrativeExpenses": 0,
    "sellingAndMarketingExpenses": 0,
    "sellingGeneralAndAdministrativeExpenses": 0,
    "otherExpenses": 1131000000,
    "operatingExpenses": 1131000000,
    "costAndExpenses": 7227000000,
    "interestIncome": 158000000,
    "interestExpense": 58000000,
    "depreciationAndAmortization": 415000000,
    "ebitda": 187000000,
    "ebitdaratio": 0.0274072988,
    "operatingIncome": -404000000,
    "operatingIncomeRatio": -0.0592114905,
    "totalOtherIncomeExpensesNet": 118000000,
    "incomeBeforeTax": -286000000,
    "incomeBeforeTaxRatio": -0.0419170453,
    "incomeTaxExpense": -34000000,
    "netIncome": -252000000,
    "netIncomeRatio": -0.0369339,
    "eps": -0.37,
    "epsdiluted": -0.37,
    "weightedAverageShsOut": 596000000,
    "weightedAverageShsOutDil": 596000000,
    "link": "https://www.sec.gov/Archives/edgar/data/92380/000009238024000027/0000092380-24-000027-index.htm",
    "finalLink": "https://www.sec.gov/Archives/edgar/data/92380/000009238024000027/luv-20231231.htm"
  },
  {
    "date": "2023-09-30",
    "symbol": "LUV",
    "reportedCurrency": "USD",
    "cik": "0000092380",
    "fillingDate": "2023-10-30",
    "acceptedDate": "2023-10-27 18:21:05",
    "calendarYear": "2023",
    "period": "Q3",
    "revenue": 6525000000,
    "costOfRevenue": 5450000000,
    "grossProfit": 1075000000,
    "grossProfitRatio": 0.1647509579,
    "researchAndDevelopmentExpenses": 0,
    "generalAndAdministrativeExpenses": 0,
    "sellingAndMarketingExpenses": 0,
    "sellingGeneralAndAdministrativeExpenses": 0,
    "otherExpenses": 958000000,
    "operatingExpenses": 958000000,
    "costAndExpenses": 6408000000,
    "interestIncome": 156000000,
    "interestExpense": 59000000,
    "depreciationAndAmortization": 375000000,
    "ebitda": 671000000,
    "ebitdaratio": 0.102835249,
    "operatingIncome": 117000000,
    "operatingIncomeRatio": 0.0179310345,
    "totalOtherIncomeExpensesNet": 120000000,
    "incomeBeforeTax": 237000000,
    "incomeBeforeTaxRatio": 0.0363218391,
    "incomeTaxExpense": 44000000,
    "netIncome": 193000000,
    "netIncomeRatio": 0.0295785441,
    "eps": 0.32,
    "epsdiluted": 0.3,
    "weightedAverageShsOut": 596000000,
    "weightedAverageShsOutDil": 640000000,
    "link": "https://www.sec.gov/Archives/edgar/data/92380/000009238023000049/0000092380-23-000049-index.htm",
    "finalLink": "https://www.sec.gov/Archives/edgar/data/92380/000009238023000049/luv-20230930.htm"
  },
  {
    "date": "2023-06-30",
    "symbol": "LUV",
    "reportedCurrency": "USD",
    "cik": "0000092380",
    "fillingDate": "2023-07-28",
    "acceptedDate": "2023-07-28 16:49:23",
    "calendarYear": "2023",
    "period": "Q2",
    "revenue": 7037000000,
    "costOfRevenue": 5286000000,
    "grossProfit": 1751000000,
    "grossProfitRatio": 0.2488276254,
    "researchAndDevelopmentExpenses": 0,
    "generalAndAdministrativeExpenses": 0,
    "sellingAndMarketingExpenses": 0,
    "sellingGeneralAndAdministrativeExpenses": 0,
    "otherExpenses": 956000000,
    "operatingExpenses": 956000000,
    "costAndExpenses": 6242000000,
    "interestIncome": 144000000,
    "interestExpense": 60000000,
    "depreciationAndAmortization": 367000000,
    "ebitda": 1313000000,
    "ebitdaratio": 0.1865851926,
    "operatingIncome": 795000000,
    "operatingIncomeRatio": 0.1129742788,
    "totalOtherIncomeExpensesNet": 91000000,
    "incomeBeforeTax": 886000000,
    "incomeBeforeTaxRatio": 0.1259059258,
    "incomeTaxExpense": 203000000,
    "netIncome": 683000000,
    "netIncomeRatio": 0.0970584056,
    "eps": 1.15,
    "epsdiluted": 1.07,
    "weightedAverageShsOut": 595000000,
    "weightedAverageShsOutDil": 639000000,
    "link": "https://www.sec.gov/Archives/edgar/data/92380/000009238023000038/0000092380-23-000038-index.htm",
    "finalLink": "https://www.sec.gov/Archives/edgar/data/92380/000009238023000038/luv-20230630.htm"
  },
  {
    "date": "2023-03-31",
    "symbol": "LUV",
    "reportedCurrency": "USD",
    "cik": "0000092380",
    "fillingDate": "2023-04-28",
    "acceptedDate": "2023-04-28 15:58:50",
    "calendarYear": "2023",
    "period": "Q1",
    "revenue": 5706000000,
    "costOfRevenue": 5038000000,
    "grossProfit": 668000000,
    "grossProfitRatio": 0.1170697511,
    "researchAndDevelopmentExpenses": 0,
    "generalAndAdministrativeExpenses": 0,
    "sellingAndMarketingExpenses": 0,
    "sellingGeneralAndAdministrativeExpenses": 0,
    "otherExpenses": 952000000,
    "operatingExpenses": 952000000,
    "costAndExpenses": 5990000000,
    "interestIncome": 125000000,
    "interestExpense": 60000000,
    "depreciationAndAmortization": 365000000,
    "ebitda": 220000000,
    "ebitdaratio": 0.0385559061,
    "operatingIncome": -284000000,
    "operatingIncomeRatio": -0.0497721696,
    "totalOtherIncomeExpensesNet": 79000000,
    "incomeBeforeTax": -205000000,
    "incomeBeforeTaxRatio": -0.0359270943,
    "incomeTaxExpense": -46000000,
    "netIncome": -159000000,
    "netIncomeRatio": -0.0278654048,
    "eps": -0.27,
    "epsdiluted": -0.27,
    "weightedAverageShsOut": 594000000,
    "weightedAverageShsOutDil": 594000000,
    "link": "https://www.sec.gov/Archives/edgar/data/92380/000009238023000024/0000092380-23-000024-index.htm",
    "finalLink": "https://www.sec.gov/Archives/edgar/data/92380/000009238023000024/luv-20230331.htm"
  },
  {
    "date": "2022-12-31",
    "symbol": "LUV",
    "reportedCurrency": "USD",
    "cik": "0000092380",
    "fillingDate": "2023-02-07",
    "acceptedDate": "2023-02-06 17:38:32",
    "calendarYear": "2022",
    "period": "Q4",
    "revenue": 6172000000,
    "costOfRevenue": 5165000000,
    "grossProfit": 1007000000,
    "grossProfitRatio": 0.1631561892,
    "researchAndDevelopmentExpenses": 0,
    "generalAndAdministrativeExpenses": 0,
    "sellingAndMarketingExpenses": 0,
    "sellingGeneralAndAdministrativeExpenses": 0,
    "otherExpenses": 1392000000,
    "operatingExpenses": 1392000000,
    "costAndExpenses": 6557000000,
    "interestIncome": 116000000,
    "interestExpense": 60000000,
    "depreciationAndAmortization": 367000000,
    "ebitda": 142000000,
    "ebitdaratio": 0.023007129,
    "operatingIncome": -385000000,
    "operatingIncomeRatio": -0.0623784835,
    "totalOtherIncomeExpensesNet": 100000000,
    "incomeBeforeTax": -285000000,
    "incomeBeforeTaxRatio": -0.04617628,
    "incomeTaxExpense": -65000000,
    "netIncome": -220000000,
    "netIncomeRatio": -0.0356448477,
    "eps": -0.37,
    "epsdiluted": -0.37,
    "weightedAverageShsOut": 594000000,
    "weightedAverageShsOutDil": 594000000,
    "link": "https://www.sec.gov/Archives/edgar/data/92380/000009238023000010/0000092380-23-000010-index.htm",
    "finalLink": "https://www.sec.gov/Archives/edgar/data/92380/000009238023000010/luv-20221231.htm"
  },
  {
    "date": "2022-09-30",
    "symbol": "LUV",
    "reportedCurrency": "USD",
    "cik": "0000092380",
    "fillingDate": "2022-10-31",
    "acceptedDate": "2022-10-28 18:13:31",
    "calendarYear": "2022",
    "period": "Q3",
    "revenue": 6220000000,
    "costOfRevenue": 5006000000,
    "grossProfit": 1214000000,
    "grossProfitRatio": 0.1951768489,
    "researchAndDevelopmentExpenses": 0,
    "generalAndAdministrativeExpenses": 0,
    "sellingAndMarketingExpenses": 0,
    "sellingGeneralAndAdministrativeExpenses": 0,
    "otherExpenses": 819000000,
    "operatingExpenses": 819000000,
    "costAndExpenses": 5825000000,
    "interestIncome": 70000000,
    "interestExpense": 75000000,
    "depreciationAndAmortization": 335000000,
    "ebitda": 763000000,
    "ebitdaratio": 0.1226688103,
    "operatingIncome": 395000000,
    "operatingIncomeRatio": 0.0635048232,
    "totalOtherIncomeExpensesNet": -42000000,
    "incomeBeforeTax": 353000000,
    "incomeBeforeTaxRatio": 0.0567524116,
    "incomeTaxExpense": 76000000,
    "netIncome": 277000000,
    "netIncomeRatio": 0.0445337621,
    "eps": 0.44,
    "epsdiluted": 0.43,
    "weightedAverageShsOut": 627671000,
    "weightedAverageShsOutDil": 639000000,
    "link": "https://www.sec.gov/Archives/edgar/data/92380/000009238022000060/0000092380-22-000060-index.htm",
    "finalLink": "https://www.sec.gov/Archives/edgar/data/92380/000009238022000060/luv-20220930.htm"
  },
  {
    "date": "2022-06-30",
    "symbol": "LUV",
    "reportedCurrency": "USD",
    "cik": "0000092380",
    "fillingDate": "2022-08-02",
    "acceptedDate": "2022-08-01 21:44:35",
    "calendarYear": "2022",
    "period": "Q2",
    "revenue": 6728000000,
    "costOfRevenue": 4779000000,
    "grossProfit": 1949000000,
    "grossProfitRatio": 0.2896848989,
    "researchAndDevelopmentExpenses": 0,
    "generalAndAdministrativeExpenses": 0,
    "sellingAndMarketingExpenses": 0,
    "sellingGeneralAndAdministrativeExpenses": 0,
    "otherExpenses": 791000000,
    "operatingExpenses": 791000000,
    "costAndExpenses": 5570000000,
    "interestIncome": 28000000,
    "interestExpense": 82000000,
    "depreciationAndAmortization": 325000000,
    "ebitda": 1443000000,
    "ebitdaratio": 0.2144768133,
    "operatingIncome": 1158000000,
    "operatingIncomeRatio": 0.1721165279,
    "totalOtherIncomeExpensesNet": -122000000,
    "incomeBeforeTax": 1036000000,
    "incomeBeforeTaxRatio": 0.1539833532,
    "incomeTaxExpense": 276000000,
    "netIncome": 760000000,
    "netIncomeRatio": 0.112960761,
    "eps": 1.2,
    "epsdiluted": 1.2,
    "weightedAverageShsOut": 631675710,
    "weightedAverageShsOutDil": 635000000,
    "link": "https://www.sec.gov/Archives/edgar/data/92380/000009238022000048/0000092380-22-000048-index.htm",
    "finalLink": "https://www.sec.gov/Archives/edgar/data/92380/000009238022000048/luv-20220630.htm"
  },
  {
    "date": "2022-03-31",
    "symbol": "LUV",
    "reportedCurrency": "USD",
    "cik": "0000092380",
    "fillingDate": "2022-05-02",
    "acceptedDate": "2022-05-02 15:21:26",
    "calendarYear": "2022",
    "period": "Q1",
    "revenue": 4694000000,
    "costOfRevenue": 4114000000,
    "grossProfit": 580000000,
    "grossProfitRatio": 0.123561994,
    "researchAndDevelopmentExpenses": 0,
    "generalAndAdministrativeExpenses": 0,
    "sellingAndMarketingExpenses": 0,
    "sellingGeneralAndAdministrativeExpenses": 0,
    "otherExpenses": 731000000,
    "operatingExpenses": 731000000,
    "costAndExpenses": 4845000000,
    "interestIncome": 3000000,
    "interestExpense": 84000000,
    "depreciationAndAmortization": 324000000,
    "ebitda": 32000000,
    "ebitdaratio": 0.0068172135,
    "operatingIncome": -151000000,
    "operatingIncomeRatio": -0.032168726,
    "totalOtherIncomeExpensesNet": -225000000,
    "incomeBeforeTax": -376000000,
    "incomeBeforeTaxRatio": -0.0801022582,
    "incomeTaxExpense": -98000000,
    "netIncome": -278000000,
    "netIncomeRatio": -0.059224542,
    "eps": -0.47,
    "epsdiluted": -0.47,
    "weightedAverageShsOut": 591489361,
    "weightedAverageShsOutDil": 592000000,
    "link": "https://www.sec.gov/Archives/edgar/data/92380/000009238022000020/0000092380-22-000020-index.htm",
    "finalLink": "https://www.sec.gov/Archives/edgar/data/92380/000009238022000020/luv-20220331.htm"
  },
  {
    "date": "2021-12-31",
    "symbol": "LUV",
    "reportedCurrency": "USD",
    "cik": "0000092380",
    "fillingDate": "2022-02-07",
    "acceptedDate": "2022-02-04 17:59:21",
    "calendarYear": "2021",
    "period": "Q4",
    "revenue": 5051000000,
    "costOfRevenue": 4172000000,
    "grossProfit": 879000000,
    "grossProfitRatio": 0.1740249456,
    "researchAndDevelopmentExpenses": 0,
    "generalAndAdministrativeExpenses": 0,
    "sellingAndMarketingExpenses": 0,
    "sellingGeneralAndAdministrativeExpenses": 0,
    "otherExpenses": 684000000,
    "operatingExpenses": 684000000,
    "costAndExpenses": 4856000000,
    "interestIncome": 7000000,
    "interestExpense": 115000000,
    "depreciationAndAmortization": 323000000,
    "ebitda": 515000000,
    "ebitdaratio": 0.1019600079,
    "operatingIncome": 195000000,
    "operatingIncomeRatio": 0.0386062166,
    "totalOtherIncomeExpensesNet": -118000000,
    "incomeBeforeTax": 77000000,
    "incomeBeforeTaxRatio": 0.015244506,
    "incomeTaxExpense": 9000000,
    "netIncome": 68000000,
    "netIncomeRatio": 0.0134626807,
    "eps": 0.11,
    "epsdiluted": 0.11,
    "weightedAverageShsOut": 592000000,
    "weightedAverageShsOutDil": 603000000,
    "link": "https://www.sec.gov/Archives/edgar/data/92380/000009238022000007/0000092380-22-000007-index.htm",
    "finalLink": "https://www.sec.gov/Archives/edgar/data/92380/000009238022000007/luv-20211231.htm"
  },
  {
    "date": "2021-09-30",
    "symbol": "LUV",
    "reportedCurrency": "USD",
    "cik": "0000092380",
    "fillingDate": "2021-10-26",
    "acceptedDate": "2021-10-26 15:01:26",
    "calendarYear": "2021",
    "period": "Q3",
    "revenue": 4679000000,
    "costOfRevenue": 3284000000,
    "grossProfit": 1395000000,
    "grossProfitRatio": 0.2981406283,
    "researchAndDevelopmentExpenses": 0,
    "generalAndAdministrativeExpenses": 0,
    "sellingAndMarketingExpenses": 0,
    "sellingGeneralAndAdministrativeExpenses": 0,
    "otherExpenses": 662000000,
    "operatingExpenses": 662000000,
    "costAndExpenses": 3946000000,
    "interestIncome": 2000000,
    "interestExpense": 106000000,
    "depreciationAndAmortization": 322000000,
    "ebitda": 1028000000,
    "ebitdaratio": 0.2197050652,
    "operatingIncome": 733000000,
    "operatingIncomeRatio": 0.1566574054,
    "totalOtherIncomeExpensesNet": -133000000,
    "incomeBeforeTax": 600000000,
    "incomeBeforeTaxRatio": 0.1282325283,
    "incomeTaxExpense": 154000000,
    "netIncome": 446000000,
    "netIncomeRatio": 0.0953195127,
    "eps": 0.75,
    "epsdiluted": 0.73,
    "weightedAverageShsOut": 592000000,
    "weightedAverageShsOutDil": 607000000,
    "link": "https://www.sec.gov/Archives/edgar/data/92380/000009238021000160/0000092380-21-000160-index.htm",
    "finalLink": "https://www.sec.gov/Archives/edgar/data/92380/000009238021000160/luv-20210930.htm"
  },
  {
    "date": "2021-06-30",
    "symbol": "LUV",
    "reportedCurrency": "USD",
    "cik": "0000092380",
    "fillingDate": "2021-07-27",
    "acceptedDate": "2021-07-27 14:34:25",
    "calendarYear": "2021",
    "period": "Q2",
    "revenue": 4008000000,
    "costOfRevenue": 2828000000,
    "grossProfit": 1180000000,
    "grossProfitRatio": 0.2944111776,
    "researchAndDevelopmentExpenses": 0,
    "generalAndAdministrativeExpenses": 0,
    "sellingAndMarketingExpenses": 0,
    "sellingGeneralAndAdministrativeExpenses": 0,
    "otherExpenses": 586000000,
    "operatingExpenses": 586000000,
    "costAndExpenses": 3414000000,
    "interestIncome": 2000000,
    "interestExpense": 108000000,
    "depreciationAndAmortization": 315000000,
    "ebitda": 925000000,
    "ebitdaratio": 0.2307884232,
    "operatingIncome": 594000000,
    "operatingIncomeRatio": 0.1482035928,
    "totalOtherIncomeExpensesNet": -92000000,
    "incomeBeforeTax": 502000000,
    "incomeBeforeTaxRatio": 0.125249501,
    "incomeTaxExpense": 154000000,
    "netIncome": 348000000,
    "netIncomeRatio": 0.0868263473,
    "eps": 0.59,
    "epsdiluted": 0.57,
    "weightedAverageShsOut": 591000000,
    "weightedAverageShsOutDil": 615000000,
    "link": "https://www.sec.gov/Archives/edgar/data/92380/000009238021000143/0000092380-21-000143-index.htm",
    "finalLink": "https://www.sec.gov/Archives/edgar/data/92380/000009238021000143/luv-20210630.htm"
  },
  {
    "date": "2021-03-31",
    "symbol": "LUV",
    "reportedCurrency": "USD",
    "cik": "0000092380",
    "fillingDate": "2021-04-27",
    "acceptedDate": "2021-04-27 16:04:32",
    "calendarYear": "2021",
    "period": "Q1",
    "revenue": 2052000000,
    "costOfRevenue": 1390000000,
    "grossProfit": 662000000,
    "grossProfitRatio": 0.3226120858,
    "researchAndDevelopmentExpenses": 0,
    "generalAndAdministrativeExpenses": 0,
    "sellingAndMarketingExpenses": 0,
    "sellingGeneralAndAdministrativeExpenses": 0,
    "otherExpenses": 463000000,
    "operatingExpenses": 463000000,
    "costAndExpenses": 1853000000,
    "interestIncome": 2000000,
    "interestExpense": 103000000,
    "depreciationAndAmortization": 312000000,
    "ebitda": 561000000,
    "ebitdaratio": 0.2733918129,
    "operatingIncome": 199000000,
    "operatingIncomeRatio": 0.0969785575,
    "totalOtherIncomeExpensesNet": -53000000,
    "incomeBeforeTax": 146000000,
    "incomeBeforeTaxRatio": 0.0711500975,
    "incomeTaxExpense": 30000000,
    "netIncome": 116000000,
    "netIncomeRatio": 0.0565302144,
    "eps": 0.2,
    "epsdiluted": 0.19,
    "weightedAverageShsOut": 591000000,
    "weightedAverageShsOutDil": 609000000,
    "link": "https://www.sec.gov/Archives/edgar/data/92380/000009238021000101/0000092380-21-000101-index.htm",
    "finalLink": "https://www.sec.gov/Archives/edgar/data/92380/000009238021000101/luv-20210331.htm"
  },
  {
    "date": "2020-12-31",
    "symbol": "LUV",
    "reportedCurrency": "USD",
    "cik": "0000092380",
    "fillingDate": "2021-02-08",
    "acceptedDate": "2021-02-08 13:37:31",
    "calendarYear": "2020",
    "period": "Q4",
    "revenue": 2013000000,
    "costOfRevenue": 2660000000,
    "grossProfit": -647000000,
    "grossProfitRatio": -0.3214108296,
    "researchAndDevelopmentExpenses": 0,
    "generalAndAdministrativeExpenses": 0,
    "sellingAndMarketingExpenses": 0,
    "sellingGeneralAndAdministrativeExpenses": 0,
    "otherExpenses": 521000000,
    "operatingExpenses": 521000000,
    "costAndExpenses": 3181000000,
    "interestIncome": 2000000,
    "interestExpense": 102000000,
    "depreciationAndAmortization": 315000000,
    "ebitda": -914000000,
    "ebitdaratio": -0.4540486836,
    "operatingIncome": -1168000000,
    "operatingIncomeRatio": -0.5802285147,
    "totalOtherIncomeExpensesNet": -163000000,
    "incomeBeforeTax": -1331000000,
    "incomeBeforeTaxRatio": -0.6612021858,
    "incomeTaxExpense": -423000000,
    "netIncome": -908000000,
    "netIncomeRatio": -0.4510680576,
    "eps": -1.54,
    "epsdiluted": -1.54,
    "weightedAverageShsOut": 588212049,
    "weightedAverageShsOutDil": 590000000,
    "link": "https://www.sec.gov/Archives/edgar/data/92380/000009238021000033/0000092380-21-000033-index.htm",
    "finalLink": "https://www.sec.gov/Archives/edgar/data/92380/000009238021000033/luv-20201231.htm"
  },
  {
    "date": "2020-09-30",
    "symbol": "LUV",
    "reportedCurrency": "USD",
    "cik": "0000092380",
    "fillingDate": "2020-10-27",
    "acceptedDate": "2020-10-27 09:49:56",
    "calendarYear": "2020",
    "period": "Q3",
    "revenue": 1793000000,
    "costOfRevenue": 2716000000,
    "grossProfit": -923000000,
    "grossProfitRatio": -0.5147796988,
    "researchAndDevelopmentExpenses": 0,
    "generalAndAdministrativeExpenses": 0,
    "sellingAndMarketingExpenses": 0,
    "sellingGeneralAndAdministrativeExpenses": 0,
    "otherExpenses": 488000000,
    "operatingExpenses": 488000000,
    "costAndExpenses": 3204000000,
    "interestIncome": 4000000,
    "interestExpense": 100000000,
    "depreciationAndAmortization": 315000000,
    "ebitda": -1127000000,
    "ebitdaratio": -0.6285554936,
    "operatingIncome": -1411000000,
    "operatingIncomeRatio": -0.7869492471,
    "totalOtherIncomeExpensesNet": -131000000,
    "incomeBeforeTax": -1542000000,
    "incomeBeforeTaxRatio": -0.8600111545,
    "incomeTaxExpense": -385000000,
    "netIncome": -1157000000,
    "netIncomeRatio": -0.6452872281,
    "eps": -1.96,
    "epsdiluted": -1.96,
    "weightedAverageShsOut": 590000000,
    "weightedAverageShsOutDil": 590000000,
    "link": "https://www.sec.gov/Archives/edgar/data/92380/000009238020000145/0000092380-20-000145-index.htm",
    "finalLink": "https://www.sec.gov/Archives/edgar/data/92380/000009238020000145/luv-20200930.htm"
  },
  {
    "date": "2020-06-30",
    "symbol": "LUV",
    "reportedCurrency": "USD",
    "cik": "0000092380",
    "fillingDate": "2020-07-27",
    "acceptedDate": "2020-07-27 14:31:01",
    "calendarYear": "2020",
    "period": "Q2",
    "revenue": 1008000000,
    "costOfRevenue": 1915000000,
    "grossProfit": -907000000,
    "grossProfitRatio": -0.8998015873,
    "researchAndDevelopmentExpenses": 0,
    "generalAndAdministrativeExpenses": 0,
    "sellingAndMarketingExpenses": 0,
    "sellingGeneralAndAdministrativeExpenses": 0,
    "otherExpenses": 220000000,
    "operatingExpenses": 220000000,
    "costAndExpenses": 2135000000,
    "interestIncome": 9000000,
    "interestExpense": 89000000,
    "depreciationAndAmortization": 313000000,
    "ebitda": -837000000,
    "ebitdaratio": -0.8303571429,
    "operatingIncome": -1127000000,
    "operatingIncomeRatio": -1.1180555556,
    "totalOtherIncomeExpensesNet": -112000000,
    "incomeBeforeTax": -1239000000,
    "incomeBeforeTaxRatio": -1.2291666667,
    "incomeTaxExpense": -324000000,
    "netIncome": -915000000,
    "netIncomeRatio": -0.9077380952,
    "eps": -1.63,
    "epsdiluted": -1.63,
    "weightedAverageShsOut": 561349693,
    "weightedAverageShsOutDil": 563000000,
    "link": "https://www.sec.gov/Archives/edgar/data/92380/000009238020000122/0000092380-20-000122-index.htm",
    "finalLink": "https://www.sec.gov/Archives/edgar/data/92380/000009238020000122/luv-20200630.htm"
  },
  {
    "date": "2020-03-31",
    "symbol": "LUV",
    "reportedCurrency": "USD",
    "cik": "0000092380",
    "fillingDate": "2020-04-28",
    "acceptedDate": "2020-04-28 06:18:59",
    "calendarYear": "2020",
    "period": "Q1",
    "revenue": 4234000000,
    "costOfRevenue": 3646000000,
    "grossProfit": 588000000,
    "grossProfitRatio": 0.1388757676,
    "researchAndDevelopmentExpenses": 0,
    "generalAndAdministrativeExpenses": 0,
    "sellingAndMarketingExpenses": 0,
    "sellingGeneralAndAdministrativeExpenses": 0,
    "otherExpenses": 698000000,
    "operatingExpenses": 698000000,
    "costAndExpenses": 4344000000,
    "interestIncome": 17000000,
    "interestExpense": 23000000,
    "depreciationAndAmortization": 311000000,
    "ebitda": 190000000,
    "ebitdaratio": 0.0448748229,
    "operatingIncome": -110000000,
    "operatingIncomeRatio": -0.0259801606,
    "totalOtherIncomeExpensesNet": -34000000,
    "incomeBeforeTax": -144000000,
    "incomeBeforeTaxRatio": -0.0340103921,
    "incomeTaxExpense": -50000000,
    "netIncome": -94000000,
    "netIncomeRatio": -0.0222012282,
    "eps": -0.18,
    "epsdiluted": -0.18,
    "weightedAverageShsOut": 515000000,
    "weightedAverageShsOutDil": 515000000,
    "link": "https://www.sec.gov/Archives/edgar/data/92380/000009238020000060/0000092380-20-000060-index.htm",
    "finalLink": "https://www.sec.gov/Archives/edgar/data/92380/000009238020000060/luv-3312020x10q.htm"
  },
  {
    "date": "2019-12-31",
    "symbol": "LUV",
    "reportedCurrency": "USD",
    "cik": "0000092380",
    "fillingDate": "2020-02-04",
    "acceptedDate": "2020-02-03 18:19:28",
    "calendarYear": "2019",
    "period": "Q4",
    "revenue": 5729000000,
    "costOfRevenue": 4299000000,
    "grossProfit": 1431000000,
    "grossProfitRatio": 0.2497818118,
    "researchAndDevelopmentExpenses": 0,
    "generalAndAdministrativeExpenses": 0,
    "sellingAndMarketingExpenses": 0,
    "sellingGeneralAndAdministrativeExpenses": 0,
    "otherExpenses": 766000000,
    "operatingExpenses": 766000000,
    "costAndExpenses": 5065000000,
    "interestIncome": 20000000,
    "interestExpense": 19000000,
    "depreciationAndAmortization": 313000000,
    "ebitda": 998000000,
    "ebitdaratio": 0.1742014313,
    "operatingIncome": 665000000,
    "operatingIncomeRatio": 0.116076104,
    "totalOtherIncomeExpensesNet": 1000000,
    "incomeBeforeTax": 666000000,
    "incomeBeforeTaxRatio": 0.1162506546,
    "incomeTaxExpense": 153000000,
    "netIncome": 514000000,
    "netIncomeRatio": 0.0897189736,
    "eps": 0.98,
    "epsdiluted": 0.98,
    "weightedAverageShsOut": 525000000,
    "weightedAverageShsOutDil": 527000000,
    "link": "https://www.sec.gov/Archives/edgar/data/92380/000009238020000024/0000092380-20-000024-index.htm",
    "finalLink": "https://www.sec.gov/Archives/edgar/data/92380/000009238020000024/luv-12312019x10k.htm"
  },
  {
    "date": "2019-09-30",
    "symbol": "LUV",
    "reportedCurrency": "USD",
    "cik": "0000092380",
    "fillingDate": "2019-11-08",
    "acceptedDate": "2019-11-08 14:10:59",
    "calendarYear": "2019",
    "period": "Q3",
    "revenue": 5639000000,
    "costOfRevenue": 4058000000,
    "grossProfit": 1581000000,
    "grossProfitRatio": 0.2803688597,
    "researchAndDevelopmentExpenses": 0,
    "generalAndAdministrativeExpenses": 0,
    "sellingAndMarketingExpenses": 0,
    "sellingGeneralAndAdministrativeExpenses": 0,
    "otherExpenses": 762000000,
    "operatingExpenses": 762000000,
    "costAndExpenses": 4820000000,
    "interestIncome": 23000000,
    "interestExpense": 20000000,
    "depreciationAndAmortization": 308000000,
    "ebitda": 1147000000,
    "ebitdaratio": 0.203404859,
    "operatingIncome": 819000000,
    "operatingIncomeRatio": 0.1452385175,
    "totalOtherIncomeExpensesNet": 0,
    "incomeBeforeTax": 819000000,
    "incomeBeforeTaxRatio": 0.1452385175,
    "incomeTaxExpense": 160000000,
    "netIncome": 659000000,
    "netIncomeRatio": 0.1168646923,
    "eps": 1.24,
    "epsdiluted": 1.23,
    "weightedAverageShsOut": 533000000,
    "weightedAverageShsOutDil": 534000000,
    "link": "https://www.sec.gov/Archives/edgar/data/92380/000009238019000085/0000092380-19-000085-index.htm",
    "finalLink": "https://www.sec.gov/Archives/edgar/data/92380/000009238019000085/luv-9302019x10q.htm"
  },
  {
    "date": "2019-06-30",
    "symbol": "LUV",
    "reportedCurrency": "USD",
    "cik": "0000092380",
    "fillingDate": "2019-07-30",
    "acceptedDate": "2019-07-30 17:21:44",
    "calendarYear": "2019",
    "period": "Q2",
    "revenue": 5909000000,
    "costOfRevenue": 4173000000,
    "grossProfit": 1736000000,
    "grossProfitRatio": 0.2937891352,
    "researchAndDevelopmentExpenses": 0,
    "generalAndAdministrativeExpenses": 0,
    "sellingAndMarketingExpenses": 0,
    "sellingGeneralAndAdministrativeExpenses": 0,
    "otherExpenses": 768000000,
    "operatingExpenses": 768000000,
    "costAndExpenses": 4941000000,
    "interestIncome": 24000000,
    "interestExpense": 22000000,
    "depreciationAndAmortization": 302000000,
    "ebitda": 1292000000,
    "ebitdaratio": 0.2186495177,
    "operatingIncome": 968000000,
    "operatingIncomeRatio": 0.1638179049,
    "totalOtherIncomeExpensesNet": 0,
    "incomeBeforeTax": 968000000,
    "incomeBeforeTaxRatio": 0.1638179049,
    "incomeTaxExpense": 227000000,
    "netIncome": 741000000,
    "netIncomeRatio": 0.1254019293,
    "eps": 1.37,
    "epsdiluted": 1.37,
    "weightedAverageShsOut": 542000000,
    "weightedAverageShsOutDil": 542000000,
    "link": "https://www.sec.gov/Archives/edgar/data/92380/000009238019000077/0000092380-19-000077-index.htm",
    "finalLink": "https://www.sec.gov/Archives/edgar/data/92380/000009238019000077/luv-6302019x10q.htm"
  },
  {
    "date": "2019-03-31",
    "symbol": "LUV",
    "reportedCurrency": "USD",
    "cik": "0000092380",
    "fillingDate": "2019-04-30",
    "acceptedDate": "2019-04-30 16:04:55",
    "calendarYear": "2019",
    "period": "Q1",
    "revenue": 5149000000,
    "costOfRevenue": 3914000000,
    "grossProfit": 1235000000,
    "grossProfitRatio": 0.2398523985,
    "researchAndDevelopmentExpenses": 0,
    "generalAndAdministrativeExpenses": 0,
    "sellingAndMarketingExpenses": 0,
    "sellingGeneralAndAdministrativeExpenses": 0,
    "otherExpenses": 730000000,
    "operatingExpenses": 730000000,
    "costAndExpenses": 4644000000,
    "interestIncome": 23000000,
    "interestExpense": 22000000,
    "depreciationAndAmortization": 297000000,
    "ebitda": 823000000,
    "ebitdaratio": 0.1598368615,
    "operatingIncome": 505000000,
    "operatingIncomeRatio": 0.0980772966,
    "totalOtherIncomeExpensesNet": -1000000,
    "incomeBeforeTax": 504000000,
    "incomeBeforeTaxRatio": 0.0978830841,
    "incomeTaxExpense": 117000000,
    "netIncome": 387000000,
    "netIncomeRatio": 0.0751602253,
    "eps": 0.7,
    "epsdiluted": 0.7,
    "weightedAverageShsOut": 551000000,
    "weightedAverageShsOutDil": 552000000,
    "link": "https://www.sec.gov/Archives/edgar/data/92380/000009238019000049/0000092380-19-000049-index.htm",
    "finalLink": "https://www.sec.gov/Archives/edgar/data/92380/000009238019000049/luv-3312019x10q.htm"
  },
  {
    "date": "2018-12-31",
    "symbol": "LUV",
    "reportedCurrency": "USD",
    "cik": "0000092380",
    "fillingDate": "2019-02-05",
    "acceptedDate": "2019-02-05 09:00:47",
    "calendarYear": "2018",
    "period": "Q4",
    "revenue": 5704000000,
    "costOfRevenue": 4128000000,
    "grossProfit": 1576000000,
    "grossProfitRatio": 0.2762973352,
    "researchAndDevelopmentExpenses": 0,
    "generalAndAdministrativeExpenses": 0,
    "sellingAndMarketingExpenses": 0,
    "sellingGeneralAndAdministrativeExpenses": 0,
    "otherExpenses": 756000000,
    "operatingExpenses": 756000000,
    "costAndExpenses": 4884000000,
    "interestIncome": 23000000,
    "interestExpense": 23000000,
    "depreciationAndAmortization": 331000000,
    "ebitda": 1171000000,
    "ebitdaratio": 0.2052945302,
    "operatingIncome": 820000000,
    "operatingIncomeRatio": 0.1437587658,
    "totalOtherIncomeExpensesNet": -3000000,
    "incomeBeforeTax": 817000000,
    "incomeBeforeTaxRatio": 0.1432328191,
    "incomeTaxExpense": 163000000,
    "netIncome": 654000000,
    "netIncomeRatio": 0.1146563815,
    "eps": 1.17,
    "epsdiluted": 1.17,
    "weightedAverageShsOut": 560000000,
    "weightedAverageShsOutDil": 561000000,
    "link": "https://www.sec.gov/Archives/edgar/data/92380/000009238019000022/0000092380-19-000022-index.htm",
    "finalLink": "https://www.sec.gov/Archives/edgar/data/92380/000009238019000022/luv-12312018x10k.htm"
  },
  {
    "date": "2018-09-30",
    "symbol": "LUV",
    "reportedCurrency": "USD",
    "cik": "0000092380",
    "fillingDate": "2018-10-30",
    "acceptedDate": "2018-10-30 16:50:53",
    "calendarYear": "2018",
    "period": "Q3",
    "revenue": 5575000000,
    "costOfRevenue": 4038000000,
    "grossProfit": 1537000000,
    "grossProfitRatio": 0.2756950673,
    "researchAndDevelopmentExpenses": 0,
    "generalAndAdministrativeExpenses": 0,
    "sellingAndMarketingExpenses": 0,
    "sellingGeneralAndAdministrativeExpenses": 0,
    "otherExpenses": 739000000,
    "operatingExpenses": 739000000,
    "costAndExpenses": 4777000000,
    "interestIncome": 20000000,
    "interestExpense": 24000000,
    "depreciationAndAmortization": 301000000,
    "ebitda": 1111000000,
    "ebitdaratio": 0.1992825112,
    "operatingIncome": 798000000,
    "operatingIncomeRatio": 0.1431390135,
    "totalOtherIncomeExpensesNet": -12000000,
    "incomeBeforeTax": 786000000,
    "incomeBeforeTaxRatio": 0.1409865471,
    "incomeTaxExpense": 171000000,
    "netIncome": 615000000,
    "netIncomeRatio": 0.1103139013,
    "eps": 1.08,
    "epsdiluted": 1.08,
    "weightedAverageShsOut": 569000000,
    "weightedAverageShsOutDil": 569000000,
    "link": "https://www.sec.gov/Archives/edgar/data/92380/000009238018000130/0000092380-18-000130-index.htm",
    "finalLink": "https://www.sec.gov/Archives/edgar/data/92380/000009238018000130/luv-9302018x10q.htm"
  },
  {
    "date": "2018-06-30",
    "symbol": "LUV",
    "reportedCurrency": "USD",
    "cik": "0000092380",
    "fillingDate": "2018-08-01",
    "acceptedDate": "2018-08-01 16:56:05",
    "calendarYear": "2018",
    "period": "Q2",
    "revenue": 5742000000,
    "costOfRevenue": 4039000000,
    "grossProfit": 1703000000,
    "grossProfitRatio": 0.2965865552,
    "researchAndDevelopmentExpenses": 0,
    "generalAndAdministrativeExpenses": 0,
    "sellingAndMarketingExpenses": 0,
    "sellingGeneralAndAdministrativeExpenses": 0,
    "otherExpenses": 731000000,
    "operatingExpenses": 731000000,
    "costAndExpenses": 4770000000,
    "interestIncome": 15000000,
    "interestExpense": 23000000,
    "depreciationAndAmortization": 292000000,
    "ebitda": 1275000000,
    "ebitdaratio": 0.2220480669,
    "operatingIncome": 972000000,
    "operatingIncomeRatio": 0.1692789969,
    "totalOtherIncomeExpensesNet": -12000000,
    "incomeBeforeTax": 960000000,
    "incomeBeforeTaxRatio": 0.1671891327,
    "incomeTaxExpense": 227000000,
    "netIncome": 733000000,
    "netIncomeRatio": 0.127655869,
    "eps": 1.27,
    "epsdiluted": 1.27,
    "weightedAverageShsOut": 578000000,
    "weightedAverageShsOutDil": 579000000,
    "link": "https://www.sec.gov/Archives/edgar/data/92380/000009238018000110/0000092380-18-000110-index.htm",
    "finalLink": "https://www.sec.gov/Archives/edgar/data/92380/000009238018000110/luv-6302018x10q.htm"
  },
  {
    "date": "2018-03-31",
    "symbol": "LUV",
    "reportedCurrency": "USD",
    "cik": "0000092380",
    "fillingDate": "2018-05-01",
    "acceptedDate": "2018-05-01 13:14:58",
    "calendarYear": "2018",
    "period": "Q1",
    "revenue": 4944000000,
    "costOfRevenue": 3703000000,
    "grossProfit": 1241000000,
    "grossProfitRatio": 0.2510113269,
    "researchAndDevelopmentExpenses": 0,
    "generalAndAdministrativeExpenses": 0,
    "sellingAndMarketingExpenses": 0,
    "sellingGeneralAndAdministrativeExpenses": 0,
    "otherExpenses": 625000000,
    "operatingExpenses": 625000000,
    "costAndExpenses": 4328000000,
    "interestIncome": 12000000,
    "interestExpense": 22000000,
    "depreciationAndAmortization": 277000000,
    "ebitda": 901000000,
    "ebitdaratio": 0.1822411003,
    "operatingIncome": 616000000,
    "operatingIncomeRatio": 0.1245954693,
    "totalOtherIncomeExpensesNet": -14000000,
    "incomeBeforeTax": 602000000,
    "incomeBeforeTaxRatio": 0.121763754,
    "incomeTaxExpense": 139000000,
    "netIncome": 463000000,
    "netIncomeRatio": 0.0936488673,
    "eps": 0.79,
    "epsdiluted": 0.79,
    "weightedAverageShsOut": 587000000,
    "weightedAverageShsOutDil": 588000000,
    "link": "https://www.sec.gov/Archives/edgar/data/92380/000009238018000073/0000092380-18-000073-index.htm",
    "finalLink": "https://www.sec.gov/Archives/edgar/data/92380/000009238018000073/luv-3312018x10q.htm"
  },
  {
    "date": "2017-12-31",
    "symbol": "LUV",
    "reportedCurrency": "USD",
    "cik": "0000092380",
    "fillingDate": "2018-02-07",
    "acceptedDate": "2018-02-07 12:58:11",
    "calendarYear": "2017",
    "period": "Q4",
    "revenue": 5274000000,
    "costOfRevenue": 3834000000,
    "grossProfit": 1440000000,
    "grossProfitRatio": 0.2730375427,
    "researchAndDevelopmentExpenses": 0,
    "generalAndAdministrativeExpenses": 0,
    "sellingAndMarketingExpenses": 0,
    "sellingGeneralAndAdministrativeExpenses": 0,
    "otherExpenses": 667000000,
    "operatingExpenses": 667000000,
    "costAndExpenses": 4501000000,
    "interestIncome": 11000000,
    "interestExpense": 19000000,
    "depreciationAndAmortization": 279000000,
    "ebitda": 1036000000,
    "ebitdaratio": 0.1964353432,
    "operatingIncome": 773000000,
    "operatingIncomeRatio": 0.1465680698,
    "totalOtherIncomeExpensesNet": -35000000,
    "incomeBeforeTax": 738000000,
    "incomeBeforeTaxRatio": 0.1399317406,
    "incomeTaxExpense": -1150000000,
    "netIncome": 1888000000,
    "netIncomeRatio": 0.3579825559,
    "eps": 3.19,
    "epsdiluted": 3.18,
    "weightedAverageShsOut": 592000000,
    "weightedAverageShsOutDil": 594000000,
    "link": "https://www.sec.gov/Archives/edgar/data/92380/000009238018000031/0000092380-18-000031-index.htm",
    "finalLink": "https://www.sec.gov/Archives/edgar/data/92380/000009238018000031/luv-12312017x10k.htm"
  },
  {
    "date": "2017-09-30",
    "symbol": "LUV",
    "reportedCurrency": "USD",
    "cik": "0000092380",
    "fillingDate": "2017-11-01",
    "acceptedDate": "2017-11-01 17:07:16",
    "calendarYear": "2017",
    "period": "Q3",
    "revenue": 5271000000,
    "costOfRevenue": 3717000000,
    "grossProfit": 1586000000,
    "grossProfitRatio": 0.3008916714,
    "researchAndDevelopmentExpenses": 0,
    "generalAndAdministrativeExpenses": 0,
    "sellingAndMarketingExpenses": 0,
    "sellingGeneralAndAdministrativeExpenses": 0,
    "otherExpenses": 741000000,
    "operatingExpenses": 741000000,
    "costAndExpenses": 4458000000,
    "interestIncome": 9000000,
    "interestExpense": 13000000,
    "depreciationAndAmortization": 302000000,
    "ebitda": 1147000000,
    "ebitdaratio": 0.2176057674,
    "operatingIncome": 845000000,
    "operatingIncomeRatio": 0.1603111364,
    "totalOtherIncomeExpensesNet": -13000000,
    "incomeBeforeTax": 832000000,
    "incomeBeforeTaxRatio": 0.1578448112,
    "incomeTaxExpense": 304000000,
    "netIncome": 503000000,
    "netIncomeRatio": 0.0954278126,
    "eps": 0.84,
    "epsdiluted": 0.84,
    "weightedAverageShsOut": 597000000,
    "weightedAverageShsOutDil": 598000000,
    "link": "https://www.sec.gov/Archives/edgar/data/92380/000009238017000167/0000092380-17-000167-index.htm",
    "finalLink": "https://www.sec.gov/Archives/edgar/data/92380/000009238017000167/luv-9302017x10q.htm"
  },
  {
    "date": "2017-06-30",
    "symbol": "LUV",
    "reportedCurrency": "USD",
    "cik": "0000092380",
    "fillingDate": "2017-08-01",
    "acceptedDate": "2017-07-31 19:11:45",
    "calendarYear": "2017",
    "period": "Q2",
    "revenue": 5744000000,
    "costOfRevenue": 3789000000,
    "grossProfit": 1942000000,
    "grossProfitRatio": 0.338091922,
    "researchAndDevelopmentExpenses": 0,
    "generalAndAdministrativeExpenses": 0,
    "sellingAndMarketingExpenses": 0,
    "sellingGeneralAndAdministrativeExpenses": 0,
    "otherExpenses": 727000000,
    "operatingExpenses": 727000000,
    "costAndExpenses": 4516000000,
    "interestIncome": 8000000,
    "interestExpense": 14000000,
    "depreciationAndAmortization": 319000000,
    "ebitda": 1498000000,
    "ebitdaratio": 0.2607938719,
    "operatingIncome": 1215000000,
    "operatingIncomeRatio": 0.2115250696,
    "totalOtherIncomeExpensesNet": -50000000,
    "incomeBeforeTax": 1165000000,
    "incomeBeforeTaxRatio": 0.2028203343,
    "incomeTaxExpense": 422000000,
    "netIncome": 746000000,
    "netIncomeRatio": 0.1298746518,
    "eps": 1.24,
    "epsdiluted": 1.23,
    "weightedAverageShsOut": 604000000,
    "weightedAverageShsOutDil": 605000000,
    "link": "https://www.sec.gov/Archives/edgar/data/92380/000009238017000146/0000092380-17-000146-index.htm",
    "finalLink": "https://www.sec.gov/Archives/edgar/data/92380/000009238017000146/luv-6302017x10q.htm"
  },
  {
    "date": "2017-03-31",
    "symbol": "LUV",
    "reportedCurrency": "USD",
    "cik": "0000092380",
    "fillingDate": "2017-05-03",
    "acceptedDate": "2017-05-03 15:43:34",
    "calendarYear": "2017",
    "period": "Q1",
    "revenue": 4883000000,
    "costOfRevenue": 3560000000,
    "grossProfit": 1294000000,
    "grossProfitRatio": 0.265001024,
    "researchAndDevelopmentExpenses": 0,
    "generalAndAdministrativeExpenses": 0,
    "sellingAndMarketingExpenses": 0,
    "sellingGeneralAndAdministrativeExpenses": 0,
    "otherExpenses": 688000000,
    "operatingExpenses": 688000000,
    "costAndExpenses": 4248000000,
    "interestIncome": 7000000,
    "interestExpense": 18000000,
    "depreciationAndAmortization": 318000000,
    "ebitda": 868000000,
    "ebitdaratio": 0.177759574,
    "operatingIncome": 606000000,
    "operatingIncomeRatio": 0.1241040344,
    "totalOtherIncomeExpensesNet": -74000000,
    "incomeBeforeTax": 532000000,
    "incomeBeforeTaxRatio": 0.1089494163,
    "incomeTaxExpense": 193000000,
    "netIncome": 351000000,
    "netIncomeRatio": 0.0718820397,
    "eps": 0.57,
    "epsdiluted": 0.57,
    "weightedAverageShsOut": 613000000,
    "weightedAverageShsOutDil": 614000000,
    "link": "https://www.sec.gov/Archives/edgar/data/92380/000009238017000078/0000092380-17-000078-index.htm",
    "finalLink": "https://www.sec.gov/Archives/edgar/data/92380/000009238017000078/luv-3312017x10q.htm"
  },
  {
    "date": "2016-12-31",
    "symbol": "LUV",
    "reportedCurrency": "USD",
    "cik": "0000092380",
    "fillingDate": "2017-02-07",
    "acceptedDate": "2017-02-07 16:34:39",
    "calendarYear": "2016",
    "period": "Q4",
    "revenue": 5076000000,
    "costOfRevenue": 3570000000,
    "grossProfit": 1505000000,
    "grossProfitRatio": 0.2964933018,
    "researchAndDevelopmentExpenses": 0,
    "generalAndAdministrativeExpenses": 0,
    "sellingAndMarketingExpenses": 0,
    "sellingGeneralAndAdministrativeExpenses": 0,
    "otherExpenses": 660000000,
    "operatingExpenses": 660000000,
    "costAndExpenses": 4230000000,
    "interestIncome": 7000000,
    "interestExpense": 16000000,
    "depreciationAndAmortization": 318000000,
    "ebitda": 1143000000,
    "ebitdaratio": 0.225177305,
    "operatingIncome": 845000000,
    "operatingIncomeRatio": 0.1664696612,
    "totalOtherIncomeExpensesNet": -36000000,
    "incomeBeforeTax": 809000000,
    "incomeBeforeTaxRatio": 0.1593774626,
    "incomeTaxExpense": 287000000,
    "netIncome": 522000000,
    "netIncomeRatio": 0.1028368794,
    "eps": 0.85,
    "epsdiluted": 0.84,
    "weightedAverageShsOut": 617000000,
    "weightedAverageShsOutDil": 621000000,
    "link": "https://www.sec.gov/Archives/edgar/data/92380/000009238017000029/0000092380-17-000029-index.htm",
    "finalLink": "https://www.sec.gov/Archives/edgar/data/92380/000009238017000029/luv-12312016x10k.htm"
  },
  {
    "date": "2016-09-30",
    "symbol": "LUV",
    "reportedCurrency": "USD",
    "cik": "0000092380",
    "fillingDate": "2016-10-31",
    "acceptedDate": "2016-10-31 10:59:12",
    "calendarYear": "2016",
    "period": "Q3",
    "revenue": 5139000000,
    "costOfRevenue": 3786000000,
    "grossProfit": 1353000000,
    "grossProfitRatio": 0.2632807939,
    "researchAndDevelopmentExpenses": 0,
    "generalAndAdministrativeExpenses": 0,
    "sellingAndMarketingExpenses": 0,
    "sellingGeneralAndAdministrativeExpenses": 0,
    "otherExpenses": 658000000,
    "operatingExpenses": 658000000,
    "costAndExpenses": 4444000000,
    "interestIncome": 6000000,
    "interestExpense": 19000000,
    "depreciationAndAmortization": 315000000,
    "ebitda": 952000000,
    "ebitdaratio": 0.1852500486,
    "operatingIncome": 695000000,
    "operatingIncomeRatio": 0.1352403191,
    "totalOtherIncomeExpensesNet": -77000000,
    "incomeBeforeTax": 618000000,
    "incomeBeforeTaxRatio": 0.1202568593,
    "incomeTaxExpense": 230000000,
    "netIncome": 388000000,
    "netIncomeRatio": 0.0755010702,
    "eps": 0.63,
    "epsdiluted": 0.62,
    "weightedAverageShsOut": 618000000,
    "weightedAverageShsOutDil": 625000000,
    "link": "https://www.sec.gov/Archives/edgar/data/92380/000009238016000270/0000092380-16-000270-index.htm",
    "finalLink": "https://www.sec.gov/Archives/edgar/data/92380/000009238016000270/luv-9302016x10q.htm"
  },
  {
    "date": "2016-06-30",
    "symbol": "LUV",
    "reportedCurrency": "USD",
    "cik": "0000092380",
    "fillingDate": "2016-07-28",
    "acceptedDate": "2016-07-27 19:55:09",
    "calendarYear": "2016",
    "period": "Q2",
    "revenue": 5384000000,
    "costOfRevenue": 3489000000,
    "grossProfit": 1895000000,
    "grossProfitRatio": 0.3519687964,
    "researchAndDevelopmentExpenses": 0,
    "generalAndAdministrativeExpenses": 0,
    "sellingAndMarketingExpenses": 0,
    "sellingGeneralAndAdministrativeExpenses": 0,
    "otherExpenses": 619000000,
    "operatingExpenses": 619000000,
    "costAndExpenses": 4108000000,
    "interestIncome": 6000000,
    "interestExpense": 21000000,
    "depreciationAndAmortization": 299000000,
    "ebitda": 1624000000,
    "ebitdaratio": 0.3016344725,
    "operatingIncome": 1276000000,
    "operatingIncomeRatio": 0.2369985141,
    "totalOtherIncomeExpensesNet": 28000000,
    "incomeBeforeTax": 1304000000,
    "incomeBeforeTaxRatio": 0.2421991085,
    "incomeTaxExpense": 484000000,
    "netIncome": 820000000,
    "netIncomeRatio": 0.1523031204,
    "eps": 1.3,
    "epsdiluted": 1.28,
    "weightedAverageShsOut": 632000000,
    "weightedAverageShsOutDil": 639000000,
    "link": "https://www.sec.gov/Archives/edgar/data/92380/000009238016000252/0000092380-16-000252-index.htm",
    "finalLink": "https://www.sec.gov/Archives/edgar/data/92380/000009238016000252/luv-6302016x10q.htm"
  },
  {
    "date": "2016-03-31",
    "symbol": "LUV",
    "reportedCurrency": "USD",
    "cik": "0000092380",
    "fillingDate": "2016-04-29",
    "acceptedDate": "2016-04-28 17:59:47",
    "calendarYear": "2016",
    "period": "Q1",
    "revenue": 4826000000,
    "costOfRevenue": 3304000000,
    "grossProfit": 1522000000,
    "grossProfitRatio": 0.3153750518,
    "researchAndDevelopmentExpenses": 0,
    "generalAndAdministrativeExpenses": 0,
    "sellingAndMarketingExpenses": 0,
    "sellingGeneralAndAdministrativeExpenses": 0,
    "otherExpenses": 578000000,
    "operatingExpenses": 578000000,
    "costAndExpenses": 3882000000,
    "interestIncome": 5000000,
    "interestExpense": 19000000,
    "depreciationAndAmortization": 290000000,
    "ebitda": 1125000000,
    "ebitdaratio": 0.2331123083,
    "operatingIncome": 944000000,
    "operatingIncomeRatio": 0.1956071281,
    "totalOtherIncomeExpensesNet": -128000000,
    "incomeBeforeTax": 816000000,
    "incomeBeforeTaxRatio": 0.1690841276,
    "incomeTaxExpense": 303000000,
    "netIncome": 511000000,
    "netIncomeRatio": 0.1058847907,
    "eps": 0.8,
    "epsdiluted": 0.79,
    "weightedAverageShsOut": 641000000,
    "weightedAverageShsOutDil": 648000000,
    "link": "https://www.sec.gov/Archives/edgar/data/92380/000009238016000213/0000092380-16-000213-index.htm",
    "finalLink": "https://www.sec.gov/Archives/edgar/data/92380/000009238016000213/luv-3312016x10q.htm"
  },
  {
    "date": "2015-12-31",
    "symbol": "LUV",
    "reportedCurrency": "USD",
    "cik": "0000092380",
    "fillingDate": "2016-02-03",
    "acceptedDate": "2016-02-02 19:09:00",
    "calendarYear": "2015",
    "period": "Q4",
    "revenue": 4977000000,
    "costOfRevenue": 3334000000,
    "grossProfit": 1643000000,
    "grossProfitRatio": 0.3301185453,
    "researchAndDevelopmentExpenses": 0,
    "generalAndAdministrativeExpenses": 0,
    "sellingAndMarketingExpenses": 0,
    "sellingGeneralAndAdministrativeExpenses": 0,
    "otherExpenses": 617000000,
    "operatingExpenses": 617000000,
    "costAndExpenses": 3951000000,
    "interestIncome": 4000000,
    "interestExpense": 21000000,
    "depreciationAndAmortization": 264000000,
    "ebitda": 1132000000,
    "ebitdaratio": 0.2274462528,
    "operatingIncome": 1026000000,
    "operatingIncomeRatio": 0.2061482821,
    "totalOtherIncomeExpensesNet": -179000000,
    "incomeBeforeTax": 847000000,
    "incomeBeforeTaxRatio": 0.1701828411,
    "incomeTaxExpense": 311000000,
    "netIncome": 536000000,
    "netIncomeRatio": 0.1076953988,
    "eps": 0.83,
    "epsdiluted": 0.82,
    "weightedAverageShsOut": 648000000,
    "weightedAverageShsOutDil": 656000000,
    "link": "https://www.sec.gov/Archives/edgar/data/92380/000009238016000175/0000092380-16-000175-index.htm",
    "finalLink": "https://www.sec.gov/Archives/edgar/data/92380/000009238016000175/luv-12312015x10k.htm"
  },
  {
    "date": "2015-09-30",
    "symbol": "LUV",
    "reportedCurrency": "USD",
    "cik": "0000092380",
    "fillingDate": "2015-10-29",
    "acceptedDate": "2015-10-29 12:55:51",
    "calendarYear": "2015",
    "period": "Q3",
    "revenue": 5318000000,
    "costOfRevenue": 3515000000,
    "grossProfit": 1803000000,
    "grossProfitRatio": 0.339037232,
    "researchAndDevelopmentExpenses": 0,
    "generalAndAdministrativeExpenses": 0,
    "sellingAndMarketingExpenses": 0,
    "sellingGeneralAndAdministrativeExpenses": 0,
    "otherExpenses": 578000000,
    "operatingExpenses": 578000000,
    "costAndExpenses": 4093000000,
    "interestIncome": 2000000,
    "interestExpense": 22000000,
    "depreciationAndAmortization": 258000000,
    "ebitda": 1213000000,
    "ebitdaratio": 0.2280932681,
    "operatingIncome": 1225000000,
    "operatingIncomeRatio": 0.2303497555,
    "totalOtherIncomeExpensesNet": -292000000,
    "incomeBeforeTax": 933000000,
    "incomeBeforeTaxRatio": 0.1754418954,
    "incomeTaxExpense": 349000000,
    "netIncome": 584000000,
    "netIncomeRatio": 0.1098157202,
    "eps": 0.89,
    "epsdiluted": 0.88,
    "weightedAverageShsOut": 655000000,
    "weightedAverageShsOutDil": 663000000,
    "link": "https://www.sec.gov/Archives/edgar/data/92380/000009238015000129/0000092380-15-000129-index.htm",
    "finalLink": "https://www.sec.gov/Archives/edgar/data/92380/000009238015000129/luv-9302015x10q.htm"
  },
  {
    "date": "2015-06-30",
    "symbol": "LUV",
    "reportedCurrency": "USD",
    "cik": "0000092380",
    "fillingDate": "2015-07-31",
    "acceptedDate": "2015-07-31 12:30:14",
    "calendarYear": "2015",
    "period": "Q2",
    "revenue": 5111000000,
    "costOfRevenue": 3460000000,
    "grossProfit": 1651000000,
    "grossProfitRatio": 0.3230287615,
    "researchAndDevelopmentExpenses": 0,
    "generalAndAdministrativeExpenses": 0,
    "sellingAndMarketingExpenses": 0,
    "sellingGeneralAndAdministrativeExpenses": 0,
    "otherExpenses": 566000000,
    "operatingExpenses": 566000000,
    "costAndExpenses": 4026000000,
    "interestIncome": 2000000,
    "interestExpense": 22000000,
    "depreciationAndAmortization": 250000000,
    "ebitda": 1249000000,
    "ebitdaratio": 0.2443748777,
    "operatingIncome": 1085000000,
    "operatingIncomeRatio": 0.2122872236,
    "totalOtherIncomeExpensesNet": -108000000,
    "incomeBeforeTax": 977000000,
    "incomeBeforeTaxRatio": 0.1911563295,
    "incomeTaxExpense": 369000000,
    "netIncome": 608000000,
    "netIncomeRatio": 0.1189591078,
    "eps": 0.91,
    "epsdiluted": 0.9,
    "weightedAverageShsOut": 665000000,
    "weightedAverageShsOutDil": 673000000,
    "link": "https://www.sec.gov/Archives/edgar/data/92380/000009238015000098/0000092380-15-000098-index.htm",
    "finalLink": "https://www.sec.gov/Archives/edgar/data/92380/000009238015000098/luv-6302015x10q.htm"
  },
  {
    "date": "2015-03-31",
    "symbol": "LUV",
    "reportedCurrency": "USD",
    "cik": "0000092380",
    "fillingDate": "2015-04-30",
    "acceptedDate": "2015-04-30 16:18:17",
    "calendarYear": "2015",
    "period": "Q1",
    "revenue": 4414000000,
    "costOfRevenue": 3114000000,
    "grossProfit": 1300000000,
    "grossProfitRatio": 0.2945174445,
    "researchAndDevelopmentExpenses": 0,
    "generalAndAdministrativeExpenses": 0,
    "sellingAndMarketingExpenses": 0,
    "sellingGeneralAndAdministrativeExpenses": 0,
    "otherExpenses": 520000000,
    "operatingExpenses": 520000000,
    "costAndExpenses": 3634000000,
    "interestIncome": 1000000,
    "interestExpense": 26000000,
    "depreciationAndAmortization": 244000000,
    "ebitda": 993000000,
    "ebitdaratio": 0.2249660172,
    "operatingIncome": 780000000,
    "operatingIncomeRatio": 0.1767104667,
    "totalOtherIncomeExpensesNet": -57000000,
    "incomeBeforeTax": 723000000,
    "incomeBeforeTaxRatio": 0.1637970095,
    "incomeTaxExpense": 270000000,
    "netIncome": 453000000,
    "netIncomeRatio": 0.1026280018,
    "eps": 0.67,
    "epsdiluted": 0.66,
    "weightedAverageShsOut": 674000000,
    "weightedAverageShsOutDil": 682000000,
    "link": "https://www.sec.gov/Archives/edgar/data/92380/000009238015000042/0000092380-15-000042-index.htm",
    "finalLink": "https://www.sec.gov/Archives/edgar/data/92380/000009238015000042/luv-3312015x10q.htm"
  },
  {
    "date": "2014-12-31",
    "symbol": "LUV",
    "reportedCurrency": "USD",
    "cik": "0000092380",
    "fillingDate": "2015-02-11",
    "acceptedDate": "2015-02-11 15:34:29",
    "calendarYear": "2014",
    "period": "Q4",
    "revenue": 4628000000,
    "costOfRevenue": 3383000000,
    "grossProfit": 1245000000,
    "grossProfitRatio": 0.2690146932,
    "researchAndDevelopmentExpenses": 0,
    "generalAndAdministrativeExpenses": 0,
    "sellingAndMarketingExpenses": 0,
    "sellingGeneralAndAdministrativeExpenses": 0,
    "otherExpenses": 625000000,
    "operatingExpenses": 625000000,
    "costAndExpenses": 4008000000,
    "interestIncome": 1000000,
    "interestExpense": 28000000,
    "depreciationAndAmortization": 251000000,
    "ebitda": 580000000,
    "ebitdaratio": 0.1253241141,
    "operatingIncome": 620000000,
    "operatingIncomeRatio": 0.1339671564,
    "totalOtherIncomeExpensesNet": -319000000,
    "incomeBeforeTax": 301000000,
    "incomeBeforeTaxRatio": 0.0650388937,
    "incomeTaxExpense": 111000000,
    "netIncome": 190000000,
    "netIncomeRatio": 0.0410544512,
    "eps": 0.28,
    "epsdiluted": 0.28,
    "weightedAverageShsOut": 677000000,
    "weightedAverageShsOutDil": 686000000,
    "link": "https://www.sec.gov/Archives/edgar/data/92380/000009238015000030/0000092380-15-000030-index.htm",
    "finalLink": "https://www.sec.gov/Archives/edgar/data/92380/000009238015000030/luv-12312014x10ka.htm"
  },
  {
    "date": "2014-09-30",
    "symbol": "LUV",
    "reportedCurrency": "USD",
    "cik": "0000092380",
    "fillingDate": "2014-10-29",
    "acceptedDate": "2014-10-29 17:09:58",
    "calendarYear": "2014",
    "period": "Q3",
    "revenue": 4800000000,
    "costOfRevenue": 3595000000,
    "grossProfit": 1205000000,
    "grossProfitRatio": 0.2510416667,
    "researchAndDevelopmentExpenses": 0,
    "generalAndAdministrativeExpenses": 0,
    "sellingAndMarketingExpenses": 0,
    "sellingGeneralAndAdministrativeExpenses": 0,
    "otherExpenses": 591000000,
    "operatingExpenses": 591000000,
    "costAndExpenses": 4186000000,
    "interestIncome": 2000000,
    "interestExpense": 25000000,
    "depreciationAndAmortization": 238000000,
    "ebitda": 788000000,
    "ebitdaratio": 0.1641666667,
    "operatingIncome": 614000000,
    "operatingIncomeRatio": 0.1279166667,
    "totalOtherIncomeExpensesNet": -89000000,
    "incomeBeforeTax": 525000000,
    "incomeBeforeTaxRatio": 0.109375,
    "incomeTaxExpense": 196000000,
    "netIncome": 329000000,
    "netIncomeRatio": 0.0685416667,
    "eps": 0.48,
    "epsdiluted": 0.48,
    "weightedAverageShsOut": 683000000,
    "weightedAverageShsOutDil": 691000000,
    "link": "https://www.sec.gov/Archives/edgar/data/92380/000009238014000151/0000092380-14-000151-index.htm",
    "finalLink": "https://www.sec.gov/Archives/edgar/data/92380/000009238014000151/luv-9302014x10q.htm"
  },
  {
    "date": "2014-06-30",
    "symbol": "LUV",
    "reportedCurrency": "USD",
    "cik": "0000092380",
    "fillingDate": "2014-07-30",
    "acceptedDate": "2014-07-30 16:05:12",
    "calendarYear": "2014",
    "period": "Q2",
    "revenue": 5011000000,
    "costOfRevenue": 3665000000,
    "grossProfit": 1346000000,
    "grossProfitRatio": 0.2686090601,
    "researchAndDevelopmentExpenses": 0,
    "generalAndAdministrativeExpenses": 0,
    "sellingAndMarketingExpenses": 0,
    "sellingGeneralAndAdministrativeExpenses": 0,
    "otherExpenses": 571000000,
    "operatingExpenses": 571000000,
    "costAndExpenses": 4236000000,
    "interestIncome": 2000000,
    "interestExpense": 28000000,
    "depreciationAndAmortization": 228000000,
    "ebitda": 1002000000,
    "ebitdaratio": 0.1999600878,
    "operatingIncome": 775000000,
    "operatingIncomeRatio": 0.1546597486,
    "totalOtherIncomeExpensesNet": -29000000,
    "incomeBeforeTax": 746000000,
    "incomeBeforeTaxRatio": 0.1488724805,
    "incomeTaxExpense": 281000000,
    "netIncome": 465000000,
    "netIncomeRatio": 0.0927958491,
    "eps": 0.67,
    "epsdiluted": 0.67,
    "weightedAverageShsOut": 690000000,
    "weightedAverageShsOutDil": 698000000,
    "link": "https://www.sec.gov/Archives/edgar/data/92380/000009238014000117/0000092380-14-000117-index.htm",
    "finalLink": "https://www.sec.gov/Archives/edgar/data/92380/000009238014000117/luv-6302014x10q.htm"
  },
  {
    "date": "2014-03-31",
    "symbol": "LUV",
    "reportedCurrency": "USD",
    "cik": "0000092380",
    "fillingDate": "2014-05-01",
    "acceptedDate": "2014-04-30 18:47:19",
    "calendarYear": "2014",
    "period": "Q1",
    "revenue": 4166000000,
    "costOfRevenue": 3407000000,
    "grossProfit": 759000000,
    "grossProfitRatio": 0.1821891503,
    "researchAndDevelopmentExpenses": 0,
    "generalAndAdministrativeExpenses": 0,
    "sellingAndMarketingExpenses": 0,
    "sellingGeneralAndAdministrativeExpenses": 0,
    "otherExpenses": 544000000,
    "operatingExpenses": 544000000,
    "costAndExpenses": 3951000000,
    "interestIncome": 2000000,
    "interestExpense": 26000000,
    "depreciationAndAmortization": 221000000,
    "ebitda": 491000000,
    "ebitdaratio": 0.1178588574,
    "operatingIncome": 215000000,
    "operatingIncomeRatio": 0.0516082573,
    "totalOtherIncomeExpensesNet": 29000000,
    "incomeBeforeTax": 244000000,
    "incomeBeforeTaxRatio": 0.0585693711,
    "incomeTaxExpense": 92000000,
    "netIncome": 152000000,
    "netIncomeRatio": 0.0364858377,
    "eps": 0.22,
    "epsdiluted": 0.21,
    "weightedAverageShsOut": 698000000,
    "weightedAverageShsOutDil": 707000000,
    "link": "https://www.sec.gov/Archives/edgar/data/92380/000009238014000024/0000092380-14-000024-index.htm",
    "finalLink": "https://www.sec.gov/Archives/edgar/data/92380/000009238014000024/luv-3312014x10q.htm"
  },
  {
    "date": "2013-12-31",
    "symbol": "LUV",
    "reportedCurrency": "USD",
    "cik": "0000092380",
    "fillingDate": "2014-02-04",
    "acceptedDate": "2014-02-03 20:12:25",
    "calendarYear": "2013",
    "period": "Q4",
    "revenue": 4428000000,
    "costOfRevenue": 3452000000,
    "grossProfit": 976000000,
    "grossProfitRatio": 0.2204155375,
    "researchAndDevelopmentExpenses": 0,
    "generalAndAdministrativeExpenses": 0,
    "sellingAndMarketingExpenses": 0,
    "sellingGeneralAndAdministrativeExpenses": 0,
    "otherExpenses": 591000000,
    "operatingExpenses": 591000000,
    "costAndExpenses": 4043000000,
    "interestIncome": 1000000,
    "interestExpense": 27000000,
    "depreciationAndAmortization": 224000000,
    "ebitda": 584000000,
    "ebitdaratio": 0.1318879855,
    "operatingIncome": 385000000,
    "operatingIncomeRatio": 0.0869467028,
    "totalOtherIncomeExpensesNet": -52000000,
    "incomeBeforeTax": 333000000,
    "incomeBeforeTaxRatio": 0.075203252,
    "incomeTaxExpense": 121000000,
    "netIncome": 212000000,
    "netIncomeRatio": 0.0478771454,
    "eps": 0.3,
    "epsdiluted": 0.3,
    "weightedAverageShsOut": 699000000,
    "weightedAverageShsOutDil": 707000000,
    "link": "https://www.sec.gov/Archives/edgar/data/92380/000009238014000010/0000092380-14-000010-index.htm",
    "finalLink": "https://www.sec.gov/Archives/edgar/data/92380/000009238014000010/luv-12312013x10k.htm"
  },
  {
    "date": "2013-09-30",
    "symbol": "LUV",
    "reportedCurrency": "USD",
    "cik": "0000092380",
    "fillingDate": "2013-10-30",
    "acceptedDate": "2013-10-30 11:41:45",
    "calendarYear": "2013",
    "period": "Q3",
    "revenue": 4545000000,
    "costOfRevenue": 3595000000,
    "grossProfit": 950000000,
    "grossProfitRatio": 0.2090209021,
    "researchAndDevelopmentExpenses": 0,
    "generalAndAdministrativeExpenses": 0,
    "sellingAndMarketingExpenses": 0,
    "sellingGeneralAndAdministrativeExpenses": 0,
    "otherExpenses": 560000000,
    "operatingExpenses": 560000000,
    "costAndExpenses": 4155000000,
    "interestIncome": 1000000,
    "interestExpense": 31000000,
    "depreciationAndAmortization": 221000000,
    "ebitda": 671000000,
    "ebitdaratio": 0.1476347635,
    "operatingIncome": 390000000,
    "operatingIncomeRatio": 0.0858085809,
    "totalOtherIncomeExpensesNet": 29000000,
    "incomeBeforeTax": 419000000,
    "incomeBeforeTaxRatio": 0.0921892189,
    "incomeTaxExpense": 160000000,
    "netIncome": 259000000,
    "netIncomeRatio": 0.0569856986,
    "eps": 0.37,
    "epsdiluted": 0.36,
    "weightedAverageShsOut": 703000000,
    "weightedAverageShsOutDil": 711000000,
    "link": "https://www.sec.gov/Archives/edgar/data/92380/000009238013000111/0000092380-13-000111-index.htm",
    "finalLink": "https://www.sec.gov/Archives/edgar/data/92380/000009238013000111/luv-9302013x10q.htm"
  },
  {
    "date": "2013-06-30",
    "symbol": "LUV",
    "reportedCurrency": "USD",
    "cik": "0000092380",
    "fillingDate": "2013-07-31",
    "acceptedDate": "2013-07-31 13:14:46",
    "calendarYear": "2013",
    "period": "Q2",
    "revenue": 4643000000,
    "costOfRevenue": 3665000000,
    "grossProfit": 978000000,
    "grossProfitRatio": 0.2106396726,
    "researchAndDevelopmentExpenses": 0,
    "generalAndAdministrativeExpenses": 0,
    "sellingAndMarketingExpenses": 0,
    "sellingGeneralAndAdministrativeExpenses": 0,
    "otherExpenses": 545000000,
    "operatingExpenses": 545000000,
    "costAndExpenses": 4210000000,
    "interestIncome": 2000000,
    "interestExpense": 25000000,
    "depreciationAndAmortization": 213000000,
    "ebitda": 601000000,
    "ebitdaratio": 0.129442171,
    "operatingIncome": 433000000,
    "operatingIncomeRatio": 0.093258669,
    "totalOtherIncomeExpensesNet": -70000000,
    "incomeBeforeTax": 363000000,
    "incomeBeforeTaxRatio": 0.0781822098,
    "incomeTaxExpense": 139000000,
    "netIncome": 224000000,
    "netIncomeRatio": 0.0482446694,
    "eps": 0.31,
    "epsdiluted": 0.31,
    "weightedAverageShsOut": 714000000,
    "weightedAverageShsOutDil": 722000000,
    "link": "https://www.sec.gov/Archives/edgar/data/92380/000009238013000097/0000092380-13-000097-index.htm",
    "finalLink": "https://www.sec.gov/Archives/edgar/data/92380/000009238013000097/luv-6302013x10q.htm"
  },
  {
    "date": "2013-03-31",
    "symbol": "LUV",
    "reportedCurrency": "USD",
    "cik": "0000092380",
    "fillingDate": "2013-05-02",
    "acceptedDate": "2013-05-02 15:38:31",
    "calendarYear": "2013",
    "period": "Q1",
    "revenue": 4084000000,
    "costOfRevenue": 3500000000,
    "grossProfit": 584000000,
    "grossProfitRatio": 0.1429970617,
    "researchAndDevelopmentExpenses": 0,
    "generalAndAdministrativeExpenses": 0,
    "sellingAndMarketingExpenses": 0,
    "sellingGeneralAndAdministrativeExpenses": 0,
    "otherExpenses": 514000000,
    "operatingExpenses": 514000000,
    "costAndExpenses": 4014000000,
    "interestIncome": 2000000,
    "interestExpense": 24000000,
    "depreciationAndAmortization": 210000000,
    "ebitda": 328000000,
    "ebitdaratio": 0.0803134182,
    "operatingIncome": 70000000,
    "operatingIncomeRatio": 0.0171400588,
    "totalOtherIncomeExpensesNet": 24000000,
    "incomeBeforeTax": 94000000,
    "incomeBeforeTaxRatio": 0.0230166503,
    "incomeTaxExpense": 35000000,
    "netIncome": 59000000,
    "netIncomeRatio": 0.014446621,
    "eps": 0.0814,
    "epsdiluted": 0.0812,
    "weightedAverageShsOut": 725000000,
    "weightedAverageShsOutDil": 727000000,
    "link": "https://www.sec.gov/Archives/edgar/data/92380/000009238013000020/0000092380-13-000020-index.htm",
    "finalLink": "https://www.sec.gov/Archives/edgar/data/92380/000009238013000020/luv-3312013x10q.htm"
  },
  {
    "date": "2012-12-31",
    "symbol": "LUV",
    "reportedCurrency": "USD",
    "cik": "0000092380",
    "fillingDate": "2013-02-07",
    "acceptedDate": "2013-02-06 19:28:58",
    "calendarYear": "2012",
    "period": "Q4",
    "revenue": 4173000000,
    "costOfRevenue": 7705000000,
    "grossProfit": -3532000000,
    "grossProfitRatio": -0.8463934819,
    "researchAndDevelopmentExpenses": 0,
    "generalAndAdministrativeExpenses": 0,
    "sellingAndMarketingExpenses": 0,
    "sellingGeneralAndAdministrativeExpenses": 0,
    "otherExpenses": -3623000000,
    "operatingExpenses": -3623000000,
    "costAndExpenses": 4082000000,
    "interestIncome": 2000000,
    "interestExpense": 30000000,
    "depreciationAndAmortization": 224000000,
    "ebitda": 379000000,
    "ebitdaratio": 0.0908219506,
    "operatingIncome": 91000000,
    "operatingIncomeRatio": 0.0218068536,
    "totalOtherIncomeExpensesNet": 34000000,
    "incomeBeforeTax": 125000000,
    "incomeBeforeTaxRatio": 0.0299544692,
    "incomeTaxExpense": 47000000,
    "netIncome": 78000000,
    "netIncomeRatio": 0.0186915888,
    "eps": 0.11,
    "epsdiluted": 0.11,
    "weightedAverageShsOut": 735000000,
    "weightedAverageShsOutDil": 736000000,
    "link": "https://www.sec.gov/Archives/edgar/data/92380/000119312513041608/0001193125-13-041608-index.htm",
    "finalLink": "https://www.sec.gov/Archives/edgar/data/92380/000119312513041608/d480533d10k.htm"
  },
  {
    "date": "2012-09-30",
    "symbol": "LUV",
    "reportedCurrency": "USD",
    "cik": "0000092380",
    "fillingDate": "2012-10-26",
    "acceptedDate": "2012-10-26 12:40:32",
    "calendarYear": "2012",
    "period": "Q3",
    "revenue": 4309000000,
    "costOfRevenue": 3604000000,
    "grossProfit": 705000000,
    "grossProfitRatio": 0.1636110466,
    "researchAndDevelopmentExpenses": 0,
    "generalAndAdministrativeExpenses": 1698000000,
    "sellingAndMarketingExpenses": 0,
    "sellingGeneralAndAdministrativeExpenses": 1698000000,
    "otherExpenses": -1044000000,
    "operatingExpenses": 654000000,
    "costAndExpenses": 4258000000,
    "interestIncome": 2000000,
    "interestExpense": 30000000,
    "depreciationAndAmortization": 217000000,
    "ebitda": 280000000,
    "ebitdaratio": 0.0649802738,
    "operatingIncome": 51000000,
    "operatingIncomeRatio": 0.0118356927,
    "totalOtherIncomeExpensesNet": -18000000,
    "incomeBeforeTax": 33000000,
    "incomeBeforeTaxRatio": 0.0076583894,
    "incomeTaxExpense": 17000000,
    "netIncome": 16000000,
    "netIncomeRatio": 0.0037131585,
    "eps": 0.0217,
    "epsdiluted": 0.0216,
    "weightedAverageShsOut": 739000000,
    "weightedAverageShsOutDil": 740000000,
    "link": "https://www.sec.gov/Archives/edgar/data/92380/000009238012000103/0000092380-12-000103-index.htm",
    "finalLink": "https://www.sec.gov/Archives/edgar/data/92380/000009238012000103/form10q.htm"
  },
  {
    "date": "2012-06-30",
    "symbol": "LUV",
    "reportedCurrency": "USD",
    "cik": "0000092380",
    "fillingDate": "2012-07-27",
    "acceptedDate": "2012-07-26 18:32:34",
    "calendarYear": "2012",
    "period": "Q2",
    "revenue": 4616000000,
    "costOfRevenue": 3642000000,
    "grossProfit": 974000000,
    "grossProfitRatio": 0.2110051993,
    "researchAndDevelopmentExpenses": 0,
    "generalAndAdministrativeExpenses": 1725000000,
    "sellingAndMarketingExpenses": 0,
    "sellingGeneralAndAdministrativeExpenses": 1725000000,
    "otherExpenses": -1211000000,
    "operatingExpenses": 514000000,
    "costAndExpenses": 4156000000,
    "interestIncome": 2000000,
    "interestExpense": 32000000,
    "depreciationAndAmortization": 202000000,
    "ebitda": 602000000,
    "ebitdaratio": 0.1304159445,
    "operatingIncome": 460000000,
    "operatingIncomeRatio": 0.0996533795,
    "totalOtherIncomeExpensesNet": -92000000,
    "incomeBeforeTax": 368000000,
    "incomeBeforeTaxRatio": 0.0797227036,
    "incomeTaxExpense": 140000000,
    "netIncome": 228000000,
    "netIncomeRatio": 0.0493934142,
    "eps": 0.3,
    "epsdiluted": 0.3,
    "weightedAverageShsOut": 757000000,
    "weightedAverageShsOutDil": 764000000,
    "link": "https://www.sec.gov/Archives/edgar/data/92380/000009238012000089/0000092380-12-000089-index.htm",
    "finalLink": "https://www.sec.gov/Archives/edgar/data/92380/000009238012000089/form10q.htm"
  },
  {
    "date": "2012-03-31",
    "symbol": "LUV",
    "reportedCurrency": "USD",
    "cik": "0000092380",
    "fillingDate": "2012-04-25",
    "acceptedDate": "2012-04-25 16:46:47",
    "calendarYear": "2012",
    "period": "Q1",
    "revenue": 3991000000,
    "costOfRevenue": 3466000000,
    "grossProfit": 525000000,
    "grossProfitRatio": 0.1315459785,
    "researchAndDevelopmentExpenses": 0,
    "generalAndAdministrativeExpenses": 1631000000,
    "sellingAndMarketingExpenses": 0,
    "sellingGeneralAndAdministrativeExpenses": 1631000000,
    "otherExpenses": -1128000000,
    "operatingExpenses": 503000000,
    "costAndExpenses": 3969000000,
    "interestIncome": 2000000,
    "interestExpense": 35000000,
    "depreciationAndAmortization": 201000000,
    "ebitda": 395000000,
    "ebitdaratio": 0.0989726885,
    "operatingIncome": 22000000,
    "operatingIncomeRatio": 0.0055124029,
    "totalOtherIncomeExpensesNet": 137000000,
    "incomeBeforeTax": 159000000,
    "incomeBeforeTaxRatio": 0.0398396392,
    "incomeTaxExpense": 61000000,
    "netIncome": 98000000,
    "netIncomeRatio": 0.0245552493,
    "eps": 0.13,
    "epsdiluted": 0.13,
    "weightedAverageShsOut": 771000000,
    "weightedAverageShsOutDil": 772000000,
    "link": "https://www.sec.gov/Archives/edgar/data/92380/000009238012000016/0000092380-12-000016-index.htm",
    "finalLink": "https://www.sec.gov/Archives/edgar/data/92380/000009238012000016/form10q.htm"
  },
  {
    "date": "2011-12-31",
    "symbol": "LUV",
    "reportedCurrency": "USD",
    "cik": "0000092380",
    "fillingDate": "2012-02-09",
    "acceptedDate": "2012-02-09 17:23:28",
    "calendarYear": "2011",
    "period": "Q4",
    "revenue": 4108000000,
    "costOfRevenue": 2080000000,
    "grossProfit": 2028000000,
    "grossProfitRatio": 0.4936708861,
    "researchAndDevelopmentExpenses": 0,
    "generalAndAdministrativeExpenses": 1145000000,
    "sellingAndMarketingExpenses": 0,
    "sellingGeneralAndAdministrativeExpenses": 1145000000,
    "otherExpenses": 736000000,
    "operatingExpenses": 1881000000,
    "costAndExpenses": 3961000000,
    "interestIncome": 2000000,
    "interestExpense": 47000000,
    "depreciationAndAmortization": 192000000,
    "ebitda": 494000000,
    "ebitdaratio": 0.1202531646,
    "operatingIncome": 147000000,
    "operatingIncomeRatio": 0.0357838364,
    "totalOtherIncomeExpensesNet": 108000000,
    "incomeBeforeTax": 255000000,
    "incomeBeforeTaxRatio": 0.0620740019,
    "incomeTaxExpense": 103000000,
    "netIncome": 152000000,
    "netIncomeRatio": 0.0370009737,
    "eps": 0.2,
    "epsdiluted": 0.2,
    "weightedAverageShsOut": 771000000,
    "weightedAverageShsOutDil": 771000000,
    "link": "https://www.sec.gov/Archives/edgar/data/92380/000119312512049647/0001193125-12-049647-index.htm",
    "finalLink": "https://www.sec.gov/Archives/edgar/data/92380/000119312512049647/d293991d10k.htm"
  },
  {
    "date": "2011-09-30",
    "symbol": "LUV",
    "reportedCurrency": "USD",
    "cik": "0000092380",
    "fillingDate": "2011-10-25",
    "acceptedDate": "2011-10-24 20:00:18",
    "calendarYear": "2011",
    "period": "Q3",
    "revenue": 4311000000,
    "costOfRevenue": 2205000000,
    "grossProfit": 2106000000,
    "grossProfitRatio": 0.4885177453,
    "researchAndDevelopmentExpenses": 0,
    "generalAndAdministrativeExpenses": 1668000000,
    "sellingAndMarketingExpenses": 0,
    "sellingGeneralAndAdministrativeExpenses": 1668000000,
    "otherExpenses": 213000000,
    "operatingExpenses": 1881000000,
    "costAndExpenses": 4086000000,
    "interestIncome": 1000000,
    "interestExpense": 47000000,
    "depreciationAndAmortization": 191000000,
    "ebitda": 12000000,
    "ebitdaratio": 0.0027835769,
    "operatingIncome": 225000000,
    "operatingIncomeRatio": 0.0521920668,
    "totalOtherIncomeExpensesNet": -451000000,
    "incomeBeforeTax": -226000000,
    "incomeBeforeTaxRatio": -0.0524240315,
    "incomeTaxExpense": -86000000,
    "netIncome": -140000000,
    "netIncomeRatio": -0.0324750638,
    "eps": -0.18,
    "epsdiluted": -0.18,
    "weightedAverageShsOut": 792000000,
    "weightedAverageShsOutDil": 792000000,
    "link": "https://www.sec.gov/Archives/edgar/data/92380/000009238011000088/0000092380-11-000088-index.htm",
    "finalLink": "https://www.sec.gov/Archives/edgar/data/92380/000009238011000088/form10q.htm"
  },
  {
    "date": "2011-06-30",
    "symbol": "LUV",
    "reportedCurrency": "USD",
    "cik": "0000092380",
    "fillingDate": "2011-08-05",
    "acceptedDate": "2011-08-05 16:59:57",
    "calendarYear": "2011",
    "period": "Q2",
    "revenue": 4136000000,
    "costOfRevenue": 2099000000,
    "grossProfit": 2037000000,
    "grossProfitRatio": 0.4925048356,
    "researchAndDevelopmentExpenses": 0,
    "generalAndAdministrativeExpenses": 1596000000,
    "sellingAndMarketingExpenses": 0,
    "sellingGeneralAndAdministrativeExpenses": 1596000000,
    "otherExpenses": 234000000,
    "operatingExpenses": 1830000000,
    "costAndExpenses": 3929000000,
    "interestIncome": 4000000,
    "interestExpense": 49000000,
    "depreciationAndAmortization": 176000000,
    "ebitda": 500000000,
    "ebitdaratio": 0.1208897485,
    "operatingIncome": 207000000,
    "operatingIncomeRatio": 0.0500483559,
    "totalOtherIncomeExpensesNet": 68000000,
    "incomeBeforeTax": 275000000,
    "incomeBeforeTaxRatio": 0.0664893617,
    "incomeTaxExpense": 114000000,
    "netIncome": 161000000,
    "netIncomeRatio": 0.038926499,
    "eps": 0.21,
    "epsdiluted": 0.2,
    "weightedAverageShsOut": 780000000,
    "weightedAverageShsOutDil": 787000000,
    "link": "https://www.sec.gov/Archives/edgar/data/92380/000009238011000070/0000092380-11-000070-index.htm",
    "finalLink": "https://www.sec.gov/Archives/edgar/data/92380/000009238011000070/form10q.htm"
  },
  {
    "date": "2011-03-31",
    "symbol": "LUV",
    "reportedCurrency": "USD",
    "cik": "0000092380",
    "fillingDate": "2011-04-25",
    "acceptedDate": "2011-04-22 19:38:51",
    "calendarYear": "2011",
    "period": "Q1",
    "revenue": 3103000000,
    "costOfRevenue": 1484000000,
    "grossProfit": 1619000000,
    "grossProfitRatio": 0.5217531421,
    "researchAndDevelopmentExpenses": 0,
    "generalAndAdministrativeExpenses": 1333000000,
    "sellingAndMarketingExpenses": 0,
    "sellingGeneralAndAdministrativeExpenses": 1333000000,
    "otherExpenses": 172000000,
    "operatingExpenses": 1505000000,
    "costAndExpenses": 2989000000,
    "interestIncome": 3000000,
    "interestExpense": 40000000,
    "depreciationAndAmortization": 155000000,
    "ebitda": 213000000,
    "ebitdaratio": 0.0686432485,
    "operatingIncome": 114000000,
    "operatingIncomeRatio": 0.03673864,
    "totalOtherIncomeExpensesNet": -96000000,
    "incomeBeforeTax": 18000000,
    "incomeBeforeTaxRatio": 0.0058008379,
    "incomeTaxExpense": 13000000,
    "netIncome": 5000000,
    "netIncomeRatio": 0.0016113439,
    "eps": 0.0067,
    "epsdiluted": 0.0067,
    "weightedAverageShsOut": 748000000,
    "weightedAverageShsOutDil": 749000000,
    "link": "https://www.sec.gov/Archives/edgar/data/92380/000009238011000020/0000092380-11-000020-index.htm",
    "finalLink": "https://www.sec.gov/Archives/edgar/data/92380/000009238011000020/form10q.htm"
  },
  {
    "date": "2010-12-31",
    "symbol": "LUV",
    "reportedCurrency": "USD",
    "cik": "0000092380",
    "fillingDate": "2011-02-08",
    "acceptedDate": "2011-02-07 19:13:03",
    "calendarYear": "2010",
    "period": "Q4",
    "revenue": 3114000000,
    "costOfRevenue": 2862000000,
    "grossProfit": 252000000,
    "grossProfitRatio": 0.0809248555,
    "researchAndDevelopmentExpenses": 0,
    "generalAndAdministrativeExpenses": 956000000,
    "sellingAndMarketingExpenses": 0,
    "sellingGeneralAndAdministrativeExpenses": 956000000,
    "otherExpenses": -920000000,
    "operatingExpenses": 36000000,
    "costAndExpenses": 2898000000,
    "interestIncome": 3000000,
    "interestExpense": 38000000,
    "depreciationAndAmortization": 159000000,
    "ebitda": 410000000,
    "ebitdaratio": 0.1316634554,
    "operatingIncome": 216000000,
    "operatingIncomeRatio": 0.0693641618,
    "totalOtherIncomeExpensesNet": -3000000,
    "incomeBeforeTax": 213000000,
    "incomeBeforeTaxRatio": 0.0684007707,
    "incomeTaxExpense": 82000000,
    "netIncome": 131000000,
    "netIncomeRatio": 0.0420680796,
    "eps": 0.18,
    "epsdiluted": 0.18,
    "weightedAverageShsOut": 748000000,
    "weightedAverageShsOutDil": 748000000,
    "link": "https://www.sec.gov/Archives/edgar/data/92380/000119312511026045/0001193125-11-026045-index.htm",
    "finalLink": "https://www.sec.gov/Archives/edgar/data/92380/000119312511026045/d10k.htm"
  },
  {
    "date": "2010-09-30",
    "symbol": "LUV",
    "reportedCurrency": "USD",
    "cik": "0000092380",
    "fillingDate": "2010-10-22",
    "acceptedDate": "2010-10-22 16:43:00",
    "calendarYear": "2010",
    "period": "Q3",
    "revenue": 3192000000,
    "costOfRevenue": 1375000000,
    "grossProfit": 1817000000,
    "grossProfitRatio": 0.569235589,
    "researchAndDevelopmentExpenses": 0,
    "generalAndAdministrativeExpenses": 938000000,
    "sellingAndMarketingExpenses": 0,
    "sellingGeneralAndAdministrativeExpenses": 938000000,
    "otherExpenses": 524000000,
    "operatingExpenses": 1462000000,
    "costAndExpenses": 2837000000,
    "interestIncome": 2000000,
    "interestExpense": 38000000,
    "depreciationAndAmortization": 161000000,
    "ebitda": 531000000,
    "ebitdaratio": 0.1663533835,
    "operatingIncome": 355000000,
    "operatingIncomeRatio": 0.1112155388,
    "totalOtherIncomeExpensesNet": -23000000,
    "incomeBeforeTax": 332000000,
    "incomeBeforeTaxRatio": 0.1040100251,
    "incomeTaxExpense": 127000000,
    "netIncome": 205000000,
    "netIncomeRatio": 0.0642230576,
    "eps": 0.27,
    "epsdiluted": 0.27,
    "weightedAverageShsOut": 746000000,
    "weightedAverageShsOutDil": 747000000,
    "link": "https://www.sec.gov/Archives/edgar/data/92380/000009238010000099/0000092380-10-000099-index.htm",
    "finalLink": "https://www.sec.gov/Archives/edgar/data/92380/000009238010000099/form10q.htm"
  },
  {
    "date": "2010-06-30",
    "symbol": "LUV",
    "reportedCurrency": "USD",
    "cik": "0000092380",
    "fillingDate": "2010-08-02",
    "acceptedDate": "2010-07-30 18:20:42",
    "calendarYear": "2010",
    "period": "Q2",
    "revenue": 3168000000,
    "costOfRevenue": 1378000000,
    "grossProfit": 1790000000,
    "grossProfitRatio": 0.5650252525,
    "researchAndDevelopmentExpenses": 0,
    "generalAndAdministrativeExpenses": 1273000000,
    "sellingAndMarketingExpenses": 0,
    "sellingGeneralAndAdministrativeExpenses": 1273000000,
    "otherExpenses": 154000000,
    "operatingExpenses": 1427000000,
    "costAndExpenses": 2805000000,
    "interestIncome": 9000000,
    "interestExpense": 37000000,
    "depreciationAndAmortization": 154000000,
    "ebitda": 375000000,
    "ebitdaratio": 0.1183712121,
    "operatingIncome": 363000000,
    "operatingIncomeRatio": 0.1145833333,
    "totalOtherIncomeExpensesNet": -179000000,
    "incomeBeforeTax": 184000000,
    "incomeBeforeTaxRatio": 0.0580808081,
    "incomeTaxExpense": 72000000,
    "netIncome": 112000000,
    "netIncomeRatio": 0.0353535354,
    "eps": 0.15,
    "epsdiluted": 0.15,
    "weightedAverageShsOut": 745000000,
    "weightedAverageShsOutDil": 746000000,
    "link": "https://www.sec.gov/Archives/edgar/data/92380/000009238010000079/0000092380-10-000079-index.htm",
    "finalLink": "https://www.sec.gov/Archives/edgar/data/92380/000009238010000079/form10q.htm"
  },
  {
    "date": "2010-03-31",
    "symbol": "LUV",
    "reportedCurrency": "USD",
    "cik": "0000092380",
    "fillingDate": "2010-04-26",
    "acceptedDate": "2010-04-23 21:10:28",
    "calendarYear": "2010",
    "period": "Q1",
    "revenue": 2630000000,
    "costOfRevenue": 1224000000,
    "grossProfit": 1406000000,
    "grossProfitRatio": 0.5346007605,
    "researchAndDevelopmentExpenses": 0,
    "generalAndAdministrativeExpenses": 1198000000,
    "sellingAndMarketingExpenses": 0,
    "sellingGeneralAndAdministrativeExpenses": 1198000000,
    "otherExpenses": 154000000,
    "operatingExpenses": 1352000000,
    "costAndExpenses": 2576000000,
    "interestIncome": 3000000,
    "interestExpense": 36000000,
    "depreciationAndAmortization": 154000000,
    "ebitda": 207000000,
    "ebitdaratio": 0.0787072243,
    "operatingIncome": 54000000,
    "operatingIncomeRatio": 0.0205323194,
    "totalOtherIncomeExpensesNet": -37000000,
    "incomeBeforeTax": 17000000,
    "incomeBeforeTaxRatio": 0.0064638783,
    "incomeTaxExpense": 6000000,
    "netIncome": 11000000,
    "netIncomeRatio": 0.0041825095,
    "eps": 0.0148,
    "epsdiluted": 0.0148,
    "weightedAverageShsOut": 743000000,
    "weightedAverageShsOutDil": 744000000,
    "link": "https://www.sec.gov/Archives/edgar/data/92380/000009238010000032/0000092380-10-000032-index.htm",
    "finalLink": "https://www.sec.gov/Archives/edgar/data/92380/000009238010000032/form10q.htm"
  },
  {
    "date": "2009-12-31",
    "symbol": "LUV",
    "reportedCurrency": "USD",
    "cik": "0000092380",
    "fillingDate": "2010-01-29",
    "acceptedDate": "2010-01-29 17:14:04",
    "calendarYear": "2009",
    "period": "Q4",
    "revenue": 2712000000,
    "costOfRevenue": 729000000,
    "grossProfit": 1983000000,
    "grossProfitRatio": 0.7311946903,
    "researchAndDevelopmentExpenses": 0,
    "generalAndAdministrativeExpenses": 861000000,
    "sellingAndMarketingExpenses": 0,
    "sellingGeneralAndAdministrativeExpenses": 861000000,
    "otherExpenses": 955000000,
    "operatingExpenses": 1816000000,
    "costAndExpenses": 2545000000,
    "interestIncome": 2000000,
    "interestExpense": 41000000,
    "depreciationAndAmortization": 154000000,
    "ebitda": 379000000,
    "ebitdaratio": 0.1397492625,
    "operatingIncome": 167000000,
    "operatingIncomeRatio": 0.0615781711,
    "totalOtherIncomeExpensesNet": 17000000,
    "incomeBeforeTax": 184000000,
    "incomeBeforeTaxRatio": 0.0678466077,
    "incomeTaxExpense": 69000000,
    "netIncome": 115000000,
    "netIncomeRatio": 0.0424041298,
    "eps": 0.15,
    "epsdiluted": 0.15,
    "weightedAverageShsOut": 741000000,
    "weightedAverageShsOutDil": 743000000,
    "link": "https://www.sec.gov/Archives/edgar/data/92380/000119312510017191/0001193125-10-017191-index.htm",
    "finalLink": "https://www.sec.gov/Archives/edgar/data/92380/000119312510017191/d10k.htm"
  },
  {
    "date": "2009-09-30",
    "symbol": "LUV",
    "reportedCurrency": "USD",
    "cik": "0000092380",
    "fillingDate": "2009-10-23",
    "acceptedDate": "2009-10-22 18:49:52",
    "calendarYear": "2009",
    "period": "Q3",
    "revenue": 2666000000,
    "costOfRevenue": 771000000,
    "grossProfit": 1895000000,
    "grossProfitRatio": 0.7108027007,
    "researchAndDevelopmentExpenses": 0,
    "generalAndAdministrativeExpenses": 909000000,
    "sellingAndMarketingExpenses": 0,
    "sellingGeneralAndAdministrativeExpenses": 909000000,
    "otherExpenses": 964000000,
    "operatingExpenses": 1873000000,
    "costAndExpenses": 2644000000,
    "interestIncome": 3000000,
    "interestExpense": 43000000,
    "depreciationAndAmortization": 162000000,
    "ebitda": 185000000,
    "ebitdaratio": 0.0693923481,
    "operatingIncome": 22000000,
    "operatingIncomeRatio": 0.008252063,
    "totalOtherIncomeExpensesNet": -42000000,
    "incomeBeforeTax": -20000000,
    "incomeBeforeTaxRatio": -0.0075018755,
    "incomeTaxExpense": -4000000,
    "netIncome": -16000000,
    "netIncomeRatio": -0.0060015004,
    "eps": -0.0216,
    "epsdiluted": -0.0216,
    "weightedAverageShsOut": 742000000,
    "weightedAverageShsOutDil": 742000000,
    "link": "https://www.sec.gov/Archives/edgar/data/92380/000009238009000048/0000092380-09-000048-index.htm",
    "finalLink": "https://www.sec.gov/Archives/edgar/data/92380/000009238009000048/form10q.htm"
  },
  {
    "date": "2009-06-30",
    "symbol": "LUV",
    "reportedCurrency": "USD",
    "cik": "0000092380",
    "fillingDate": "2009-07-23",
    "acceptedDate": "2009-07-23 13:53:24",
    "calendarYear": "2009",
    "period": "Q2",
    "revenue": 2616000000,
    "costOfRevenue": 690000000,
    "grossProfit": 1926000000,
    "grossProfitRatio": 0.7362385321,
    "researchAndDevelopmentExpenses": 0,
    "generalAndAdministrativeExpenses": 863000000,
    "sellingAndMarketingExpenses": 0,
    "sellingGeneralAndAdministrativeExpenses": 863000000,
    "otherExpenses": 940000000,
    "operatingExpenses": 1803000000,
    "costAndExpenses": 2493000000,
    "interestIncome": 3000000,
    "interestExpense": 47000000,
    "depreciationAndAmortization": 150000000,
    "ebitda": 304000000,
    "ebitdaratio": 0.1162079511,
    "operatingIncome": 123000000,
    "operatingIncomeRatio": 0.0470183486,
    "totalOtherIncomeExpensesNet": -16000000,
    "incomeBeforeTax": 107000000,
    "incomeBeforeTaxRatio": 0.0409021407,
    "incomeTaxExpense": 16000000,
    "netIncome": 54000000,
    "netIncomeRatio": 0.0206422018,
    "eps": 0.0729,
    "epsdiluted": 0.0729,
    "weightedAverageShsOut": 741000000,
    "weightedAverageShsOutDil": 741000000,
    "link": "https://www.sec.gov/Archives/edgar/data/92380/000009238009000027/0000092380-09-000027-index.htm",
    "finalLink": "https://www.sec.gov/Archives/edgar/data/92380/000009238009000027/form10q.htm"
  },
  {
    "date": "2009-03-31",
    "symbol": "LUV",
    "reportedCurrency": "USD",
    "cik": "0000092380",
    "fillingDate": "2009-04-20",
    "acceptedDate": "2009-04-17 19:29:53",
    "calendarYear": "2009",
    "period": "Q1",
    "revenue": 2357000000,
    "costOfRevenue": 671000000,
    "grossProfit": 1686000000,
    "grossProfitRatio": 0.7153160798,
    "researchAndDevelopmentExpenses": 0,
    "generalAndAdministrativeExpenses": 836000000,
    "sellingAndMarketingExpenses": 0,
    "sellingGeneralAndAdministrativeExpenses": 836000000,
    "otherExpenses": 900000000,
    "operatingExpenses": 1736000000,
    "costAndExpenses": 2407000000,
    "interestIncome": 10000000,
    "interestExpense": 38000000,
    "depreciationAndAmortization": 150000000,
    "ebitda": 81000000,
    "ebitdaratio": 0.0343657191,
    "operatingIncome": -50000000,
    "operatingIncomeRatio": -0.0212134069,
    "totalOtherIncomeExpensesNet": -57000000,
    "incomeBeforeTax": -107000000,
    "incomeBeforeTaxRatio": -0.0453966907,
    "incomeTaxExpense": -16000000,
    "netIncome": -91000000,
    "netIncomeRatio": -0.0386084005,
    "eps": -0.12,
    "epsdiluted": -0.12,
    "weightedAverageShsOut": 740000000,
    "weightedAverageShsOutDil": 740000000,
    "link": "https://www.sec.gov/Archives/edgar/data/92380/000009238009000016/0000092380-09-000016-index.htm",
    "finalLink": "https://www.sec.gov/Archives/edgar/data/92380/000009238009000016/form10q.htm"
  },
  {
    "date": "2008-12-31",
    "symbol": "LUV",
    "reportedCurrency": "USD",
    "cik": "0000092380",
    "fillingDate": "2009-02-02",
    "acceptedDate": "2009-01-30 19:54:01",
    "calendarYear": "2008",
    "period": "Q4",
    "revenue": 2734000000,
    "costOfRevenue": 1061000000,
    "grossProfit": 1673000000,
    "grossProfitRatio": 0.611923921,
    "researchAndDevelopmentExpenses": 0,
    "generalAndAdministrativeExpenses": 846000000,
    "sellingAndMarketingExpenses": 0,
    "sellingGeneralAndAdministrativeExpenses": 846000000,
    "otherExpenses": 758000000,
    "operatingExpenses": 1604000000,
    "costAndExpenses": 2665000000,
    "interestIncome": 13000000,
    "interestExpense": 35000000,
    "depreciationAndAmortization": 154000000,
    "ebitda": 106000000,
    "ebitdaratio": 0.0387710315,
    "operatingIncome": 69000000,
    "operatingIncomeRatio": 0.0252377469,
    "totalOtherIncomeExpensesNet": -152000000,
    "incomeBeforeTax": -83000000,
    "incomeBeforeTaxRatio": -0.0303584492,
    "incomeTaxExpense": -27000000,
    "netIncome": -56000000,
    "netIncomeRatio": -0.0204828091,
    "eps": -0.0759,
    "epsdiluted": -0.0757,
    "weightedAverageShsOut": 738000000,
    "weightedAverageShsOutDil": 740000000,
    "link": "https://www.sec.gov/Archives/edgar/data/92380/000119312509015591/0001193125-09-015591-index.htm",
    "finalLink": "https://www.sec.gov/Archives/edgar/data/92380/000119312509015591/d10k.htm"
  },
  {
    "date": "2008-09-30",
    "symbol": "LUV",
    "reportedCurrency": "USD",
    "cik": "0000092380",
    "fillingDate": "2008-10-20",
    "acceptedDate": "2008-10-17 19:32:32",
    "calendarYear": "2008",
    "period": "Q3",
    "revenue": 2891000000,
    "costOfRevenue": 1036000000,
    "grossProfit": 1855000000,
    "grossProfitRatio": 0.6416464891,
    "researchAndDevelopmentExpenses": 0,
    "generalAndAdministrativeExpenses": 856000000,
    "sellingAndMarketingExpenses": 0,
    "sellingGeneralAndAdministrativeExpenses": 856000000,
    "otherExpenses": 913000000,
    "operatingExpenses": 1769000000,
    "costAndExpenses": 2805000000,
    "interestIncome": 13000000,
    "interestExpense": 29000000,
    "depreciationAndAmortization": 152000000,
    "ebitda": -24000000,
    "ebitdaratio": -0.0083016257,
    "operatingIncome": 86000000,
    "operatingIncomeRatio": 0.0297474922,
    "totalOtherIncomeExpensesNet": -291000000,
    "incomeBeforeTax": -205000000,
    "incomeBeforeTaxRatio": -0.0709097198,
    "incomeTaxExpense": -85000000,
    "netIncome": -120000000,
    "netIncomeRatio": -0.0415081287,
    "eps": -0.16,
    "epsdiluted": -0.16,
    "weightedAverageShsOut": 736000000,
    "weightedAverageShsOutDil": 736000000,
    "link": "https://www.sec.gov/Archives/edgar/data/92380/000009238008000018/0000092380-08-000018-index.htm",
    "finalLink": "https://www.sec.gov/Archives/edgar/data/92380/000009238008000018/form10q.htm"
  },
  {
    "date": "2008-06-30",
    "symbol": "LUV",
    "reportedCurrency": "USD",
    "cik": "0000092380",
    "fillingDate": "2008-07-28",
    "acceptedDate": "2008-07-25 19:32:10",
    "calendarYear": "2008",
    "period": "Q2",
    "revenue": 2869000000,
    "costOfRevenue": 939000000,
    "grossProfit": 1930000000,
    "grossProfitRatio": 0.6727082607,
    "researchAndDevelopmentExpenses": 0,
    "generalAndAdministrativeExpenses": 839000000,
    "sellingAndMarketingExpenses": 0,
    "sellingGeneralAndAdministrativeExpenses": 839000000,
    "otherExpenses": 886000000,
    "operatingExpenses": 1725000000,
    "costAndExpenses": 2664000000,
    "interestIncome": 11000000,
    "interestExpense": 26000000,
    "depreciationAndAmortization": 148000000,
    "ebitda": 703000000,
    "ebitdaratio": 0.2450331126,
    "operatingIncome": 205000000,
    "operatingIncomeRatio": 0.0714534681,
    "totalOtherIncomeExpensesNet": 324000000,
    "incomeBeforeTax": 529000000,
    "incomeBeforeTaxRatio": 0.1843848031,
    "incomeTaxExpense": 208000000,
    "netIncome": 321000000,
    "netIncomeRatio": 0.1118856745,
    "eps": 0.44,
    "epsdiluted": 0.44,
    "weightedAverageShsOut": 732000000,
    "weightedAverageShsOutDil": 737000000,
    "link": "https://www.sec.gov/Archives/edgar/data/92380/000009238008000014/0000092380-08-000014-index.htm",
    "finalLink": "https://www.sec.gov/Archives/edgar/data/92380/000009238008000014/form10q.htm"
  },
  {
    "date": "2008-03-31",
    "symbol": "LUV",
    "reportedCurrency": "USD",
    "cik": "0000092380",
    "fillingDate": "2008-04-21",
    "acceptedDate": "2008-04-18 18:32:54",
    "calendarYear": "2008",
    "period": "Q1",
    "revenue": 2530000000,
    "costOfRevenue": 734000000,
    "grossProfit": 1796000000,
    "grossProfitRatio": 0.7098814229,
    "researchAndDevelopmentExpenses": 0,
    "generalAndAdministrativeExpenses": 800000000,
    "sellingAndMarketingExpenses": 0,
    "sellingGeneralAndAdministrativeExpenses": 800000000,
    "otherExpenses": 908000000,
    "operatingExpenses": 1708000000,
    "costAndExpenses": 2442000000,
    "interestIncome": 15000000,
    "interestExpense": 28000000,
    "depreciationAndAmortization": 145000000,
    "ebitda": 210000000,
    "ebitdaratio": 0.0830039526,
    "operatingIncome": 88000000,
    "operatingIncomeRatio": 0.0347826087,
    "totalOtherIncomeExpensesNet": -51000000,
    "incomeBeforeTax": 37000000,
    "incomeBeforeTaxRatio": 0.0146245059,
    "incomeTaxExpense": 3000000,
    "netIncome": 34000000,
    "netIncomeRatio": 0.0134387352,
    "eps": 0.0464,
    "epsdiluted": 0.0463,
    "weightedAverageShsOut": 733000000,
    "weightedAverageShsOutDil": 734000000,
    "link": "https://www.sec.gov/Archives/edgar/data/92380/000009238008000009/0000092380-08-000009-index.htm",
    "finalLink": "https://www.sec.gov/Archives/edgar/data/92380/000009238008000009/form10q.htm"
  },
  {
    "date": "2007-12-31",
    "symbol": "LUV",
    "reportedCurrency": "USD",
    "cik": "0000092380",
    "fillingDate": "2008-02-04",
    "acceptedDate": "2008-02-04 12:25:23",
    "calendarYear": "2007",
    "period": "Q4",
    "revenue": 2492000000,
    "costOfRevenue": 1599000000,
    "grossProfit": 893000000,
    "grossProfitRatio": 0.3583467095,
    "researchAndDevelopmentExpenses": 0,
    "generalAndAdministrativeExpenses": 978000000,
    "sellingAndMarketingExpenses": 0,
    "sellingGeneralAndAdministrativeExpenses": 978000000,
    "otherExpenses": -212000000,
    "operatingExpenses": 766000000,
    "costAndExpenses": 2365000000,
    "interestIncome": 0,
    "interestExpense": 0,
    "depreciationAndAmortization": 144000000,
    "ebitda": -1506000000,
    "ebitdaratio": -0.6043338684,
    "operatingIncome": 127000000,
    "operatingIncomeRatio": 0.0509630819,
    "totalOtherIncomeExpensesNet": 57000000,
    "incomeBeforeTax": 184000000,
    "incomeBeforeTaxRatio": 0.0738362761,
    "incomeTaxExpense": 72000000,
    "netIncome": 112000000,
    "netIncomeRatio": 0.0449438202,
    "eps": 0.15,
    "epsdiluted": 0.15,
    "weightedAverageShsOut": 733000000,
    "weightedAverageShsOutDil": 733000000,
    "link": "https://www.sec.gov/Archives/edgar/data/92380/000095013408001572/0000950134-08-001572-index.htm",
    "finalLink": "https://www.sec.gov/Archives/edgar/data/92380/000095013408001572/d53331e10vk.htm"
  },
  {
    "date": "2007-09-30",
    "symbol": "LUV",
    "reportedCurrency": "USD",
    "cik": "0000092380",
    "fillingDate": "2007-10-22",
    "acceptedDate": "2007-10-19 18:11:35",
    "calendarYear": "2007",
    "period": "Q3",
    "revenue": 2588000000,
    "costOfRevenue": 637000000,
    "grossProfit": 1951000000,
    "grossProfitRatio": 0.7538639876,
    "researchAndDevelopmentExpenses": 0,
    "generalAndAdministrativeExpenses": 832000000,
    "sellingAndMarketingExpenses": 0,
    "sellingGeneralAndAdministrativeExpenses": 832000000,
    "otherExpenses": 868000000,
    "operatingExpenses": 1700000000,
    "costAndExpenses": 2337000000,
    "interestIncome": 22000000,
    "interestExpense": 28000000,
    "depreciationAndAmortization": 139000000,
    "ebitda": 445000000,
    "ebitdaratio": 0.1719474498,
    "operatingIncome": 251000000,
    "operatingIncomeRatio": 0.0969860896,
    "totalOtherIncomeExpensesNet": 26000000,
    "incomeBeforeTax": 277000000,
    "incomeBeforeTaxRatio": 0.1070324575,
    "incomeTaxExpense": 115000000,
    "netIncome": 162000000,
    "netIncomeRatio": 0.0625965997,
    "eps": 0.22,
    "epsdiluted": 0.22,
    "weightedAverageShsOut": 739000000,
    "weightedAverageShsOutDil": 752000000,
    "link": "https://www.sec.gov/Archives/edgar/data/92380/000009238007000034/0000092380-07-000034-index.htm",
    "finalLink": "https://www.sec.gov/Archives/edgar/data/92380/000009238007000034/form10q.htm"
  },
  {
    "date": "2007-06-30",
    "symbol": "LUV",
    "reportedCurrency": "USD",
    "cik": "0000092380",
    "fillingDate": "2007-07-20",
    "acceptedDate": "2007-07-19 20:39:14",
    "calendarYear": "2007",
    "period": "Q2",
    "revenue": 2583000000,
    "costOfRevenue": 581000000,
    "grossProfit": 2002000000,
    "grossProfitRatio": 0.7750677507,
    "researchAndDevelopmentExpenses": 0,
    "generalAndAdministrativeExpenses": 814000000,
    "sellingAndMarketingExpenses": 0,
    "sellingGeneralAndAdministrativeExpenses": 814000000,
    "otherExpenses": 860000000,
    "operatingExpenses": 1674000000,
    "costAndExpenses": 2255000000,
    "interestIncome": 28000000,
    "interestExpense": 29000000,
    "depreciationAndAmortization": 137000000,
    "ebitda": 613000000,
    "ebitdaratio": 0.2373209446,
    "operatingIncome": 328000000,
    "operatingIncomeRatio": 0.126984127,
    "totalOtherIncomeExpensesNet": 119000000,
    "incomeBeforeTax": 447000000,
    "incomeBeforeTaxRatio": 0.1730545877,
    "incomeTaxExpense": 169000000,
    "netIncome": 278000000,
    "netIncomeRatio": 0.1076267906,
    "eps": 0.36,
    "epsdiluted": 0.36,
    "weightedAverageShsOut": 769000000,
    "weightedAverageShsOutDil": 780000000,
    "link": "https://www.sec.gov/Archives/edgar/data/92380/000009238007000024/0000092380-07-000024-index.htm",
    "finalLink": "https://www.sec.gov/Archives/edgar/data/92380/000009238007000024/form10q.htm"
  },
  {
    "date": "2007-03-31",
    "symbol": "LUV",
    "reportedCurrency": "USD",
    "cik": "0000092380",
    "fillingDate": "2007-04-23",
    "acceptedDate": "2007-04-20 18:06:45",
    "calendarYear": "2007",
    "period": "Q1",
    "revenue": 2198000000,
    "costOfRevenue": 1387000000,
    "grossProfit": 811000000,
    "grossProfitRatio": 0.3689717925,
    "researchAndDevelopmentExpenses": 0,
    "generalAndAdministrativeExpenses": 942000000,
    "sellingAndMarketingExpenses": 0,
    "sellingGeneralAndAdministrativeExpenses": 942000000,
    "otherExpenses": -215000000,
    "operatingExpenses": 727000000,
    "costAndExpenses": 2114000000,
    "interestIncome": 0,
    "interestExpense": 0,
    "depreciationAndAmortization": 135000000,
    "ebitda": 219000000,
    "ebitdaratio": 0.0996360328,
    "operatingIncome": 84000000,
    "operatingIncomeRatio": 0.0382165605,
    "totalOtherIncomeExpensesNet": 65000000,
    "incomeBeforeTax": 149000000,
    "incomeBeforeTaxRatio": 0.067788899,
    "incomeTaxExpense": 56000000,
    "netIncome": 93000000,
    "netIncomeRatio": 0.042311192,
    "eps": 0.12,
    "epsdiluted": 0.12,
    "weightedAverageShsOut": 786000000,
    "weightedAverageShsOutDil": 800000000,
    "link": "https://www.sec.gov/Archives/edgar/data/92380/000009238007000014/0000092380-07-000014-index.htm",
    "finalLink": "https://www.sec.gov/Archives/edgar/data/92380/000009238007000014/form10-q.htm"
  },
  {
    "date": "2006-12-31",
    "symbol": "LUV",
    "reportedCurrency": "USD",
    "cik": "0000092380",
    "fillingDate": "2007-02-01",
    "acceptedDate": "2007-02-01 06:03:01",
    "calendarYear": "2006",
    "period": "Q4",
    "revenue": 2276000000,
    "costOfRevenue": 1349000000,
    "grossProfit": 927000000,
    "grossProfitRatio": 0.4072934974,
    "researchAndDevelopmentExpenses": 0,
    "generalAndAdministrativeExpenses": 939000000,
    "sellingAndMarketingExpenses": 0,
    "sellingGeneralAndAdministrativeExpenses": 939000000,
    "otherExpenses": -186000000,
    "operatingExpenses": 753000000,
    "costAndExpenses": 2102000000,
    "interestIncome": 0,
    "interestExpense": 0,
    "depreciationAndAmortization": 134000000,
    "ebitda": -1201000000,
    "ebitdaratio": -0.5276801406,
    "operatingIncome": 174000000,
    "operatingIncomeRatio": 0.0764499121,
    "totalOtherIncomeExpensesNet": -73000000,
    "incomeBeforeTax": 101000000,
    "incomeBeforeTaxRatio": 0.0443760984,
    "incomeTaxExpense": 44000000,
    "netIncome": 57000000,
    "netIncomeRatio": 0.0250439367,
    "eps": 0.0725,
    "epsdiluted": 0.0725,
    "weightedAverageShsOut": 780253968,
    "weightedAverageShsOutDil": 786000000,
    "link": "https://www.sec.gov/Archives/edgar/data/92380/000095013407001724/0000950134-07-001724-index.htm",
    "finalLink": "https://www.sec.gov/Archives/edgar/data/92380/000095013407001724/d42975e10vk.htm"
  },
  {
    "date": "2006-09-30",
    "symbol": "LUV",
    "reportedCurrency": "USD",
    "cik": "0000092380",
    "fillingDate": "2006-10-20",
    "acceptedDate": "2006-10-20 17:07:15",
    "calendarYear": "2006",
    "period": "Q3",
    "revenue": 2342000000,
    "costOfRevenue": 1346000000,
    "grossProfit": 996000000,
    "grossProfitRatio": 0.4252775406,
    "researchAndDevelopmentExpenses": 0,
    "generalAndAdministrativeExpenses": 938000000,
    "sellingAndMarketingExpenses": 0,
    "sellingGeneralAndAdministrativeExpenses": 938000000,
    "otherExpenses": -203000000,
    "operatingExpenses": 735000000,
    "costAndExpenses": 2081000000,
    "interestIncome": 0,
    "interestExpense": 0,
    "depreciationAndAmortization": 131000000,
    "ebitda": 392000000,
    "ebitdaratio": 0.1673783091,
    "operatingIncome": 261000000,
    "operatingIncomeRatio": 0.1114432109,
    "totalOtherIncomeExpensesNet": -183000000,
    "incomeBeforeTax": 78000000,
    "incomeBeforeTaxRatio": 0.0333048676,
    "incomeTaxExpense": 30000000,
    "netIncome": 48000000,
    "netIncomeRatio": 0.0204953032,
    "eps": 0.0608,
    "epsdiluted": 0.0585,
    "weightedAverageShsOut": 789000000,
    "weightedAverageShsOutDil": 821000000,
    "link": "https://www.sec.gov/Archives/edgar/data/92380/000009238006000020/0000092380-06-000020-index.htm",
    "finalLink": "https://www.sec.gov/Archives/edgar/data/92380/000009238006000020/form10-q.htm"
  },
  {
    "date": "2006-06-30",
    "symbol": "LUV",
    "reportedCurrency": "USD",
    "cik": "0000092380",
    "fillingDate": "2006-07-21",
    "acceptedDate": "2006-07-20 18:04:57",
    "calendarYear": "2006",
    "period": "Q2",
    "revenue": 2449000000,
    "costOfRevenue": 1299000000,
    "grossProfit": 1150000000,
    "grossProfitRatio": 0.4695794202,
    "researchAndDevelopmentExpenses": 0,
    "generalAndAdministrativeExpenses": 951000000,
    "sellingAndMarketingExpenses": 0,
    "sellingGeneralAndAdministrativeExpenses": 951000000,
    "otherExpenses": -203000000,
    "operatingExpenses": 748000000,
    "costAndExpenses": 2047000000,
    "interestIncome": 0,
    "interestExpense": 0,
    "depreciationAndAmortization": 126000000,
    "ebitda": 529000000,
    "ebitdaratio": 0.2160065333,
    "operatingIncome": 402000000,
    "operatingIncomeRatio": 0.1641486321,
    "totalOtherIncomeExpensesNet": 113000000,
    "incomeBeforeTax": 515000000,
    "incomeBeforeTaxRatio": 0.2102899143,
    "incomeTaxExpense": 182000000,
    "netIncome": 333000000,
    "netIncomeRatio": 0.1359738669,
    "eps": 0.42,
    "epsdiluted": 0.4,
    "weightedAverageShsOut": 798000000,
    "weightedAverageShsOutDil": 825000000,
    "link": "https://www.sec.gov/Archives/edgar/data/92380/000009238006000009/0000092380-06-000009-index.htm",
    "finalLink": "https://www.sec.gov/Archives/edgar/data/92380/000009238006000009/form10-q.htm"
  },
  {
    "date": "2006-03-31",
    "symbol": "LUV",
    "reportedCurrency": "USD",
    "cik": "0000092380",
    "fillingDate": "2006-04-24",
    "acceptedDate": "2006-04-21 18:50:03",
    "calendarYear": "2006",
    "period": "Q1",
    "revenue": 2019000000,
    "costOfRevenue": 1241000000,
    "grossProfit": 778000000,
    "grossProfitRatio": 0.3853392769,
    "researchAndDevelopmentExpenses": 0,
    "generalAndAdministrativeExpenses": 876000000,
    "sellingAndMarketingExpenses": 0,
    "sellingGeneralAndAdministrativeExpenses": 876000000,
    "otherExpenses": -196000000,
    "operatingExpenses": 680000000,
    "costAndExpenses": 1921000000,
    "interestIncome": 0,
    "interestExpense": 0,
    "depreciationAndAmortization": 124000000,
    "ebitda": 222000000,
    "ebitdaratio": 0.1099554235,
    "operatingIncome": 98000000,
    "operatingIncomeRatio": 0.0485388806,
    "totalOtherIncomeExpensesNet": -2000000,
    "incomeBeforeTax": 96000000,
    "incomeBeforeTaxRatio": 0.0475482912,
    "incomeTaxExpense": 35000000,
    "netIncome": 61000000,
    "netIncomeRatio": 0.0302129767,
    "eps": 0.076,
    "epsdiluted": 0.073,
    "weightedAverageShsOut": 803000000,
    "weightedAverageShsOutDil": 836000000,
    "link": "https://www.sec.gov/Archives/edgar/data/92380/000095013406007697/0000950134-06-007697-index.htm",
    "finalLink": "https://www.sec.gov/Archives/edgar/data/92380/000095013406007697/d35241e10vq.htm"
  },
  {
    "date": "2005-12-31",
    "symbol": "LUV",
    "reportedCurrency": "USD",
    "cik": "0000092380",
    "fillingDate": "2006-02-01",
    "acceptedDate": "2006-01-31 20:32:27",
    "calendarYear": "2005",
    "period": "Q4",
    "revenue": 1988000000,
    "costOfRevenue": 1152000000,
    "grossProfit": 836000000,
    "grossProfitRatio": 0.4205231388,
    "researchAndDevelopmentExpenses": 0,
    "generalAndAdministrativeExpenses": 853000000,
    "sellingAndMarketingExpenses": 0,
    "sellingGeneralAndAdministrativeExpenses": 853000000,
    "otherExpenses": -181000000,
    "operatingExpenses": 672000000,
    "costAndExpenses": 1824000000,
    "interestIncome": 0,
    "interestExpense": 0,
    "depreciationAndAmortization": 121000000,
    "ebitda": -1018000000,
    "ebitdaratio": -0.5120724346,
    "operatingIncome": 164000000,
    "operatingIncomeRatio": 0.0824949698,
    "totalOtherIncomeExpensesNet": -28000000,
    "incomeBeforeTax": 136000000,
    "incomeBeforeTaxRatio": 0.0684104628,
    "incomeTaxExpense": 50000000,
    "netIncome": 86000000,
    "netIncomeRatio": 0.0432595573,
    "eps": 0.11,
    "epsdiluted": 0.11,
    "weightedAverageShsOut": 803000000,
    "weightedAverageShsOutDil": 803000000,
    "link": "https://www.sec.gov/Archives/edgar/data/92380/000095013406001553/0000950134-06-001553-index.htm",
    "finalLink": "https://www.sec.gov/Archives/edgar/data/92380/000095013406001553/d32370e10vk.htm"
  },
  {
    "date": "2005-09-30",
    "symbol": "LUV",
    "reportedCurrency": "USD",
    "cik": "0000092380",
    "fillingDate": "2005-10-21",
    "acceptedDate": "2005-10-21 15:32:36",
    "calendarYear": "2005",
    "period": "Q3",
    "revenue": 1989000000,
    "costOfRevenue": 1056000000,
    "grossProfit": 933000000,
    "grossProfitRatio": 0.4690799397,
    "researchAndDevelopmentExpenses": 0,
    "generalAndAdministrativeExpenses": 847000000,
    "sellingAndMarketingExpenses": 0,
    "sellingGeneralAndAdministrativeExpenses": 847000000,
    "otherExpenses": -162000000,
    "operatingExpenses": 685000000,
    "costAndExpenses": 1741000000,
    "interestIncome": 0,
    "interestExpense": 0,
    "depreciationAndAmortization": 121000000,
    "ebitda": 369000000,
    "ebitdaratio": 0.185520362,
    "operatingIncome": 248000000,
    "operatingIncomeRatio": 0.1246857717,
    "totalOtherIncomeExpensesNet": 95000000,
    "incomeBeforeTax": 343000000,
    "incomeBeforeTaxRatio": 0.1724484666,
    "incomeTaxExpense": 133000000,
    "netIncome": 227000000,
    "netIncomeRatio": 0.1141277024,
    "eps": 0.29,
    "epsdiluted": 0.28,
    "weightedAverageShsOut": 789000000,
    "weightedAverageShsOutDil": 802000000,
    "link": "https://www.sec.gov/Archives/edgar/data/92380/000009238005000016/0000092380-05-000016-index.htm",
    "finalLink": "https://www.sec.gov/Archives/edgar/data/92380/000009238005000016/q3_200510q.txt"
  },
  {
    "date": "2005-06-30",
    "symbol": "LUV",
    "reportedCurrency": "USD",
    "cik": "0000092380",
    "fillingDate": "2005-07-20",
    "acceptedDate": "2005-07-20 17:06:34",
    "calendarYear": "2005",
    "period": "Q2",
    "revenue": 1944000000,
    "costOfRevenue": 1040000000,
    "grossProfit": 904000000,
    "grossProfitRatio": 0.4650205761,
    "researchAndDevelopmentExpenses": 0,
    "generalAndAdministrativeExpenses": 823000000,
    "sellingAndMarketingExpenses": 0,
    "sellingGeneralAndAdministrativeExpenses": 823000000,
    "otherExpenses": -175000000,
    "operatingExpenses": 648000000,
    "costAndExpenses": 1688000000,
    "interestIncome": 0,
    "interestExpense": 0,
    "depreciationAndAmortization": 115000000,
    "ebitda": 372000000,
    "ebitdaratio": 0.1913580247,
    "operatingIncome": 256000000,
    "operatingIncomeRatio": 0.1316872428,
    "totalOtherIncomeExpensesNet": -21000000,
    "incomeBeforeTax": 235000000,
    "incomeBeforeTaxRatio": 0.1208847737,
    "incomeTaxExpense": 91000000,
    "netIncome": 159000000,
    "netIncomeRatio": 0.0817901235,
    "eps": 0.2,
    "epsdiluted": 0.2,
    "weightedAverageShsOut": 786000000,
    "weightedAverageShsOutDil": 802000000,
    "link": "https://www.sec.gov/Archives/edgar/data/92380/000009238005000012/0000092380-05-000012-index.htm",
    "finalLink": "https://www.sec.gov/Archives/edgar/data/92380/000009238005000012/q2_200510q.txt"
  },
  {
    "date": "2005-03-31",
    "symbol": "LUV",
    "reportedCurrency": "USD",
    "cik": "0000092380",
    "fillingDate": "2005-04-15",
    "acceptedDate": "2005-04-15 17:02:30",
    "calendarYear": "2005",
    "period": "Q1",
    "revenue": 1663000000,
    "costOfRevenue": 961000000,
    "grossProfit": 702000000,
    "grossProfitRatio": 0.4221286831,
    "researchAndDevelopmentExpenses": 0,
    "generalAndAdministrativeExpenses": 796000000,
    "sellingAndMarketingExpenses": 0,
    "sellingGeneralAndAdministrativeExpenses": 796000000,
    "otherExpenses": -175000000,
    "operatingExpenses": 621000000,
    "costAndExpenses": 1582000000,
    "interestIncome": 0,
    "interestExpense": 0,
    "depreciationAndAmortization": 112000000,
    "ebitda": 193000000,
    "ebitdaratio": 0.1160553217,
    "operatingIncome": 81000000,
    "operatingIncomeRatio": 0.0487071557,
    "totalOtherIncomeExpensesNet": 8000000,
    "incomeBeforeTax": 89000000,
    "incomeBeforeTaxRatio": 0.053517739,
    "incomeTaxExpense": 30000000,
    "netIncome": 76000000,
    "netIncomeRatio": 0.0457005412,
    "eps": 0.0969,
    "epsdiluted": 0.0948,
    "weightedAverageShsOut": 784000000,
    "weightedAverageShsOutDil": 802000000,
    "link": "https://www.sec.gov/Archives/edgar/data/92380/000009238005000006/0000092380-05-000006-index.htm",
    "finalLink": "https://www.sec.gov/Archives/edgar/data/92380/000009238005000006/q1_200510q.txt"
  },
  {
    "date": "2004-12-31",
    "symbol": "LUV",
    "reportedCurrency": "USD",
    "cik": "0000092380",
    "fillingDate": "2005-02-04",
    "acceptedDate": "2005-02-04 15:24:39",
    "calendarYear": "2004",
    "period": "Q4",
    "revenue": 1655000000,
    "costOfRevenue": 950000000,
    "grossProfit": 705000000,
    "grossProfitRatio": 0.4259818731,
    "researchAndDevelopmentExpenses": 0,
    "generalAndAdministrativeExpenses": 769000000,
    "sellingAndMarketingExpenses": 0,
    "sellingGeneralAndAdministrativeExpenses": 769000000,
    "otherExpenses": -183000000,
    "operatingExpenses": 586000000,
    "costAndExpenses": 1536000000,
    "interestIncome": 0,
    "interestExpense": 0,
    "depreciationAndAmortization": 113000000,
    "ebitda": -865000000,
    "ebitdaratio": -0.5226586103,
    "operatingIncome": 119000000,
    "operatingIncomeRatio": 0.0719033233,
    "totalOtherIncomeExpensesNet": -31000000,
    "incomeBeforeTax": 88000000,
    "incomeBeforeTaxRatio": 0.0531722054,
    "incomeTaxExpense": 33000000,
    "netIncome": 55000000,
    "netIncomeRatio": 0.0332326284,
    "eps": 0.0702,
    "epsdiluted": 0.0702,
    "weightedAverageShsOut": 778000000,
    "weightedAverageShsOutDil": 784000000,
    "link": "https://www.sec.gov/Archives/edgar/data/92380/000095013405002093/0000950134-05-002093-index.htm",
    "finalLink": "https://www.sec.gov/Archives/edgar/data/92380/000095013405002093/d21965e10vk.htm"
  },
  {
    "date": "2004-09-30",
    "symbol": "LUV",
    "reportedCurrency": "USD",
    "cik": "0000092380",
    "fillingDate": "2004-10-15",
    "acceptedDate": "2004-10-15 14:59:43",
    "calendarYear": "2004",
    "period": "Q3",
    "revenue": 1674000000,
    "costOfRevenue": 912000000,
    "grossProfit": 762000000,
    "grossProfitRatio": 0.4551971326,
    "researchAndDevelopmentExpenses": 0,
    "generalAndAdministrativeExpenses": 761000000,
    "sellingAndMarketingExpenses": 0,
    "sellingGeneralAndAdministrativeExpenses": 761000000,
    "otherExpenses": -190000000,
    "operatingExpenses": 571000000,
    "costAndExpenses": 1483000000,
    "interestIncome": 0,
    "interestExpense": 0,
    "depreciationAndAmortization": 109000000,
    "ebitda": 300000000,
    "ebitdaratio": 0.1792114695,
    "operatingIncome": 191000000,
    "operatingIncomeRatio": 0.1140979689,
    "totalOtherIncomeExpensesNet": -10000000,
    "incomeBeforeTax": 181000000,
    "incomeBeforeTaxRatio": 0.1081242533,
    "incomeTaxExpense": 62000000,
    "netIncome": 119000000,
    "netIncomeRatio": 0.0710872162,
    "eps": 0.15,
    "epsdiluted": 0.15,
    "weightedAverageShsOut": 781000000,
    "weightedAverageShsOutDil": 812000000,
    "link": "https://www.sec.gov/Archives/edgar/data/92380/000009238004000028/0000092380-04-000028-index.htm",
    "finalLink": "https://www.sec.gov/Archives/edgar/data/92380/000009238004000028/q3_200410q.txt"
  },
  {
    "date": "2004-06-30",
    "symbol": "LUV",
    "reportedCurrency": "USD",
    "cik": "0000092380",
    "fillingDate": "2004-07-19",
    "acceptedDate": "2004-07-19 16:57:18",
    "calendarYear": "2004",
    "period": "Q2",
    "revenue": 1716000000,
    "costOfRevenue": 933000000,
    "grossProfit": 783000000,
    "grossProfitRatio": 0.4562937063,
    "researchAndDevelopmentExpenses": 0,
    "generalAndAdministrativeExpenses": 765000000,
    "sellingAndMarketingExpenses": -143000000,
    "sellingGeneralAndAdministrativeExpenses": 622000000,
    "otherExpenses": -36000000,
    "operatingExpenses": 586000000,
    "costAndExpenses": 1519000000,
    "interestIncome": 0,
    "interestExpense": 0,
    "depreciationAndAmortization": 106000000,
    "ebitda": 304000000,
    "ebitdaratio": 0.1771561772,
    "operatingIncome": 197000000,
    "operatingIncomeRatio": 0.1148018648,
    "totalOtherIncomeExpensesNet": -18000000,
    "incomeBeforeTax": 179000000,
    "incomeBeforeTaxRatio": 0.1043123543,
    "incomeTaxExpense": 66000000,
    "netIncome": 113000000,
    "netIncomeRatio": 0.0658508159,
    "eps": 0.14,
    "epsdiluted": 0.14,
    "weightedAverageShsOut": 784000000,
    "weightedAverageShsOutDil": 817000000,
    "link": "https://www.sec.gov/Archives/edgar/data/92380/000009238004000016/0000092380-04-000016-index.htm",
    "finalLink": "https://www.sec.gov/Archives/edgar/data/92380/000009238004000016/q2_200410q.txt"
  },
  {
    "date": "2004-03-31",
    "symbol": "LUV",
    "reportedCurrency": "USD",
    "cik": "0000092380",
    "fillingDate": "2004-04-16",
    "acceptedDate": "2004-04-16 14:49:59",
    "calendarYear": "2004",
    "period": "Q1",
    "revenue": 1484000000,
    "costOfRevenue": 894000000,
    "grossProfit": 590000000,
    "grossProfitRatio": 0.397574124,
    "researchAndDevelopmentExpenses": 0,
    "generalAndAdministrativeExpenses": 737000000,
    "sellingAndMarketingExpenses": -2000000,
    "sellingGeneralAndAdministrativeExpenses": 737000000,
    "otherExpenses": -193000000,
    "operatingExpenses": 544000000,
    "costAndExpenses": 1438000000,
    "interestIncome": 0,
    "interestExpense": 0,
    "depreciationAndAmortization": 103000000,
    "ebitda": -893000000,
    "ebitdaratio": -0.6017520216,
    "operatingIncome": 46000000,
    "operatingIncomeRatio": 0.0309973046,
    "totalOtherIncomeExpensesNet": -5000000,
    "incomeBeforeTax": 41000000,
    "incomeBeforeTaxRatio": 0.0276280323,
    "incomeTaxExpense": 15000000,
    "netIncome": 26000000,
    "netIncomeRatio": 0.0175202156,
    "eps": 0.0331,
    "epsdiluted": 0.0318,
    "weightedAverageShsOut": 785000000,
    "weightedAverageShsOutDil": 817000000,
    "link": "https://www.sec.gov/Archives/edgar/data/92380/000009238004000009/0000092380-04-000009-index.htm",
    "finalLink": "https://www.sec.gov/Archives/edgar/data/92380/000009238004000009/q1_200410q.txt"
  },
  {
    "date": "2003-12-31",
    "symbol": "LUV",
    "reportedCurrency": "USD",
    "cik": "0000092380",
    "fillingDate": "2004-01-29",
    "acceptedDate": "2004-01-29 09:32:47",
    "calendarYear": "2003",
    "period": "Q4",
    "revenue": 1517000000,
    "costOfRevenue": 870000000,
    "grossProfit": 647000000,
    "grossProfitRatio": 0.4264996704,
    "researchAndDevelopmentExpenses": 0,
    "generalAndAdministrativeExpenses": 769000000,
    "sellingAndMarketingExpenses": -12000000,
    "sellingGeneralAndAdministrativeExpenses": 757000000,
    "otherExpenses": -221000000,
    "operatingExpenses": 536000000,
    "costAndExpenses": 1406000000,
    "interestIncome": 0,
    "interestExpense": 0,
    "depreciationAndAmortization": 99000000,
    "ebitda": -1186000000,
    "ebitdaratio": -0.7818061964,
    "operatingIncome": 111000000,
    "operatingIncomeRatio": 0.0731707317,
    "totalOtherIncomeExpensesNet": -10000000,
    "incomeBeforeTax": 101000000,
    "incomeBeforeTaxRatio": 0.0665787739,
    "incomeTaxExpense": 35000000,
    "netIncome": 66000000,
    "netIncomeRatio": 0.0435069216,
    "eps": 0.0841,
    "epsdiluted": 0.0841,
    "weightedAverageShsOut": 757000000,
    "weightedAverageShsOutDil": 785000000,
    "link": "https://www.sec.gov/Archives/edgar/data/92380/000095013404000842/0000950134-04-000842-index.htm",
    "finalLink": "https://www.sec.gov/Archives/edgar/data/92380/000095013404000842/d11818e10vk.htm"
  },
  {
    "date": "2003-09-30",
    "symbol": "LUV",
    "reportedCurrency": "USD",
    "cik": "0000092380",
    "fillingDate": "2003-10-21",
    "acceptedDate": "2003-10-21 12:45:16",
    "calendarYear": "2003",
    "period": "Q3",
    "revenue": 1553000000,
    "costOfRevenue": 847000000,
    "grossProfit": 706000000,
    "grossProfitRatio": 0.4546039923,
    "researchAndDevelopmentExpenses": 0,
    "generalAndAdministrativeExpenses": 706000000,
    "sellingAndMarketingExpenses": -11000000,
    "sellingGeneralAndAdministrativeExpenses": 695000000,
    "otherExpenses": -174000000,
    "operatingExpenses": 521000000,
    "costAndExpenses": 1368000000,
    "interestIncome": 0,
    "interestExpense": 0,
    "depreciationAndAmortization": 97000000,
    "ebitda": -706000000,
    "ebitdaratio": -0.4546039923,
    "operatingIncome": 185000000,
    "operatingIncomeRatio": 0.1191242756,
    "totalOtherIncomeExpensesNet": -14000000,
    "incomeBeforeTax": 171000000,
    "incomeBeforeTaxRatio": 0.1101094656,
    "incomeTaxExpense": 65000000,
    "netIncome": 106000000,
    "netIncomeRatio": 0.0682549903,
    "eps": 0.14,
    "epsdiluted": 0.13,
    "weightedAverageShsOut": 784000000,
    "weightedAverageShsOutDil": 827000000,
    "link": "https://www.sec.gov/Archives/edgar/data/92380/000009238003000025/0000092380-03-000025-index.htm",
    "finalLink": "https://www.sec.gov/Archives/edgar/data/92380/000009238003000025/q3_200310q.htm"
  },
  {
    "date": "2003-06-30",
    "symbol": "LUV",
    "reportedCurrency": "USD",
    "cik": "0000092380",
    "fillingDate": "2003-07-22",
    "acceptedDate": "2003-07-22 16:44:20",
    "calendarYear": "2003",
    "period": "Q2",
    "revenue": 1515000000,
    "costOfRevenue": 817000000,
    "grossProfit": 698000000,
    "grossProfitRatio": 0.4607260726,
    "researchAndDevelopmentExpenses": 0,
    "generalAndAdministrativeExpenses": 737000000,
    "sellingAndMarketingExpenses": -13000000,
    "sellingGeneralAndAdministrativeExpenses": 724000000,
    "otherExpenses": -166000000,
    "operatingExpenses": 558000000,
    "costAndExpenses": 1375000000,
    "interestIncome": 0,
    "interestExpense": 0,
    "depreciationAndAmortization": 95000000,
    "ebitda": -719000000,
    "ebitdaratio": -0.4745874587,
    "operatingIncome": 140000000,
    "operatingIncomeRatio": 0.0924092409,
    "totalOtherIncomeExpensesNet": 257000000,
    "incomeBeforeTax": 397000000,
    "incomeBeforeTaxRatio": 0.2620462046,
    "incomeTaxExpense": 151000000,
    "netIncome": 246000000,
    "netIncomeRatio": 0.1623762376,
    "eps": 0.32,
    "epsdiluted": 0.3,
    "weightedAverageShsOut": 780000000,
    "weightedAverageShsOutDil": 820000000,
    "link": "https://www.sec.gov/Archives/edgar/data/92380/000009238003000013/0000092380-03-000013-index.htm",
    "finalLink": "https://www.sec.gov/Archives/edgar/data/92380/000009238003000013/q2_200310q.txt"
  },
  {
    "date": "2003-03-31",
    "symbol": "LUV",
    "reportedCurrency": "USD",
    "cik": "0000092380",
    "fillingDate": "2003-04-23",
    "acceptedDate": "2003-04-22 18:44:35",
    "calendarYear": "2003",
    "period": "Q1",
    "revenue": 1351000000,
    "costOfRevenue": 819000000,
    "grossProfit": 532000000,
    "grossProfitRatio": 0.3937823834,
    "researchAndDevelopmentExpenses": 0,
    "generalAndAdministrativeExpenses": 663000000,
    "sellingAndMarketingExpenses": -12000000,
    "sellingGeneralAndAdministrativeExpenses": 516000000,
    "otherExpenses": -30000000,
    "operatingExpenses": 486000000,
    "costAndExpenses": 1305000000,
    "interestIncome": 0,
    "interestExpense": 0,
    "depreciationAndAmortization": 93000000,
    "ebitda": 139000000,
    "ebitdaratio": 0.1028867506,
    "operatingIncome": 46000000,
    "operatingIncomeRatio": 0.0340488527,
    "totalOtherIncomeExpensesNet": -7000000,
    "incomeBeforeTax": 39000000,
    "incomeBeforeTaxRatio": 0.0288675056,
    "incomeTaxExpense": 15000000,
    "netIncome": 24000000,
    "netIncomeRatio": 0.0177646188,
    "eps": 0.0308,
    "epsdiluted": 0.0297,
    "weightedAverageShsOut": 778000000,
    "weightedAverageShsOutDil": 808000000,
    "link": "https://www.sec.gov/Archives/edgar/data/92380/000009238003000005/0000092380-03-000005-index.htm",
    "finalLink": "https://www.sec.gov/Archives/edgar/data/92380/000009238003000005/q1_200310q.txt"
  },
  {
    "date": "2002-12-31",
    "symbol": "LUV",
    "reportedCurrency": "USD",
    "cik": "0000092380",
    "fillingDate": "2003-02-05",
    "acceptedDate": "2003-02-05 15:23:06",
    "calendarYear": "2002",
    "period": "Q4",
    "revenue": 1400539000,
    "costOfRevenue": 820653000,
    "grossProfit": 579886000,
    "grossProfitRatio": 0.4140448784,
    "researchAndDevelopmentExpenses": 0,
    "generalAndAdministrativeExpenses": 665937000,
    "sellingAndMarketingExpenses": -12959000,
    "sellingGeneralAndAdministrativeExpenses": 652978000,
    "otherExpenses": -160925000,
    "operatingExpenses": 492053000,
    "costAndExpenses": 1312706000,
    "interestIncome": 0,
    "interestExpense": 0,
    "depreciationAndAmortization": 93118000,
    "ebitda": -773203000,
    "ebitdaratio": -0.5520753081,
    "operatingIncome": 87833000,
    "operatingIncomeRatio": 0.0627137124,
    "totalOtherIncomeExpensesNet": -23909000,
    "incomeBeforeTax": 63924000,
    "incomeBeforeTaxRatio": 0.0456424277,
    "incomeTaxExpense": 21525000,
    "netIncome": 42399000,
    "netIncomeRatio": 0.0302733448,
    "eps": 0.0545,
    "epsdiluted": 0.0545,
    "weightedAverageShsOut": 776662894,
    "weightedAverageShsOutDil": 778000000,
    "link": "https://www.sec.gov/Archives/edgar/data/92380/000095013403001681/0000950134-03-001681-index.htm",
    "finalLink": "https://www.sec.gov/Archives/edgar/data/92380/000095013403001681/d02829e10vk.txt"
  },
  {
    "date": "2002-09-30",
    "symbol": "LUV",
    "reportedCurrency": "USD",
    "cik": "0000092380",
    "fillingDate": "2002-10-30",
    "acceptedDate": "2002-10-30 16:36:34",
    "calendarYear": "2002",
    "period": "Q3",
    "revenue": 1391191000,
    "costOfRevenue": 819000000,
    "grossProfit": 572000000,
    "grossProfitRatio": 0.4111584966,
    "researchAndDevelopmentExpenses": 0,
    "generalAndAdministrativeExpenses": 667000000,
    "sellingAndMarketingExpenses": -12000000,
    "sellingGeneralAndAdministrativeExpenses": 655000000,
    "otherExpenses": -174141000,
    "operatingExpenses": 480859000,
    "costAndExpenses": 1299859000,
    "interestIncome": 0,
    "interestExpense": 0,
    "depreciationAndAmortization": -92000000,
    "ebitda": -334000000,
    "ebitdaratio": -0.2400820592,
    "operatingIncome": 91141000,
    "operatingIncomeRatio": 0.065512931,
    "totalOtherIncomeExpensesNet": 32859000,
    "incomeBeforeTax": 124000000,
    "incomeBeforeTaxRatio": 0.0891322615,
    "incomeTaxExpense": 49000000,
    "netIncome": 74887000,
    "netIncomeRatio": 0.0538294167,
    "eps": 0.0968,
    "epsdiluted": 0.0931,
    "weightedAverageShsOut": 773353000,
    "weightedAverageShsOutDil": 804605000,
    "link": "https://www.sec.gov/Archives/edgar/data/92380/000009238002000019/0000092380-02-000019-index.htm",
    "finalLink": "https://www.sec.gov/Archives/edgar/data/92380/000009238002000019/q3_200210q.txt"
  },
  {
    "date": "2002-06-30",
    "symbol": "LUV",
    "reportedCurrency": "USD",
    "cik": "0000092380",
    "fillingDate": "2002-07-26",
    "acceptedDate": "2002-07-26 17:04:35",
    "calendarYear": "2002",
    "period": "Q2",
    "revenue": 1472798000,
    "costOfRevenue": 817000000,
    "grossProfit": 656000000,
    "grossProfitRatio": 0.4454107081,
    "researchAndDevelopmentExpenses": 0,
    "generalAndAdministrativeExpenses": 666000000,
    "sellingAndMarketingExpenses": -15000000,
    "sellingGeneralAndAdministrativeExpenses": 651000000,
    "otherExpenses": -183999000,
    "operatingExpenses": 467001000,
    "costAndExpenses": 1284001000,
    "interestIncome": 0,
    "interestExpense": 0,
    "depreciationAndAmortization": -86000000,
    "ebitda": -252000000,
    "ebitdaratio": -0.1711028939,
    "operatingIncome": 188999000,
    "operatingIncomeRatio": 0.1283264915,
    "totalOtherIncomeExpensesNet": -19999000,
    "incomeBeforeTax": 169000000,
    "incomeBeforeTaxRatio": 0.1147475757,
    "incomeTaxExpense": 67000000,
    "netIncome": 102298000,
    "netIncomeRatio": 0.0694582692,
    "eps": 0.13,
    "epsdiluted": 0.13,
    "weightedAverageShsOut": 772012000,
    "weightedAverageShsOutDil": 809401000,
    "link": "https://www.sec.gov/Archives/edgar/data/92380/000009238002000007/0000092380-02-000007-index.htm",
    "finalLink": "https://www.sec.gov/Archives/edgar/data/92380/000009238002000007/q2_200210q.txt"
  },
  {
    "date": "2002-03-31",
    "symbol": "LUV",
    "reportedCurrency": "USD",
    "cik": "0000092380",
    "fillingDate": "2002-04-30",
    "acceptedDate": "2002-04-30 16:28:30",
    "calendarYear": "2002",
    "period": "Q1",
    "revenue": 1257243000,
    "costOfRevenue": 779000000,
    "grossProfit": 478000000,
    "grossProfitRatio": 0.3801969866,
    "researchAndDevelopmentExpenses": 0,
    "generalAndAdministrativeExpenses": 621000000,
    "sellingAndMarketingExpenses": -14000000,
    "sellingGeneralAndAdministrativeExpenses": 607000000,
    "otherExpenses": -178365000,
    "operatingExpenses": 428635000,
    "costAndExpenses": 1207635000,
    "interestIncome": 0,
    "interestExpense": 0,
    "depreciationAndAmortization": -85000000,
    "ebitda": -379000000,
    "ebitdaratio": -0.3014532592,
    "operatingIncome": 49365000,
    "operatingIncomeRatio": 0.0392644859,
    "totalOtherIncomeExpensesNet": -14365000,
    "incomeBeforeTax": 35000000,
    "incomeBeforeTaxRatio": 0.0278386915,
    "incomeTaxExpense": 14000000,
    "netIncome": 21385000,
    "netIncomeRatio": 0.0170094405,
    "eps": 0.0278,
    "epsdiluted": 0.0264,
    "weightedAverageShsOut": 769369000,
    "weightedAverageShsOutDil": 810763000,
    "link": "https://www.sec.gov/Archives/edgar/data/92380/000009238002000005/0000092380-02-000005-index.htm",
    "finalLink": "https://www.sec.gov/Archives/edgar/data/92380/000009238002000005/q1_200210q.txt"
  },
  {
    "date": "2001-12-31",
    "symbol": "LUV",
    "reportedCurrency": "USD",
    "cik": "0000092380",
    "fillingDate": "2002-02-04",
    "acceptedDate": "2002-02-04 00:00:00",
    "calendarYear": "2001",
    "period": "Q4",
    "revenue": 1237647000,
    "costOfRevenue": 761530000,
    "grossProfit": 476117000,
    "grossProfitRatio": 0.384695313,
    "researchAndDevelopmentExpenses": 0,
    "generalAndAdministrativeExpenses": 623732000,
    "sellingAndMarketingExpenses": -19196000,
    "sellingGeneralAndAdministrativeExpenses": 604536000,
    "otherExpenses": -165536000,
    "operatingExpenses": 439000000,
    "costAndExpenses": 1200530000,
    "interestIncome": 0,
    "interestExpense": 0,
    "depreciationAndAmortization": 80204000,
    "ebitda": -776677000,
    "ebitdaratio": -0.6275432332,
    "operatingIncome": 37117000,
    "operatingIncomeRatio": 0.0299899729,
    "totalOtherIncomeExpensesNet": 60719000,
    "incomeBeforeTax": 97836000,
    "incomeBeforeTaxRatio": 0.0790500038,
    "incomeTaxExpense": 34331000,
    "netIncome": 63505000,
    "netIncomeRatio": 0.0513110766,
    "eps": 0.0825,
    "epsdiluted": 0.0825,
    "weightedAverageShsOut": 765407881,
    "weightedAverageShsOutDil": 769369000,
    "link": "https://www.sec.gov/Archives/edgar/data/92380/000095013402000776/0000950134-02-000776-index.htm",
    "finalLink": "https://www.sec.gov/Archives/edgar/data/92380/000095013402000776/d93658e10-k.txt"
  },
  {
    "date": "2001-09-30",
    "symbol": "LUV",
    "reportedCurrency": "USD",
    "cik": "0000092380",
    "fillingDate": "2001-11-14",
    "acceptedDate": "2001-11-14 00:00:00",
    "calendarYear": "2001",
    "period": "Q3",
    "revenue": 1335125000,
    "costOfRevenue": 800991000,
    "grossProfit": 534134000,
    "grossProfitRatio": 0.4000629155,
    "researchAndDevelopmentExpenses": 0,
    "generalAndAdministrativeExpenses": 637788000,
    "sellingAndMarketingExpenses": -23240000,
    "sellingGeneralAndAdministrativeExpenses": 614548000,
    "otherExpenses": -173400000,
    "operatingExpenses": 441148000,
    "costAndExpenses": 1242139000,
    "interestIncome": 0,
    "interestExpense": 0,
    "depreciationAndAmortization": 81722000,
    "ebitda": -330849000,
    "ebitdaratio": -0.2478037637,
    "operatingIncome": 92986000,
    "operatingIncomeRatio": 0.0696459133,
    "totalOtherIncomeExpensesNet": 152884000,
    "incomeBeforeTax": 245870000,
    "incomeBeforeTaxRatio": 0.1841550417,
    "incomeTaxExpense": 94906000,
    "netIncome": 150964000,
    "netIncomeRatio": 0.1130710608,
    "eps": 0.2,
    "epsdiluted": 0.19,
    "weightedAverageShsOut": 763811000,
    "weightedAverageShsOutDil": 806860000,
    "link": "https://www.sec.gov/Archives/edgar/data/92380/000095013401508530/0000950134-01-508530-index.htm",
    "finalLink": "https://www.sec.gov/Archives/edgar/data/92380/000095013401508530/d91871e10-q.txt"
  },
  {
    "date": "2001-06-30",
    "symbol": "LUV",
    "reportedCurrency": "USD",
    "cik": "0000092380",
    "fillingDate": "2001-08-02",
    "acceptedDate": "2001-08-02 00:00:00",
    "calendarYear": "2001",
    "period": "Q2",
    "revenue": 1553785000,
    "costOfRevenue": 806619000,
    "grossProfit": 747166000,
    "grossProfitRatio": 0.4808683312,
    "researchAndDevelopmentExpenses": 0,
    "generalAndAdministrativeExpenses": 628161000,
    "sellingAndMarketingExpenses": -30084000,
    "sellingGeneralAndAdministrativeExpenses": 598077000,
    "otherExpenses": -141773000,
    "operatingExpenses": 456304000,
    "costAndExpenses": 1262923000,
    "interestIncome": 0,
    "interestExpense": 0,
    "depreciationAndAmortization": 78213000,
    "ebitda": -562579000,
    "ebitdaratio": -0.3620700419,
    "operatingIncome": 290862000,
    "operatingIncomeRatio": 0.1871957832,
    "totalOtherIncomeExpensesNet": -3411000,
    "incomeBeforeTax": 287451000,
    "incomeBeforeTaxRatio": 0.1850004988,
    "incomeTaxExpense": 111818000,
    "netIncome": 175633000,
    "netIncomeRatio": 0.1130355873,
    "eps": 0.23,
    "epsdiluted": 0.22,
    "weightedAverageShsOut": 762139000,
    "weightedAverageShsOutDil": 806524000,
    "link": "https://www.sec.gov/Archives/edgar/data/92380/000009238001500011/0000092380-01-500011-index.htm",
    "finalLink": "https://www.sec.gov/Archives/edgar/data/92380/000009238001500011/s2q200110qtext.txt"
  },
  {
    "date": "2001-03-31",
    "symbol": "LUV",
    "reportedCurrency": "USD",
    "cik": "0000092380",
    "fillingDate": "2001-05-01",
    "acceptedDate": "2001-05-01 00:00:00",
    "calendarYear": "2001",
    "period": "Q1",
    "revenue": 1428617000,
    "costOfRevenue": 780906000,
    "grossProfit": 647711000,
    "grossProfitRatio": 0.4533832371,
    "researchAndDevelopmentExpenses": 0,
    "generalAndAdministrativeExpenses": 595988000,
    "sellingAndMarketingExpenses": -30494000,
    "sellingGeneralAndAdministrativeExpenses": 565494000,
    "otherExpenses": -127940000,
    "operatingExpenses": 437554000,
    "costAndExpenses": 1218460000,
    "interestIncome": 0,
    "interestExpense": 0,
    "depreciationAndAmortization": 77692000,
    "ebitda": -611120000,
    "ebitdaratio": -0.4277703541,
    "operatingIncome": 210157000,
    "operatingIncomeRatio": 0.1471052073,
    "totalOtherIncomeExpensesNet": -13655000,
    "incomeBeforeTax": 196502000,
    "incomeBeforeTaxRatio": 0.1375470123,
    "incomeTaxExpense": 75457000,
    "netIncome": 121045000,
    "netIncomeRatio": 0.0847287972,
    "eps": 0.16,
    "epsdiluted": 0.15,
    "weightedAverageShsOut": 760225000,
    "weightedAverageShsOutDil": 807744000,
    "link": "https://www.sec.gov/Archives/edgar/data/92380/000009238001500009/0000092380-01-500009-index.htm",
    "finalLink": "https://www.sec.gov/Archives/edgar/data/92380/000009238001500009/s1q0110qedgar.txt"
  },
  {
    "date": "2000-12-31",
    "symbol": "LUV",
    "reportedCurrency": "USD",
    "cik": "0000092380",
    "fillingDate": "2001-01-26",
    "acceptedDate": "2001-01-26 00:00:00",
    "calendarYear": "2000",
    "period": "Q4",
    "revenue": 1467404000,
    "costOfRevenue": 773388000,
    "grossProfit": 694016000,
    "grossProfitRatio": 0.4729549599,
    "researchAndDevelopmentExpenses": 0,
    "generalAndAdministrativeExpenses": 596468000,
    "sellingAndMarketingExpenses": -39258000,
    "sellingGeneralAndAdministrativeExpenses": 557210000,
    "otherExpenses": -114264000,
    "operatingExpenses": 442946000,
    "costAndExpenses": 1216334000,
    "interestIncome": 0,
    "interestExpense": 0,
    "depreciationAndAmortization": 74544000,
    "ebitda": -561807000,
    "ebitdaratio": -0.3828577542,
    "operatingIncome": 251070000,
    "operatingIncomeRatio": 0.1710980752,
    "totalOtherIncomeExpensesNet": -1617000,
    "incomeBeforeTax": 249453000,
    "incomeBeforeTaxRatio": 0.1699961292,
    "incomeTaxExpense": 94792000,
    "netIncome": 154661000,
    "netIncomeRatio": 0.1053976955,
    "eps": 0.2,
    "epsdiluted": 0.2,
    "weightedAverageShsOut": 740604881,
    "weightedAverageShsOutDil": 760225000,
    "link": "https://www.sec.gov/Archives/edgar/data/92380/000095013401000502/0000950134-01-000502-index.htm",
    "finalLink": "https://www.sec.gov/Archives/edgar/data/92380/000095013401000502/d83557e10-k.txt"
  },
  {
    "date": "2000-09-30",
    "symbol": "LUV",
    "reportedCurrency": "USD",
    "cik": "0000092380",
    "fillingDate": "2000-11-02",
    "acceptedDate": "2000-11-02 00:00:00",
    "calendarYear": "2000",
    "period": "Q3",
    "revenue": 1478834000,
    "costOfRevenue": 747943000,
    "grossProfit": 730891000,
    "grossProfitRatio": 0.494234647,
    "researchAndDevelopmentExpenses": 0,
    "generalAndAdministrativeExpenses": 597331000,
    "sellingAndMarketingExpenses": -41525000,
    "sellingGeneralAndAdministrativeExpenses": 555806000,
    "otherExpenses": -125024000,
    "operatingExpenses": 430782000,
    "costAndExpenses": 1178725000,
    "interestIncome": 0,
    "interestExpense": 0,
    "depreciationAndAmortization": 71511000,
    "ebitda": -495353000,
    "ebitdaratio": -0.3349618686,
    "operatingIncome": 300109000,
    "operatingIncomeRatio": 0.2029362322,
    "totalOtherIncomeExpensesNet": 964000,
    "incomeBeforeTax": 301073000,
    "incomeBeforeTaxRatio": 0.2035880971,
    "incomeTaxExpense": 116775000,
    "netIncome": 184298000,
    "netIncomeRatio": 0.1246238591,
    "eps": 0.25,
    "epsdiluted": 0.23,
    "weightedAverageShsOut": 748648500,
    "weightedAverageShsOutDil": 796548000,
    "link": "https://www.sec.gov/Archives/edgar/data/92380/000009238000500006/0000092380-00-500006-index.htm",
    "finalLink": "https://www.sec.gov/Archives/edgar/data/92380/000009238000500006/final3q0010q.txt"
  },
  {
    "date": "2000-06-30",
    "symbol": "LUV",
    "reportedCurrency": "USD",
    "cik": "0000092380",
    "fillingDate": "2000-08-02",
    "acceptedDate": "2000-08-02 00:00:00",
    "calendarYear": "2000",
    "period": "Q2",
    "revenue": 1460675000,
    "costOfRevenue": 728042000,
    "grossProfit": 732633000,
    "grossProfitRatio": 0.5015715337,
    "researchAndDevelopmentExpenses": 0,
    "generalAndAdministrativeExpenses": 618872000,
    "sellingAndMarketingExpenses": -41310000,
    "sellingGeneralAndAdministrativeExpenses": 577562000,
    "otherExpenses": -159487000,
    "operatingExpenses": 418075000,
    "costAndExpenses": 1146117000,
    "interestIncome": 0,
    "interestExpense": 0,
    "depreciationAndAmortization": 68523000,
    "ebitda": -458966000,
    "ebitdaratio": -0.3142150033,
    "operatingIncome": 314558000,
    "operatingIncomeRatio": 0.2153511219,
    "totalOtherIncomeExpensesNet": -3693000,
    "incomeBeforeTax": 310865000,
    "incomeBeforeTaxRatio": 0.2128228388,
    "incomeTaxExpense": 120243000,
    "netIncome": 190622000,
    "netIncomeRatio": 0.1305026786,
    "eps": 0.26,
    "epsdiluted": 0.24,
    "weightedAverageShsOut": 745942500,
    "weightedAverageShsOutDil": 793069500,
    "link": "https://www.sec.gov/Archives/edgar/data/92380/000009238000000019/0000092380-00-000019-index.htm",
    "finalLink": "https://www.sec.gov/Archives/edgar/data/92380/000009238000000019/0000092380-00-000019-0001.txt"
  },
  {
    "date": "2000-03-31",
    "symbol": "LUV",
    "reportedCurrency": "USD",
    "cik": "0000092380",
    "fillingDate": "2000-05-04",
    "acceptedDate": "2000-05-04 00:00:00",
    "calendarYear": "2000",
    "period": "Q1",
    "revenue": 1242647000,
    "costOfRevenue": 716202000,
    "grossProfit": 526445000,
    "grossProfitRatio": 0.4236480674,
    "researchAndDevelopmentExpenses": 0,
    "generalAndAdministrativeExpenses": 533071000,
    "sellingAndMarketingExpenses": -37216000,
    "sellingGeneralAndAdministrativeExpenses": 495855000,
    "otherExpenses": -124818000,
    "operatingExpenses": 371037000,
    "costAndExpenses": 1087239000,
    "interestIncome": 0,
    "interestExpense": 0,
    "depreciationAndAmortization": 66698000,
    "ebitda": -608462000,
    "ebitdaratio": -0.4896499167,
    "operatingIncome": 155408000,
    "operatingIncomeRatio": 0.1250620651,
    "totalOtherIncomeExpensesNet": 565000,
    "incomeBeforeTax": 155973000,
    "incomeBeforeTaxRatio": 0.1255167397,
    "incomeTaxExpense": 60330000,
    "netIncome": 73512000,
    "netIncomeRatio": 0.0591575886,
    "eps": 0.0986,
    "epsdiluted": 0.0931,
    "weightedAverageShsOut": 745735500,
    "weightedAverageShsOutDil": 789534000,
    "link": "https://www.sec.gov/Archives/edgar/data/92380/000009238000000009/0000092380-00-000009-index.html",
    "finalLink": "https://www.sec.gov/Archives/edgar/data/92380/000009238000000009/"
  },
  {
    "date": "1999-12-31",
    "symbol": "LUV",
    "reportedCurrency": "USD",
    "cik": "0000092380",
    "fillingDate": "2000-03-28",
    "acceptedDate": "2000-03-28 00:00:00",
    "calendarYear": "1999",
    "period": "Q4",
    "revenue": 1204387000,
    "costOfRevenue": 687600000,
    "grossProfit": 516787000,
    "grossProfitRatio": 0.4290871622,
    "researchAndDevelopmentExpenses": 0,
    "generalAndAdministrativeExpenses": 397537000,
    "sellingAndMarketingExpenses": -37900000,
    "sellingGeneralAndAdministrativeExpenses": 359637000,
    "otherExpenses": 1738374000,
    "operatingExpenses": 2098011000,
    "costAndExpenses": 2785611000,
    "interestIncome": 0,
    "interestExpense": 0,
    "depreciationAndAmortization": 428760000,
    "ebitda": -1152464000,
    "ebitdaratio": -0.956888442,
    "operatingIncome": -1581224000,
    "operatingIncomeRatio": -1.3128869707,
    "totalOtherIncomeExpensesNet": 1734135000,
    "incomeBeforeTax": 152911000,
    "incomeBeforeTaxRatio": 0.1269616826,
    "incomeTaxExpense": 59133000,
    "netIncome": 93778000,
    "netIncomeRatio": 0.0778636767,
    "eps": 0.13,
    "epsdiluted": 0.13,
    "weightedAverageShsOut": 745735500,
    "weightedAverageShsOutDil": 745735500,
    "link": "https://www.sec.gov/Archives/edgar/data/92380/000095013400002530/0000950134-00-002530-index.html",
    "finalLink": "https://www.sec.gov/Archives/edgar/data/92380/000095013400002530/"
  },
  {
    "date": "1999-09-30",
    "symbol": "LUV",
    "reportedCurrency": "USD",
    "cik": "0000092380",
    "fillingDate": "1999-11-12",
    "acceptedDate": "1999-11-12 00:00:00",
    "calendarYear": "1999",
    "period": "Q3",
    "revenue": 1235200000,
    "costOfRevenue": 662300000,
    "grossProfit": 572900000,
    "grossProfitRatio": 0.4638115285,
    "researchAndDevelopmentExpenses": 0,
    "generalAndAdministrativeExpenses": 566200000,
    "sellingAndMarketingExpenses": -39200000,
    "sellingGeneralAndAdministrativeExpenses": 527000000,
    "otherExpenses": 258900000,
    "operatingExpenses": 785900000,
    "costAndExpenses": 1448200000,
    "interestIncome": 0,
    "interestExpense": 0,
    "depreciationAndAmortization": -63800000,
    "ebitda": -149200000,
    "ebitdaratio": -0.1207901554,
    "operatingIncome": -213000000,
    "operatingIncomeRatio": -0.1724417098,
    "totalOtherIncomeExpensesNet": 421000000,
    "incomeBeforeTax": 208000000,
    "incomeBeforeTaxRatio": 0.1683937824,
    "incomeTaxExpense": 81000000,
    "netIncome": 127000000,
    "netIncomeRatio": 0.1028173575,
    "eps": 0.17,
    "epsdiluted": 0.16,
    "weightedAverageShsOut": 747058824,
    "weightedAverageShsOutDil": 793750000,
    "link": "https://www.sec.gov/Archives/edgar/data/92380/000009238099000024/0000092380-99-000024-index.html",
    "finalLink": "https://www.sec.gov/Archives/edgar/data/92380/000009238099000024/"
  },
  {
    "date": "1999-06-30",
    "symbol": "LUV",
    "reportedCurrency": "USD",
    "cik": "0000092380",
    "fillingDate": "1999-08-13",
    "acceptedDate": "1999-08-13 00:00:00",
    "calendarYear": "1999",
    "period": "Q2",
    "revenue": 1220500000,
    "costOfRevenue": 608400000,
    "grossProfit": 612032000,
    "grossProfitRatio": 0.5014600574,
    "researchAndDevelopmentExpenses": 0,
    "generalAndAdministrativeExpenses": 559600000,
    "sellingAndMarketingExpenses": -40200000,
    "sellingGeneralAndAdministrativeExpenses": 519400000,
    "otherExpenses": 258600000,
    "operatingExpenses": 778000000,
    "costAndExpenses": 1386400000,
    "interestIncome": 0,
    "interestExpense": 0,
    "depreciationAndAmortization": -59500000,
    "ebitda": -106468000,
    "ebitdaratio": -0.0872331012,
    "operatingIncome": -165968000,
    "operatingIncomeRatio": -0.1359836133,
    "totalOtherIncomeExpensesNet": 422568000,
    "incomeBeforeTax": 256600000,
    "incomeBeforeTaxRatio": 0.2102417042,
    "incomeTaxExpense": 98800000,
    "netIncome": 157800000,
    "netIncomeRatio": 0.1292912741,
    "eps": 0.21,
    "epsdiluted": 0.19,
    "weightedAverageShsOut": 751428571,
    "weightedAverageShsOutDil": 830526316,
    "link": "https://www.sec.gov/Archives/edgar/data/92380/000009238099000017/0000092380-99-000017-index.html",
    "finalLink": "https://www.sec.gov/Archives/edgar/data/92380/000009238099000017/"
  },
  {
    "date": "1999-03-31",
    "symbol": "LUV",
    "reportedCurrency": "USD",
    "cik": "0000092380",
    "fillingDate": "1999-05-13",
    "acceptedDate": "1999-05-13 00:00:00",
    "calendarYear": "1999",
    "period": "Q1",
    "revenue": 1075600000,
    "costOfRevenue": 576900000,
    "grossProfit": 498671000,
    "grossProfitRatio": 0.4636212347,
    "researchAndDevelopmentExpenses": 0,
    "generalAndAdministrativeExpenses": 530000000,
    "sellingAndMarketingExpenses": -39100000,
    "sellingGeneralAndAdministrativeExpenses": 490900000,
    "otherExpenses": 242900000,
    "operatingExpenses": 733800000,
    "costAndExpenses": 1310700000,
    "interestIncome": 0,
    "interestExpense": 0,
    "depreciationAndAmortization": -56800000,
    "ebitda": -178329000,
    "ebitdaratio": -0.1657949052,
    "operatingIncome": -235129000,
    "operatingIncomeRatio": -0.2186026404,
    "totalOtherIncomeExpensesNet": 391229000,
    "incomeBeforeTax": 156100000,
    "incomeBeforeTaxRatio": 0.1451283005,
    "incomeTaxExpense": 60300000,
    "netIncome": 95800000,
    "netIncomeRatio": 0.0890665675,
    "eps": 0.13,
    "epsdiluted": 0.12,
    "weightedAverageShsOut": 736923077,
    "weightedAverageShsOutDil": 798333333,
    "link": "https://www.sec.gov/Archives/edgar/data/92380/000009238099000007/0000092380-99-000007-index.html",
    "finalLink": "https://www.sec.gov/Archives/edgar/data/92380/"
  },
  {
    "date": "1998-12-31",
    "symbol": "LUV",
    "reportedCurrency": "USD",
    "cik": "0000092380",
    "fillingDate": "1999-03-26",
    "acceptedDate": "1999-03-26 00:00:00",
    "calendarYear": "1998",
    "period": "Q4",
    "revenue": 1047680000,
    "costOfRevenue": 564303000,
    "grossProfit": 483377000,
    "grossProfitRatio": 0.4613784743,
    "researchAndDevelopmentExpenses": 0,
    "generalAndAdministrativeExpenses": 511900000,
    "sellingAndMarketingExpenses": -37700000,
    "sellingGeneralAndAdministrativeExpenses": 474200000,
    "otherExpenses": 1349269000,
    "operatingExpenses": 1823469000,
    "costAndExpenses": 2387772000,
    "interestIncome": 0,
    "interestExpense": 0,
    "depreciationAndAmortization": 390812000,
    "ebitda": -949280000,
    "ebitdaratio": -0.9060781918,
    "operatingIncome": -1340092000,
    "operatingIncomeRatio": -1.2791043067,
    "totalOtherIncomeExpensesNet": 1503604000,
    "incomeBeforeTax": 163512000,
    "incomeBeforeTaxRatio": 0.1560705559,
    "incomeTaxExpense": 63081000,
    "netIncome": 100431000,
    "netIncomeRatio": 0.0958603772,
    "eps": 0.14,
    "epsdiluted": 0.14,
    "weightedAverageShsOut": 736923077,
    "weightedAverageShsOutDil": 736923077,
    "link": "https://www.sec.gov/Archives/edgar/data/92380/000095013499002046/0000950134-99-002046-index.html",
    "finalLink": "https://www.sec.gov/Archives/edgar/data/92380/"
  },
  {
    "date": "1998-09-30",
    "symbol": "LUV",
    "reportedCurrency": "USD",
    "cik": "0000092380",
    "fillingDate": "1998-11-13",
    "acceptedDate": "1998-11-13 00:00:00",
    "calendarYear": "1998",
    "period": "Q3",
    "revenue": 1094900000,
    "costOfRevenue": 561900000,
    "grossProfit": 533000000,
    "grossProfitRatio": 0.4868024477,
    "researchAndDevelopmentExpenses": 0,
    "generalAndAdministrativeExpenses": 522200000,
    "sellingAndMarketingExpenses": -40100000,
    "sellingGeneralAndAdministrativeExpenses": 482100000,
    "otherExpenses": 234900000,
    "operatingExpenses": 717000000,
    "costAndExpenses": 1278900000,
    "interestIncome": 0,
    "interestExpense": 0,
    "depreciationAndAmortization": -59600000,
    "ebitda": -124400000,
    "ebitdaratio": -0.113617682,
    "operatingIncome": -184000000,
    "operatingIncomeRatio": -0.1680518769,
    "totalOtherIncomeExpensesNet": 395000000,
    "incomeBeforeTax": 211000000,
    "incomeBeforeTaxRatio": 0.1927116632,
    "incomeTaxExpense": 81400000,
    "netIncome": 129600000,
    "netIncomeRatio": 0.1183669742,
    "eps": 0.17,
    "epsdiluted": 0.17,
    "weightedAverageShsOut": 762352941,
    "weightedAverageShsOutDil": 762352941,
    "link": "https://www.sec.gov/Archives/edgar/data/92380/000009238098000014/0000092380-98-000014-index.html",
    "finalLink": "https://www.sec.gov/Archives/edgar/data/92380/"
  },
  {
    "date": "1998-06-30",
    "symbol": "LUV",
    "reportedCurrency": "USD",
    "cik": "0000092380",
    "fillingDate": "1998-08-14",
    "acceptedDate": "1998-08-14 00:00:00",
    "calendarYear": "1998",
    "period": "Q2",
    "revenue": 1078800000,
    "costOfRevenue": 558800000,
    "grossProfit": 520000000,
    "grossProfitRatio": 0.482017056,
    "researchAndDevelopmentExpenses": 0,
    "generalAndAdministrativeExpenses": 508200000,
    "sellingAndMarketingExpenses": -41500000,
    "sellingGeneralAndAdministrativeExpenses": 466700000,
    "otherExpenses": 232200000,
    "operatingExpenses": 698900000,
    "costAndExpenses": 1257700000,
    "interestIncome": 0,
    "interestExpense": 0,
    "depreciationAndAmortization": -54000000,
    "ebitda": -124900000,
    "ebitdaratio": -0.115776789,
    "operatingIncome": -178900000,
    "operatingIncomeRatio": -0.1658324064,
    "totalOtherIncomeExpensesNet": 395500000,
    "incomeBeforeTax": 216600000,
    "incomeBeforeTaxRatio": 0.2007786429,
    "incomeTaxExpense": 83200000,
    "netIncome": 133400000,
    "netIncomeRatio": 0.123655914,
    "eps": 0.18,
    "epsdiluted": 0.17,
    "weightedAverageShsOut": 741111111,
    "weightedAverageShsOutDil": 784705882,
    "link": "https://www.sec.gov/Archives/edgar/data/92380/000009238098000009/0000092380-98-000009-index.html",
    "finalLink": "https://www.sec.gov/Archives/edgar/data/92380/"
  },
  {
    "date": "1998-03-31",
    "symbol": "LUV",
    "reportedCurrency": "USD",
    "cik": "0000092380",
    "fillingDate": "1998-05-14",
    "acceptedDate": "1998-05-14 00:00:00",
    "calendarYear": "1998",
    "period": "Q1",
    "revenue": 942600000,
    "costOfRevenue": 543400000,
    "grossProfit": 399200000,
    "grossProfitRatio": 0.423509442,
    "researchAndDevelopmentExpenses": 0,
    "generalAndAdministrativeExpenses": 476000000,
    "sellingAndMarketingExpenses": -38400000,
    "sellingGeneralAndAdministrativeExpenses": 437600000,
    "otherExpenses": 220400000,
    "operatingExpenses": 658000000,
    "costAndExpenses": 1201400000,
    "interestIncome": 0,
    "interestExpense": 0,
    "depreciationAndAmortization": -52000000,
    "ebitda": -206800000,
    "ebitdaratio": -0.2193931678,
    "operatingIncome": -258800000,
    "operatingIncomeRatio": -0.2745597284,
    "totalOtherIncomeExpensesNet": 372800000,
    "incomeBeforeTax": 114000000,
    "incomeBeforeTaxRatio": 0.1209420751,
    "incomeTaxExpense": 44000000,
    "netIncome": 70000000,
    "netIncomeRatio": 0.0742626777,
    "eps": 0.09,
    "epsdiluted": 0.09,
    "weightedAverageShsOut": 777777778,
    "weightedAverageShsOutDil": 777777778,
    "link": "https://www.sec.gov/Archives/edgar/data/92380/000009238098000005/0000092380-98-000005-index.html",
    "finalLink": "https://www.sec.gov/Archives/edgar/data/92380/"
  },
  {
    "date": "1997-12-31",
    "symbol": "LUV",
    "reportedCurrency": "USD",
    "cik": "0000092380",
    "fillingDate": "1998-04-08",
    "acceptedDate": "1998-04-08 00:00:00",
    "calendarYear": "1997",
    "period": "Q4",
    "revenue": 975521000,
    "costOfRevenue": 559100000,
    "grossProfit": 416421000,
    "grossProfitRatio": 0.4268703595,
    "researchAndDevelopmentExpenses": 0,
    "generalAndAdministrativeExpenses": 319042000,
    "sellingAndMarketingExpenses": -39600000,
    "sellingGeneralAndAdministrativeExpenses": 279442000,
    "otherExpenses": 1529343000,
    "operatingExpenses": 1808785000,
    "costAndExpenses": 2367885000,
    "interestIncome": 0,
    "interestExpense": 0,
    "depreciationAndAmortization": 341368000,
    "ebitda": -1050996000,
    "ebitdaratio": -1.0773689136,
    "operatingIncome": -1392364000,
    "operatingIncomeRatio": -1.4273029489,
    "totalOtherIncomeExpensesNet": 1521720000,
    "incomeBeforeTax": 129356000,
    "incomeBeforeTaxRatio": 0.1326019635,
    "incomeTaxExpense": 48784000,
    "netIncome": 80572000,
    "netIncomeRatio": 0.082593814,
    "eps": 0.1,
    "epsdiluted": 0.1,
    "weightedAverageShsOut": 777777778,
    "weightedAverageShsOutDil": 777777778,
    "link": "https://www.sec.gov/Archives/edgar/data/92380/000009238098000002/0000092380-98-000002-index.html",
    "finalLink": "https://www.sec.gov/Archives/edgar/data/92380/"
  },
  {
    "date": "1997-09-30",
    "symbol": "LUV",
    "reportedCurrency": "USD",
    "cik": "0000092380",
    "fillingDate": "1997-11-14",
    "acceptedDate": "1997-11-14 00:00:00",
    "calendarYear": "1997",
    "period": "Q3",
    "revenue": 997200000,
    "costOfRevenue": 565100000,
    "grossProfit": 432100000,
    "grossProfitRatio": 0.4333132772,
    "researchAndDevelopmentExpenses": 0,
    "generalAndAdministrativeExpenses": 475200000,
    "sellingAndMarketingExpenses": -39900000,
    "sellingGeneralAndAdministrativeExpenses": 435300000,
    "otherExpenses": 218700000,
    "operatingExpenses": 654000000,
    "costAndExpenses": 1219100000,
    "interestIncome": 0,
    "interestExpense": 0,
    "depreciationAndAmortization": -49900000,
    "ebitda": -172000000,
    "ebitdaratio": -0.1724829523,
    "operatingIncome": -221900000,
    "operatingIncomeRatio": -0.2225230646,
    "totalOtherIncomeExpensesNet": 372300000,
    "incomeBeforeTax": 150400000,
    "incomeBeforeTaxRatio": 0.1508223024,
    "incomeTaxExpense": 57900000,
    "netIncome": 92500000,
    "netIncomeRatio": 0.0927597272,
    "eps": 0.12,
    "epsdiluted": 0.12,
    "weightedAverageShsOut": 770833333,
    "weightedAverageShsOutDil": 770833333,
    "link": "https://www.sec.gov/Archives/edgar/data/92380/000009238097000016/0000092380-97-000016-index.html",
    "finalLink": "https://www.sec.gov/Archives/edgar/data/92380/"
  },
  {
    "date": "1997-06-30",
    "symbol": "LUV",
    "reportedCurrency": "USD",
    "cik": "0000092380",
    "fillingDate": "1997-08-14",
    "acceptedDate": "1997-08-14 00:00:00",
    "calendarYear": "1997",
    "period": "Q2",
    "revenue": 956900000,
    "costOfRevenue": 531800000,
    "grossProfit": 425100000,
    "grossProfitRatio": 0.4442470478,
    "researchAndDevelopmentExpenses": 0,
    "generalAndAdministrativeExpenses": 465800000,
    "sellingAndMarketingExpenses": -40600000,
    "sellingGeneralAndAdministrativeExpenses": 425200000,
    "otherExpenses": 201700000,
    "operatingExpenses": 626900000,
    "costAndExpenses": 1158700000,
    "interestIncome": 0,
    "interestExpense": 0,
    "depreciationAndAmortization": -47500000,
    "ebitda": -154300000,
    "ebitdaratio": -0.1612498694,
    "operatingIncome": -201800000,
    "operatingIncomeRatio": -0.2108893301,
    "totalOtherIncomeExpensesNet": 355600000,
    "incomeBeforeTax": 153800000,
    "incomeBeforeTaxRatio": 0.1607273487,
    "incomeTaxExpense": 60000000,
    "netIncome": 93800000,
    "netIncomeRatio": 0.098024872,
    "eps": 0.12,
    "epsdiluted": 0.12,
    "weightedAverageShsOut": 781666667,
    "weightedAverageShsOutDil": 781666667,
    "link": "https://www.sec.gov/Archives/edgar/data/92380/000009238097000014/0000092380-97-000014-index.html",
    "finalLink": "https://www.sec.gov/Archives/edgar/data/92380/"
  },
  {
    "date": "1997-03-31",
    "symbol": "LUV",
    "reportedCurrency": "USD",
    "cik": "0000092380",
    "fillingDate": "1997-05-15",
    "acceptedDate": "1997-05-15 00:00:00",
    "calendarYear": "1997",
    "period": "Q1",
    "revenue": 887100000,
    "costOfRevenue": 548000000,
    "grossProfit": 339100000,
    "grossProfitRatio": 0.3822567918,
    "researchAndDevelopmentExpenses": 0,
    "generalAndAdministrativeExpenses": 439400000,
    "sellingAndMarketingExpenses": -37100000,
    "sellingGeneralAndAdministrativeExpenses": 402300000,
    "otherExpenses": 206300000,
    "operatingExpenses": 608600000,
    "costAndExpenses": 1156600000,
    "interestIncome": 0,
    "interestExpense": 0,
    "depreciationAndAmortization": -48400000,
    "ebitda": -221100000,
    "ebitdaratio": -0.2492390937,
    "operatingIncome": -269500000,
    "operatingIncomeRatio": -0.3037988953,
    "totalOtherIncomeExpensesNet": 352900000,
    "incomeBeforeTax": 83400000,
    "incomeBeforeTaxRatio": 0.0940142036,
    "incomeTaxExpense": 32500000,
    "netIncome": 50900000,
    "netIncomeRatio": 0.0573779732,
    "eps": 0.07,
    "epsdiluted": 0.07,
    "weightedAverageShsOut": 727142857,
    "weightedAverageShsOutDil": 727142857,
    "link": "https://www.sec.gov/Archives/edgar/data/92380/000009238097000006/0000092380-97-000006-index.html",
    "finalLink": "https://www.sec.gov/Archives/edgar/data/92380/"
  },
  {
    "date": "1996-12-31",
    "symbol": "LUV",
    "reportedCurrency": "USD",
    "cik": "0000092380",
    "fillingDate": "1997-07-10",
    "acceptedDate": "1997-07-10 00:00:00",
    "calendarYear": "1996",
    "period": "Q4",
    "revenue": 831870000,
    "costOfRevenue": 549600000,
    "grossProfit": 282270000,
    "grossProfitRatio": 0.3393198456,
    "researchAndDevelopmentExpenses": 0,
    "generalAndAdministrativeExpenses": 417700000,
    "sellingAndMarketingExpenses": -34400000,
    "sellingGeneralAndAdministrativeExpenses": 383300000,
    "otherExpenses": 1323935000,
    "operatingExpenses": 1707235000,
    "costAndExpenses": 2256835000,
    "interestIncome": 0,
    "interestExpense": 0,
    "depreciationAndAmortization": 319770000,
    "ebitda": -1105195000,
    "ebitdaratio": -1.3285669636,
    "operatingIncome": -1424965000,
    "operatingIncomeRatio": -1.7129659682,
    "totalOtherIncomeExpensesNet": 1471327000,
    "incomeBeforeTax": 46362000,
    "incomeBeforeTaxRatio": 0.0557322659,
    "incomeTaxExpense": 18225000,
    "netIncome": 28137000,
    "netIncomeRatio": 0.0338237946,
    "eps": 0.0387,
    "epsdiluted": 0.0387,
    "weightedAverageShsOut": 727142857,
    "weightedAverageShsOutDil": 727142857,
    "link": "https://www.sec.gov/Archives/edgar/data/92380/000009238097000010/0000092380-97-000010-index.html",
    "finalLink": "https://www.sec.gov/Archives/edgar/data/92380/"
  },
  {
    "date": "1996-09-30",
    "symbol": "LUV",
    "reportedCurrency": "USD",
    "cik": "0000092380",
    "fillingDate": "1996-11-13",
    "acceptedDate": "1996-11-13 00:00:00",
    "calendarYear": "1996",
    "period": "Q3",
    "revenue": 891500000,
    "costOfRevenue": 547800000,
    "grossProfit": 343700000,
    "grossProfitRatio": 0.3855300056,
    "researchAndDevelopmentExpenses": 0,
    "generalAndAdministrativeExpenses": 426200000,
    "sellingAndMarketingExpenses": -37100000,
    "sellingGeneralAndAdministrativeExpenses": 389100000,
    "otherExpenses": 202800000,
    "operatingExpenses": 591900000,
    "costAndExpenses": 1139700000,
    "interestIncome": 0,
    "interestExpense": 0,
    "depreciationAndAmortization": -46200000,
    "ebitda": -202000000,
    "ebitdaratio": -0.2265844083,
    "operatingIncome": -248200000,
    "operatingIncomeRatio": -0.2784071789,
    "totalOtherIncomeExpensesNet": 348500000,
    "incomeBeforeTax": 100300000,
    "incomeBeforeTaxRatio": 0.1125070107,
    "incomeTaxExpense": 39400000,
    "netIncome": 60900000,
    "netIncomeRatio": 0.068311834,
    "eps": 0.08,
    "epsdiluted": 0.08,
    "weightedAverageShsOut": 761250000,
    "weightedAverageShsOutDil": 761250000,
    "link": "https://www.sec.gov/Archives/edgar/data/92380/000009238096000015/0000092380-96-000015-index.html",
    "finalLink": "https://www.sec.gov/Archives/edgar/data/92380/"
  },
  {
    "date": "1996-06-30",
    "symbol": "LUV",
    "reportedCurrency": "USD",
    "cik": "0000092380",
    "fillingDate": "1996-08-14",
    "acceptedDate": "1996-08-14 00:00:00",
    "calendarYear": "1996",
    "period": "Q2",
    "revenue": 910300000,
    "costOfRevenue": 517600000,
    "grossProfit": 392700000,
    "grossProfitRatio": 0.431396243,
    "researchAndDevelopmentExpenses": 0,
    "generalAndAdministrativeExpenses": 424600000,
    "sellingAndMarketingExpenses": -37600000,
    "sellingGeneralAndAdministrativeExpenses": 387000000,
    "otherExpenses": 198600000,
    "operatingExpenses": 585600000,
    "costAndExpenses": 1103200000,
    "interestIncome": 0,
    "interestExpense": 0,
    "depreciationAndAmortization": -46100000,
    "ebitda": -146800000,
    "ebitdaratio": -0.1612655169,
    "operatingIncome": -192900000,
    "operatingIncomeRatio": -0.2119081621,
    "totalOtherIncomeExpensesNet": 332900000,
    "incomeBeforeTax": 140000000,
    "incomeBeforeTaxRatio": 0.153795452,
    "incomeTaxExpense": 54700000,
    "netIncome": 85300000,
    "netIncomeRatio": 0.0937053719,
    "eps": 0.11,
    "epsdiluted": 0.11,
    "weightedAverageShsOut": 775454545,
    "weightedAverageShsOutDil": 775454545,
    "link": "https://www.sec.gov/Archives/edgar/data/92380/000009238096000013/0000092380-96-000013-index.html",
    "finalLink": "https://www.sec.gov/Archives/edgar/data/92380/"
  },
  {
    "date": "1996-03-31",
    "symbol": "LUV",
    "reportedCurrency": "USD",
    "cik": "0000092380",
    "fillingDate": "1996-05-14",
    "acceptedDate": "1996-05-14 00:00:00",
    "calendarYear": "1996",
    "period": "Q1",
    "revenue": 772500000,
    "costOfRevenue": 492300000,
    "grossProfit": 280200000,
    "grossProfitRatio": 0.3627184466,
    "researchAndDevelopmentExpenses": 0,
    "generalAndAdministrativeExpenses": 391400000,
    "sellingAndMarketingExpenses": -31800000,
    "sellingGeneralAndAdministrativeExpenses": 359600000,
    "otherExpenses": 189400000,
    "operatingExpenses": 549000000,
    "costAndExpenses": 1041300000,
    "interestIncome": 0,
    "interestExpense": 0,
    "depreciationAndAmortization": -44000000,
    "ebitda": -224800000,
    "ebitdaratio": -0.2910032362,
    "operatingIncome": -268800000,
    "operatingIncomeRatio": -0.347961165,
    "totalOtherIncomeExpensesNet": 323600000,
    "incomeBeforeTax": 54800000,
    "incomeBeforeTaxRatio": 0.0709385113,
    "incomeTaxExpense": 21800000,
    "netIncome": 33000000,
    "netIncomeRatio": 0.0427184466,
    "eps": 0.05,
    "epsdiluted": 0.05,
    "weightedAverageShsOut": 660000000,
    "weightedAverageShsOutDil": 660000000,
    "link": "https://www.sec.gov/Archives/edgar/data/92380/000009238096000005/0000092380-96-000005-index.html",
    "finalLink": "https://www.sec.gov/Archives/edgar/data/92380/"
  },
  {
    "date": "1995-12-31",
    "symbol": "LUV",
    "reportedCurrency": "USD",
    "cik": "0000092380",
    "fillingDate": "1996-03-28",
    "acceptedDate": "1996-03-28 00:00:00",
    "calendarYear": "1995",
    "period": "Q4",
    "revenue": 748551000,
    "costOfRevenue": 469400000,
    "grossProfit": 279151000,
    "grossProfitRatio": 0.3729218183,
    "researchAndDevelopmentExpenses": 0,
    "generalAndAdministrativeExpenses": 368900000,
    "sellingAndMarketingExpenses": -31000000,
    "sellingGeneralAndAdministrativeExpenses": 337900000,
    "otherExpenses": 1091920000,
    "operatingExpenses": 1429820000,
    "costAndExpenses": 1899220000,
    "interestIncome": 0,
    "interestExpense": 0,
    "depreciationAndAmortization": 271171000,
    "ebitda": -879498000,
    "ebitdaratio": -1.1749339724,
    "operatingIncome": -1150669000,
    "operatingIncomeRatio": -1.5371951944,
    "totalOtherIncomeExpensesNet": 1220709000,
    "incomeBeforeTax": 70040000,
    "incomeBeforeTaxRatio": 0.093567439,
    "incomeTaxExpense": 26714000,
    "netIncome": 43326000,
    "netIncomeRatio": 0.0578798238,
    "eps": 0.0656,
    "epsdiluted": 0.0656,
    "weightedAverageShsOut": 660000000,
    "weightedAverageShsOutDil": 660000000,
    "link": "https://www.sec.gov/Archives/edgar/data/92380/000095013496000944/0000950134-96-000944-index.html",
    "finalLink": "https://www.sec.gov/Archives/edgar/data/92380/"
  },
  {
    "date": "1995-09-30",
    "symbol": "LUV",
    "reportedCurrency": "USD",
    "cik": "0000092380",
    "fillingDate": "1995-11-14",
    "acceptedDate": "1995-11-14 00:00:00",
    "calendarYear": "1995",
    "period": "Q3",
    "revenue": 765000000,
    "costOfRevenue": 442700000,
    "grossProfit": 322300000,
    "grossProfitRatio": 0.4213071895,
    "researchAndDevelopmentExpenses": 0,
    "generalAndAdministrativeExpenses": 372800000,
    "sellingAndMarketingExpenses": -31600000,
    "sellingGeneralAndAdministrativeExpenses": 341200000,
    "otherExpenses": 161800000,
    "operatingExpenses": 503000000,
    "costAndExpenses": 945700000,
    "interestIncome": 0,
    "interestExpense": 0,
    "depreciationAndAmortization": -38800000,
    "ebitda": -141900000,
    "ebitdaratio": -0.1854901961,
    "operatingIncome": -180700000,
    "operatingIncomeRatio": -0.2362091503,
    "totalOtherIncomeExpensesNet": 294900000,
    "incomeBeforeTax": 114200000,
    "incomeBeforeTaxRatio": 0.1492810458,
    "incomeTaxExpense": 46500000,
    "netIncome": 67700000,
    "netIncomeRatio": 0.088496732,
    "eps": 0.09,
    "epsdiluted": 0.09,
    "weightedAverageShsOut": 752222222,
    "weightedAverageShsOutDil": 752222222,
    "link": "https://www.sec.gov/Archives/edgar/data/92380/000009238095000034/0000092380-95-000034-index.html",
    "finalLink": "https://www.sec.gov/Archives/edgar/data/92380/"
  }
]