[
  {
    "date": "2024-12-31",
    "symbol": "LUV",
    "reportedCurrency": "USD",
    "cik": "0000092380",
    "fillingDate": "2025-02-07",
    "acceptedDate": "2025-02-07 16:00:58",
    "calendarYear": "2024",
    "period": "FY",
    "revenue": 27483000000,
    "costOfRevenue": 23024000000,
    "grossProfit": 4459000000,
    "grossProfitRatio": 0.1622457519,
    "researchAndDevelopmentExpenses": 0,
    "generalAndAdministrativeExpenses": 0,
    "sellingAndMarketingExpenses": 0,
    "sellingGeneralAndAdministrativeExpenses": 0,
    "otherExpenses": 4138000000,
    "operatingExpenses": 4138000000,
    "costAndExpenses": 27162000000,
    "interestIncome": 497000000,
    "interestExpense": 214000000,
    "depreciationAndAmortization": 1657000000,
    "ebitda": 2469000000,
    "ebitdaratio": 0.089837354,
    "operatingIncome": 321000000,
    "operatingIncomeRatio": 0.0116799476,
    "totalOtherIncomeExpensesNet": 277000000,
    "incomeBeforeTax": 598000000,
    "incomeBeforeTaxRatio": 0.0217589055,
    "incomeTaxExpense": 133000000,
    "netIncome": 465000000,
    "netIncomeRatio": 0.0169195503,
    "eps": 0.81,
    "epsdiluted": 0.75,
    "weightedAverageShsOut": 598000000,
    "weightedAverageShsOutDil": 643000000,
    "link": "https://www.sec.gov/Archives/edgar/data/92380/000009238025000024/0000092380-25-000024-index.htm",
    "finalLink": "https://www.sec.gov/Archives/edgar/data/92380/000009238025000024/luv-20241231.htm"
  },
  {
    "date": "2023-12-31",
    "symbol": "LUV",
    "reportedCurrency": "USD",
    "cik": "0000092380",
    "fillingDate": "2024-02-06",
    "acceptedDate": "2024-02-06 17:09:57",
    "calendarYear": "2023",
    "period": "FY",
    "revenue": 26091000000,
    "costOfRevenue": 21868000000,
    "grossProfit": 4223000000,
    "grossProfitRatio": 0.1618565789,
    "researchAndDevelopmentExpenses": 0,
    "generalAndAdministrativeExpenses": 0,
    "sellingAndMarketingExpenses": 0,
    "sellingGeneralAndAdministrativeExpenses": 0,
    "otherExpenses": 3999000000,
    "operatingExpenses": 3999000000,
    "costAndExpenses": 25867000000,
    "interestIncome": 583000000,
    "interestExpense": 236000000,
    "depreciationAndAmortization": 1522000000,
    "ebitda": 2391000000,
    "ebitdaratio": 0.0916407957,
    "operatingIncome": 224000000,
    "operatingIncomeRatio": 0.0085853359,
    "totalOtherIncomeExpensesNet": 409000000,
    "incomeBeforeTax": 633000000,
    "incomeBeforeTaxRatio": 0.0242612395,
    "incomeTaxExpense": 168000000,
    "netIncome": 465000000,
    "netIncomeRatio": 0.0178222376,
    "eps": 0.81,
    "epsdiluted": 0.76,
    "weightedAverageShsOut": 595000000,
    "weightedAverageShsOutDil": 640000000,
    "link": "https://www.sec.gov/Archives/edgar/data/92380/000009238024000027/0000092380-24-000027-index.htm",
    "finalLink": "https://www.sec.gov/Archives/edgar/data/92380/000009238024000027/luv-20231231.htm"
  },
  {
    "date": "2022-12-31",
    "symbol": "LUV",
    "reportedCurrency": "USD",
    "cik": "0000092380",
    "fillingDate": "2023-02-07",
    "acceptedDate": "2023-02-06 17:38:32",
    "calendarYear": "2022",
    "period": "FY",
    "revenue": 23814000000,
    "costOfRevenue": 19062000000,
    "grossProfit": 4752000000,
    "grossProfitRatio": 0.1995464853,
    "researchAndDevelopmentExpenses": 0,
    "generalAndAdministrativeExpenses": 0,
    "sellingAndMarketingExpenses": 0,
    "sellingGeneralAndAdministrativeExpenses": 0,
    "otherExpenses": 3735000000,
    "operatingExpenses": 3735000000,
    "costAndExpenses": 22797000000,
    "interestIncome": 217000000,
    "interestExpense": 301000000,
    "depreciationAndAmortization": 1351000000,
    "ebitda": 2380000000,
    "ebitdaratio": 0.0999412111,
    "operatingIncome": 1017000000,
    "operatingIncomeRatio": 0.0427059713,
    "totalOtherIncomeExpensesNet": -289000000,
    "incomeBeforeTax": 728000000,
    "incomeBeforeTaxRatio": 0.0305702528,
    "incomeTaxExpense": 189000000,
    "netIncome": 539000000,
    "netIncomeRatio": 0.0226337449,
    "eps": 0.91,
    "epsdiluted": 0.87,
    "weightedAverageShsOut": 593000000,
    "weightedAverageShsOutDil": 642000000,
    "link": "https://www.sec.gov/Archives/edgar/data/92380/000009238023000010/0000092380-23-000010-index.htm",
    "finalLink": "https://www.sec.gov/Archives/edgar/data/92380/000009238023000010/luv-20221231.htm"
  },
  {
    "date": "2021-12-31",
    "symbol": "LUV",
    "reportedCurrency": "USD",
    "cik": "0000092380",
    "fillingDate": "2022-02-07",
    "acceptedDate": "2022-02-04 17:59:21",
    "calendarYear": "2021",
    "period": "FY",
    "revenue": 15790000000,
    "costOfRevenue": 11675000000,
    "grossProfit": 4115000000,
    "grossProfitRatio": 0.2606079797,
    "researchAndDevelopmentExpenses": 0,
    "generalAndAdministrativeExpenses": 0,
    "sellingAndMarketingExpenses": 0,
    "sellingGeneralAndAdministrativeExpenses": 0,
    "otherExpenses": 2394000000,
    "operatingExpenses": 2394000000,
    "costAndExpenses": 14069000000,
    "interestIncome": 13000000,
    "interestExpense": 431000000,
    "depreciationAndAmortization": 1272000000,
    "ebitda": 3028000000,
    "ebitdaratio": 0.1917669411,
    "operatingIncome": 1721000000,
    "operatingIncomeRatio": 0.1089930336,
    "totalOtherIncomeExpensesNet": -396000000,
    "incomeBeforeTax": 1325000000,
    "incomeBeforeTaxRatio": 0.0839138695,
    "incomeTaxExpense": 348000000,
    "netIncome": 977000000,
    "netIncomeRatio": 0.0618746042,
    "eps": 1.65,
    "epsdiluted": 1.61,
    "weightedAverageShsOut": 592000000,
    "weightedAverageShsOutDil": 609000000,
    "link": "https://www.sec.gov/Archives/edgar/data/92380/000009238022000007/0000092380-22-000007-index.htm",
    "finalLink": "https://www.sec.gov/Archives/edgar/data/92380/000009238022000007/luv-20211231.htm"
  },
  {
    "date": "2020-12-31",
    "symbol": "LUV",
    "reportedCurrency": "USD",
    "cik": "0000092380",
    "fillingDate": "2021-02-08",
    "acceptedDate": "2021-02-08 13:37:31",
    "calendarYear": "2020",
    "period": "FY",
    "revenue": 9048000000,
    "costOfRevenue": 10938000000,
    "grossProfit": -1890000000,
    "grossProfitRatio": -0.2088859416,
    "researchAndDevelopmentExpenses": 0,
    "generalAndAdministrativeExpenses": 0,
    "sellingAndMarketingExpenses": 0,
    "sellingGeneralAndAdministrativeExpenses": 0,
    "otherExpenses": 1926000000,
    "operatingExpenses": 1926000000,
    "costAndExpenses": 12864000000,
    "interestIncome": 32000000,
    "interestExpense": 314000000,
    "depreciationAndAmortization": 1255000000,
    "ebitda": -2687000000,
    "ebitdaratio": -0.2969717065,
    "operatingIncome": -3816000000,
    "operatingIncomeRatio": -0.4217506631,
    "totalOtherIncomeExpensesNet": -440000000,
    "incomeBeforeTax": -4256000000,
    "incomeBeforeTaxRatio": -0.4703801945,
    "incomeTaxExpense": -1182000000,
    "netIncome": -3074000000,
    "netIncomeRatio": -0.3397435897,
    "eps": -5.44,
    "epsdiluted": -5.44,
    "weightedAverageShsOut": 565000000,
    "weightedAverageShsOutDil": 565000000,
    "link": "https://www.sec.gov/Archives/edgar/data/92380/000009238021000033/0000092380-21-000033-index.htm",
    "finalLink": "https://www.sec.gov/Archives/edgar/data/92380/000009238021000033/luv-20201231.htm"
  },
  {
    "date": "2019-12-31",
    "symbol": "LUV",
    "reportedCurrency": "USD",
    "cik": "0000092380",
    "fillingDate": "2020-02-04",
    "acceptedDate": "2020-02-03 18:19:28",
    "calendarYear": "2019",
    "period": "FY",
    "revenue": 22428000000,
    "costOfRevenue": 16445000000,
    "grossProfit": 5983000000,
    "grossProfitRatio": 0.2667647583,
    "researchAndDevelopmentExpenses": 0,
    "generalAndAdministrativeExpenses": 0,
    "sellingAndMarketingExpenses": 0,
    "sellingGeneralAndAdministrativeExpenses": 0,
    "otherExpenses": 3026000000,
    "operatingExpenses": 3026000000,
    "costAndExpenses": 19471000000,
    "interestIncome": 90000000,
    "interestExpense": 82000000,
    "depreciationAndAmortization": 1219000000,
    "ebitda": 4258000000,
    "ebitdaratio": 0.1898519708,
    "operatingIncome": 2957000000,
    "operatingIncomeRatio": 0.1318441234,
    "totalOtherIncomeExpensesNet": 0,
    "incomeBeforeTax": 2957000000,
    "incomeBeforeTaxRatio": 0.1318441234,
    "incomeTaxExpense": 657000000,
    "netIncome": 2300000000,
    "netIncomeRatio": 0.1025503834,
    "eps": 4.28,
    "epsdiluted": 4.27,
    "weightedAverageShsOut": 538000000,
    "weightedAverageShsOutDil": 539000000,
    "link": "https://www.sec.gov/Archives/edgar/data/92380/000009238020000024/0000092380-20-000024-index.htm",
    "finalLink": "https://www.sec.gov/Archives/edgar/data/92380/000009238020000024/luv-12312019x10k.htm"
  },
  {
    "date": "2018-12-31",
    "symbol": "LUV",
    "reportedCurrency": "USD",
    "cik": "0000092380",
    "fillingDate": "2019-02-05",
    "acceptedDate": "2019-02-05 09:00:47",
    "calendarYear": "2018",
    "period": "FY",
    "revenue": 21965000000,
    "costOfRevenue": 15907000000,
    "grossProfit": 6058000000,
    "grossProfitRatio": 0.2758024129,
    "researchAndDevelopmentExpenses": 0,
    "generalAndAdministrativeExpenses": 0,
    "sellingAndMarketingExpenses": 0,
    "sellingGeneralAndAdministrativeExpenses": 0,
    "otherExpenses": 2852000000,
    "operatingExpenses": 2852000000,
    "costAndExpenses": 18759000000,
    "interestIncome": 69000000,
    "interestExpense": 93000000,
    "depreciationAndAmortization": 1201000000,
    "ebitda": 4458000000,
    "ebitdaratio": 0.2029592534,
    "operatingIncome": 3206000000,
    "operatingIncomeRatio": 0.145959481,
    "totalOtherIncomeExpensesNet": -42000000,
    "incomeBeforeTax": 3164000000,
    "incomeBeforeTaxRatio": 0.1440473481,
    "incomeTaxExpense": 699000000,
    "netIncome": 2465000000,
    "netIncomeRatio": 0.1122239927,
    "eps": 4.3,
    "epsdiluted": 4.29,
    "weightedAverageShsOut": 573000000,
    "weightedAverageShsOutDil": 574000000,
    "link": "https://www.sec.gov/Archives/edgar/data/92380/000009238019000022/0000092380-19-000022-index.htm",
    "finalLink": "https://www.sec.gov/Archives/edgar/data/92380/000009238019000022/luv-12312018x10k.htm"
  },
  {
    "date": "2017-12-31",
    "symbol": "LUV",
    "reportedCurrency": "USD",
    "cik": "0000092380",
    "fillingDate": "2018-02-07",
    "acceptedDate": "2018-02-07 12:58:11",
    "calendarYear": "2017",
    "period": "FY",
    "revenue": 21171000000,
    "costOfRevenue": 14892000000,
    "grossProfit": 6254000000,
    "grossProfitRatio": 0.2954040905,
    "researchAndDevelopmentExpenses": 0,
    "generalAndAdministrativeExpenses": 0,
    "sellingAndMarketingExpenses": 0,
    "sellingGeneralAndAdministrativeExpenses": 0,
    "otherExpenses": 2847000000,
    "operatingExpenses": 2847000000,
    "costAndExpenses": 17739000000,
    "interestIncome": 35000000,
    "interestExpense": 65000000,
    "depreciationAndAmortization": 1218000000,
    "ebitda": 4548000000,
    "ebitdaratio": 0.2148221624,
    "operatingIncome": 3407000000,
    "operatingIncomeRatio": 0.1609276841,
    "totalOtherIncomeExpensesNet": -142000000,
    "incomeBeforeTax": 3265000000,
    "incomeBeforeTaxRatio": 0.1542203958,
    "incomeTaxExpense": -92000000,
    "netIncome": 3488000000,
    "netIncomeRatio": 0.1647536725,
    "eps": 5.8,
    "epsdiluted": 5.78,
    "weightedAverageShsOut": 601000000,
    "weightedAverageShsOutDil": 603000000,
    "link": "https://www.sec.gov/Archives/edgar/data/92380/000009238018000031/0000092380-18-000031-index.htm",
    "finalLink": "https://www.sec.gov/Archives/edgar/data/92380/000009238018000031/luv-12312017x10k.htm"
  },
  {
    "date": "2016-12-31",
    "symbol": "LUV",
    "reportedCurrency": "USD",
    "cik": "0000092380",
    "fillingDate": "2017-02-07",
    "acceptedDate": "2017-02-07 16:34:39",
    "calendarYear": "2016",
    "period": "FY",
    "revenue": 20425000000,
    "costOfRevenue": 14064000000,
    "grossProfit": 6225000000,
    "grossProfitRatio": 0.3047735618,
    "researchAndDevelopmentExpenses": 0,
    "generalAndAdministrativeExpenses": 0,
    "sellingAndMarketingExpenses": 0,
    "sellingGeneralAndAdministrativeExpenses": 0,
    "otherExpenses": 2703000000,
    "operatingExpenses": 2703000000,
    "costAndExpenses": 16767000000,
    "interestIncome": 24000000,
    "interestExpense": 75000000,
    "depreciationAndAmortization": 1221000000,
    "ebitda": 4746000000,
    "ebitdaratio": 0.2323623011,
    "operatingIncome": 3522000000,
    "operatingIncomeRatio": 0.1724357405,
    "totalOtherIncomeExpensesNet": -72000000,
    "incomeBeforeTax": 3450000000,
    "incomeBeforeTaxRatio": 0.1689106487,
    "incomeTaxExpense": 1267000000,
    "netIncome": 2244000000,
    "netIncomeRatio": 0.1098653611,
    "eps": 3.58,
    "epsdiluted": 3.55,
    "weightedAverageShsOut": 627000000,
    "weightedAverageShsOutDil": 633000000,
    "link": "https://www.sec.gov/Archives/edgar/data/92380/000009238017000029/0000092380-17-000029-index.htm",
    "finalLink": "https://www.sec.gov/Archives/edgar/data/92380/000009238017000029/luv-12312016x10k.htm"
  },
  {
    "date": "2015-12-31",
    "symbol": "LUV",
    "reportedCurrency": "USD",
    "cik": "0000092380",
    "fillingDate": "2016-02-03",
    "acceptedDate": "2016-02-02 19:09:00",
    "calendarYear": "2015",
    "period": "FY",
    "revenue": 19820000000,
    "costOfRevenue": 13423000000,
    "grossProfit": 6397000000,
    "grossProfitRatio": 0.3227547931,
    "researchAndDevelopmentExpenses": 0,
    "generalAndAdministrativeExpenses": 0,
    "sellingAndMarketingExpenses": 0,
    "sellingGeneralAndAdministrativeExpenses": 0,
    "otherExpenses": 2281000000,
    "operatingExpenses": 2281000000,
    "costAndExpenses": 15704000000,
    "interestIncome": 9000000,
    "interestExpense": 90000000,
    "depreciationAndAmortization": 1015000000,
    "ebitda": 4584000000,
    "ebitdaratio": 0.2312815338,
    "operatingIncome": 4116000000,
    "operatingIncomeRatio": 0.2076690212,
    "totalOtherIncomeExpensesNet": -637000000,
    "incomeBeforeTax": 3479000000,
    "incomeBeforeTaxRatio": 0.1755297679,
    "incomeTaxExpense": 1298000000,
    "netIncome": 2181000000,
    "netIncomeRatio": 0.1100403633,
    "eps": 3.3,
    "epsdiluted": 3.26,
    "weightedAverageShsOut": 661000000,
    "weightedAverageShsOutDil": 669000000,
    "link": "https://www.sec.gov/Archives/edgar/data/92380/000009238016000175/0000092380-16-000175-index.htm",
    "finalLink": "https://www.sec.gov/Archives/edgar/data/92380/000009238016000175/luv-12312015x10k.htm"
  },
  {
    "date": "2014-12-31",
    "symbol": "LUV",
    "reportedCurrency": "USD",
    "cik": "0000092380",
    "fillingDate": "2015-02-11",
    "acceptedDate": "2015-02-11 15:34:29",
    "calendarYear": "2014",
    "period": "FY",
    "revenue": 18605000000,
    "costOfRevenue": 14049000000,
    "grossProfit": 4556000000,
    "grossProfitRatio": 0.2448804085,
    "researchAndDevelopmentExpenses": 0,
    "generalAndAdministrativeExpenses": 0,
    "sellingAndMarketingExpenses": 0,
    "sellingGeneralAndAdministrativeExpenses": 0,
    "otherExpenses": 2331000000,
    "operatingExpenses": 2331000000,
    "costAndExpenses": 16380000000,
    "interestIncome": 7000000,
    "interestExpense": 107000000,
    "depreciationAndAmortization": 938000000,
    "ebitda": 2861000000,
    "ebitdaratio": 0.1537758667,
    "operatingIncome": 2225000000,
    "operatingIncomeRatio": 0.1195915077,
    "totalOtherIncomeExpensesNet": -409000000,
    "incomeBeforeTax": 1816000000,
    "incomeBeforeTaxRatio": 0.0976081698,
    "incomeTaxExpense": 680000000,
    "netIncome": 1136000000,
    "netIncomeRatio": 0.0610588551,
    "eps": 1.65,
    "epsdiluted": 1.63,
    "weightedAverageShsOut": 687000000,
    "weightedAverageShsOutDil": 696000000,
    "link": "https://www.sec.gov/Archives/edgar/data/92380/000009238015000030/0000092380-15-000030-index.htm",
    "finalLink": "https://www.sec.gov/Archives/edgar/data/92380/000009238015000030/luv-12312014x10ka.htm"
  },
  {
    "date": "2013-12-31",
    "symbol": "LUV",
    "reportedCurrency": "USD",
    "cik": "0000092380",
    "fillingDate": "2014-02-04",
    "acceptedDate": "2014-02-03 20:12:25",
    "calendarYear": "2013",
    "period": "FY",
    "revenue": 17699000000,
    "costOfRevenue": 14209000000,
    "grossProfit": 3490000000,
    "grossProfitRatio": 0.1971862817,
    "researchAndDevelopmentExpenses": 0,
    "generalAndAdministrativeExpenses": 0,
    "sellingAndMarketingExpenses": 0,
    "sellingGeneralAndAdministrativeExpenses": 0,
    "otherExpenses": 2212000000,
    "operatingExpenses": 2212000000,
    "costAndExpenses": 16421000000,
    "interestIncome": 6000000,
    "interestExpense": 107000000,
    "depreciationAndAmortization": 867000000,
    "ebitda": 2183000000,
    "ebitdaratio": 0.1233403017,
    "operatingIncome": 1278000000,
    "operatingIncomeRatio": 0.0722074693,
    "totalOtherIncomeExpensesNet": -69000000,
    "incomeBeforeTax": 1209000000,
    "incomeBeforeTaxRatio": 0.068308944,
    "incomeTaxExpense": 455000000,
    "netIncome": 754000000,
    "netIncomeRatio": 0.0426012769,
    "eps": 1.06,
    "epsdiluted": 1.05,
    "weightedAverageShsOut": 710000000,
    "weightedAverageShsOutDil": 718000000,
    "link": "https://www.sec.gov/Archives/edgar/data/92380/000009238014000010/0000092380-14-000010-index.htm",
    "finalLink": "https://www.sec.gov/Archives/edgar/data/92380/000009238014000010/luv-12312013x10k.htm"
  },
  {
    "date": "2012-12-31",
    "symbol": "LUV",
    "reportedCurrency": "USD",
    "cik": "0000092380",
    "fillingDate": "2013-02-07",
    "acceptedDate": "2013-02-06 19:28:58",
    "calendarYear": "2012",
    "period": "FY",
    "revenue": 17088000000,
    "costOfRevenue": 14243000000,
    "grossProfit": 2845000000,
    "grossProfitRatio": 0.1664911049,
    "researchAndDevelopmentExpenses": 0,
    "generalAndAdministrativeExpenses": 0,
    "sellingAndMarketingExpenses": 0,
    "sellingGeneralAndAdministrativeExpenses": 0,
    "otherExpenses": 2222000000,
    "operatingExpenses": 2222000000,
    "costAndExpenses": 16465000000,
    "interestIncome": 7000000,
    "interestExpense": 126000000,
    "depreciationAndAmortization": 844000000,
    "ebitda": 1655000000,
    "ebitdaratio": 0.0968515918,
    "operatingIncome": 623000000,
    "operatingIncomeRatio": 0.0364583333,
    "totalOtherIncomeExpensesNet": 62000000,
    "incomeBeforeTax": 685000000,
    "incomeBeforeTaxRatio": 0.0400866105,
    "incomeTaxExpense": 264000000,
    "netIncome": 421000000,
    "netIncomeRatio": 0.0246371723,
    "eps": 0.56,
    "epsdiluted": 0.56,
    "weightedAverageShsOut": 750000000,
    "weightedAverageShsOutDil": 757000000,
    "link": "https://www.sec.gov/Archives/edgar/data/92380/000119312513041608/0001193125-13-041608-index.htm",
    "finalLink": "https://www.sec.gov/Archives/edgar/data/92380/000119312513041608/d480533d10k.htm"
  },
  {
    "date": "2011-12-31",
    "symbol": "LUV",
    "reportedCurrency": "USD",
    "cik": "0000092380",
    "fillingDate": "2012-02-09",
    "acceptedDate": "2012-02-09 17:23:28",
    "calendarYear": "2011",
    "period": "FY",
    "revenue": 15658000000,
    "costOfRevenue": 12952000000,
    "grossProfit": 2706000000,
    "grossProfitRatio": 0.1728190063,
    "researchAndDevelopmentExpenses": 0,
    "generalAndAdministrativeExpenses": 4371000000,
    "sellingAndMarketingExpenses": 0,
    "sellingGeneralAndAdministrativeExpenses": 4371000000,
    "otherExpenses": -2358000000,
    "operatingExpenses": 2013000000,
    "costAndExpenses": 14965000000,
    "interestIncome": 10000000,
    "interestExpense": 182000000,
    "depreciationAndAmortization": 715000000,
    "ebitda": 1220000000,
    "ebitdaratio": 0.0779154426,
    "operatingIncome": 693000000,
    "operatingIncomeRatio": 0.044258526,
    "totalOtherIncomeExpensesNet": -370000000,
    "incomeBeforeTax": 323000000,
    "incomeBeforeTaxRatio": 0.0206284328,
    "incomeTaxExpense": 145000000,
    "netIncome": 178000000,
    "netIncomeRatio": 0.0113679908,
    "eps": 0.23,
    "epsdiluted": 0.23,
    "weightedAverageShsOut": 774000000,
    "weightedAverageShsOutDil": 775000000,
    "link": "https://www.sec.gov/Archives/edgar/data/92380/000119312512049647/0001193125-12-049647-index.htm",
    "finalLink": "https://www.sec.gov/Archives/edgar/data/92380/000119312512049647/d293991d10k.htm"
  },
  {
    "date": "2010-12-31",
    "symbol": "LUV",
    "reportedCurrency": "USD",
    "cik": "0000092380",
    "fillingDate": "2011-02-08",
    "acceptedDate": "2011-02-07 19:13:03",
    "calendarYear": "2010",
    "period": "FY",
    "revenue": 12104000000,
    "costOfRevenue": 9690000000,
    "grossProfit": 2414000000,
    "grossProfitRatio": 0.1994382022,
    "researchAndDevelopmentExpenses": 0,
    "generalAndAdministrativeExpenses": 3704000000,
    "sellingAndMarketingExpenses": 0,
    "sellingGeneralAndAdministrativeExpenses": 3704000000,
    "otherExpenses": -2278000000,
    "operatingExpenses": 1426000000,
    "costAndExpenses": 11116000000,
    "interestIncome": 30000000,
    "interestExpense": 149000000,
    "depreciationAndAmortization": 628000000,
    "ebitda": 1522000000,
    "ebitdaratio": 0.1257435558,
    "operatingIncome": 988000000,
    "operatingIncomeRatio": 0.0816259088,
    "totalOtherIncomeExpensesNet": -243000000,
    "incomeBeforeTax": 745000000,
    "incomeBeforeTaxRatio": 0.0615499009,
    "incomeTaxExpense": 286000000,
    "netIncome": 459000000,
    "netIncomeRatio": 0.0379213483,
    "eps": 0.62,
    "epsdiluted": 0.61,
    "weightedAverageShsOut": 746000000,
    "weightedAverageShsOutDil": 747000000,
    "link": "https://www.sec.gov/Archives/edgar/data/92380/000119312511026045/0001193125-11-026045-index.htm",
    "finalLink": "https://www.sec.gov/Archives/edgar/data/92380/000119312511026045/d10k.htm"
  },
  {
    "date": "2009-12-31",
    "symbol": "LUV",
    "reportedCurrency": "USD",
    "cik": "0000092380",
    "fillingDate": "2010-01-29",
    "acceptedDate": "2010-01-29 17:14:04",
    "calendarYear": "2009",
    "period": "FY",
    "revenue": 10350000000,
    "costOfRevenue": 4667000000,
    "grossProfit": 5683000000,
    "grossProfitRatio": 0.5490821256,
    "researchAndDevelopmentExpenses": 0,
    "generalAndAdministrativeExpenses": 3468000000,
    "sellingAndMarketingExpenses": 0,
    "sellingGeneralAndAdministrativeExpenses": 3468000000,
    "otherExpenses": 1953000000,
    "operatingExpenses": 5421000000,
    "costAndExpenses": 10088000000,
    "interestIncome": 13000000,
    "interestExpense": 165000000,
    "depreciationAndAmortization": 616000000,
    "ebitda": 945000000,
    "ebitdaratio": 0.0913043478,
    "operatingIncome": 262000000,
    "operatingIncomeRatio": 0.0253140097,
    "totalOtherIncomeExpensesNet": -98000000,
    "incomeBeforeTax": 164000000,
    "incomeBeforeTaxRatio": 0.0158454106,
    "incomeTaxExpense": 65000000,
    "netIncome": 99000000,
    "netIncomeRatio": 0.0095652174,
    "eps": 0.13,
    "epsdiluted": 0.13,
    "weightedAverageShsOut": 741000000,
    "weightedAverageShsOutDil": 741000000,
    "link": "https://www.sec.gov/Archives/edgar/data/92380/000119312510017191/0001193125-10-017191-index.htm",
    "finalLink": "https://www.sec.gov/Archives/edgar/data/92380/000119312510017191/d10k.htm"
  },
  {
    "date": "2008-12-31",
    "symbol": "LUV",
    "reportedCurrency": "USD",
    "cik": "0000092380",
    "fillingDate": "2009-02-02",
    "acceptedDate": "2009-01-30 19:54:01",
    "calendarYear": "2008",
    "period": "FY",
    "revenue": 11023000000,
    "costOfRevenue": 3618000000,
    "grossProfit": 7405000000,
    "grossProfitRatio": 0.6717771931,
    "researchAndDevelopmentExpenses": 0,
    "generalAndAdministrativeExpenses": 3340000000,
    "sellingAndMarketingExpenses": 0,
    "sellingGeneralAndAdministrativeExpenses": 3340000000,
    "otherExpenses": 3616000000,
    "operatingExpenses": 6956000000,
    "costAndExpenses": 10574000000,
    "interestIncome": 51000000,
    "interestExpense": 105000000,
    "depreciationAndAmortization": 599000000,
    "ebitda": 982000000,
    "ebitdaratio": 0.0890864556,
    "operatingIncome": 449000000,
    "operatingIncomeRatio": 0.0407330128,
    "totalOtherIncomeExpensesNet": -171000000,
    "incomeBeforeTax": 278000000,
    "incomeBeforeTaxRatio": 0.0252199946,
    "incomeTaxExpense": 100000000,
    "netIncome": 178000000,
    "netIncomeRatio": 0.0161480541,
    "eps": 0.24,
    "epsdiluted": 0.24,
    "weightedAverageShsOut": 735000000,
    "weightedAverageShsOutDil": 739000000,
    "link": "https://www.sec.gov/Archives/edgar/data/92380/000119312509015591/0001193125-09-015591-index.htm",
    "finalLink": "https://www.sec.gov/Archives/edgar/data/92380/000119312509015591/d10k.htm"
  },
  {
    "date": "2007-12-31",
    "symbol": "LUV",
    "reportedCurrency": "USD",
    "cik": "0000092380",
    "fillingDate": "2008-02-04",
    "acceptedDate": "2008-02-04 12:25:23",
    "calendarYear": "2007",
    "period": "FY",
    "revenue": 9861000000,
    "costOfRevenue": 2590000000,
    "grossProfit": 7271000000,
    "grossProfitRatio": 0.7373491532,
    "researchAndDevelopmentExpenses": 0,
    "generalAndAdministrativeExpenses": 3213000000,
    "sellingAndMarketingExpenses": 0,
    "sellingGeneralAndAdministrativeExpenses": 3213000000,
    "otherExpenses": 3267000000,
    "operatingExpenses": 6480000000,
    "costAndExpenses": 9070000000,
    "interestIncome": 94000000,
    "interestExpense": 119000000,
    "depreciationAndAmortization": 555000000,
    "ebitda": 1732000000,
    "ebitdaratio": 0.1756414157,
    "operatingIncome": 791000000,
    "operatingIncomeRatio": 0.0802149883,
    "totalOtherIncomeExpensesNet": 267000000,
    "incomeBeforeTax": 1058000000,
    "incomeBeforeTaxRatio": 0.1072913498,
    "incomeTaxExpense": 413000000,
    "netIncome": 645000000,
    "netIncomeRatio": 0.0654091877,
    "eps": 0.85,
    "epsdiluted": 0.84,
    "weightedAverageShsOut": 758823529,
    "weightedAverageShsOutDil": 767857143,
    "link": "https://www.sec.gov/Archives/edgar/data/92380/000095013408001572/0000950134-08-001572-index.htm",
    "finalLink": "https://www.sec.gov/Archives/edgar/data/92380/000095013408001572/d53331e10vk.htm"
  },
  {
    "date": "2006-12-31",
    "symbol": "LUV",
    "reportedCurrency": "USD",
    "cik": "0000092380",
    "fillingDate": "2007-02-01",
    "acceptedDate": "2007-02-01 06:03:01",
    "calendarYear": "2006",
    "period": "FY",
    "revenue": 9086000000,
    "costOfRevenue": 5238000000,
    "grossProfit": 3848000000,
    "grossProfitRatio": 0.4235086947,
    "researchAndDevelopmentExpenses": 0,
    "generalAndAdministrativeExpenses": 3705000000,
    "sellingAndMarketingExpenses": 0,
    "sellingGeneralAndAdministrativeExpenses": 3705000000,
    "otherExpenses": -791000000,
    "operatingExpenses": 2914000000,
    "costAndExpenses": 8152000000,
    "interestIncome": 0,
    "interestExpense": 0,
    "depreciationAndAmortization": 515000000,
    "ebitda": 1449000000,
    "ebitdaratio": 0.1594761171,
    "operatingIncome": 934000000,
    "operatingIncomeRatio": 0.1027955096,
    "totalOtherIncomeExpensesNet": -144000000,
    "incomeBeforeTax": 790000000,
    "incomeBeforeTaxRatio": 0.0869469514,
    "incomeTaxExpense": 291000000,
    "netIncome": 499000000,
    "netIncomeRatio": 0.0549196566,
    "eps": 0.63,
    "epsdiluted": 0.61,
    "weightedAverageShsOut": 792063492,
    "weightedAverageShsOutDil": 818032787,
    "link": "https://www.sec.gov/Archives/edgar/data/92380/000095013407001724/0000950134-07-001724-index.htm",
    "finalLink": "https://www.sec.gov/Archives/edgar/data/92380/000095013407001724/d42975e10vk.htm"
  },
  {
    "date": "2005-12-31",
    "symbol": "LUV",
    "reportedCurrency": "USD",
    "cik": "0000092380",
    "fillingDate": "2006-02-01",
    "acceptedDate": "2006-01-31 20:32:27",
    "calendarYear": "2005",
    "period": "FY",
    "revenue": 7584000000,
    "costOfRevenue": 4210000000,
    "grossProfit": 3374000000,
    "grossProfitRatio": 0.4448839662,
    "researchAndDevelopmentExpenses": 0,
    "generalAndAdministrativeExpenses": 3319000000,
    "sellingAndMarketingExpenses": 0,
    "sellingGeneralAndAdministrativeExpenses": 3319000000,
    "otherExpenses": -670000000,
    "operatingExpenses": 2649000000,
    "costAndExpenses": 6859000000,
    "interestIncome": 0,
    "interestExpense": 0,
    "depreciationAndAmortization": 469000000,
    "ebitda": 1194000000,
    "ebitdaratio": 0.1574367089,
    "operatingIncome": 725000000,
    "operatingIncomeRatio": 0.0955959916,
    "totalOtherIncomeExpensesNet": 54000000,
    "incomeBeforeTax": 779000000,
    "incomeBeforeTaxRatio": 0.1027162447,
    "incomeTaxExpense": 295000000,
    "netIncome": 548000000,
    "netIncomeRatio": 0.072257384,
    "eps": 0.69,
    "epsdiluted": 0.68,
    "weightedAverageShsOut": 793442623,
    "weightedAverageShsOutDil": 806666667,
    "link": "https://www.sec.gov/Archives/edgar/data/92380/000095013406001553/0000950134-06-001553-index.htm",
    "finalLink": "https://www.sec.gov/Archives/edgar/data/92380/000095013406001553/d32370e10vk.htm"
  },
  {
    "date": "2004-12-31",
    "symbol": "LUV",
    "reportedCurrency": "USD",
    "cik": "0000092380",
    "fillingDate": "2005-02-04",
    "acceptedDate": "2005-02-04 15:24:39",
    "calendarYear": "2004",
    "period": "FY",
    "revenue": 6530000000,
    "costOfRevenue": 3687000000,
    "grossProfit": 2843000000,
    "grossProfitRatio": 0.4353751914,
    "researchAndDevelopmentExpenses": 0,
    "generalAndAdministrativeExpenses": 3034000000,
    "sellingAndMarketingExpenses": -2000000,
    "sellingGeneralAndAdministrativeExpenses": 3032000000,
    "otherExpenses": -743000000,
    "operatingExpenses": 2289000000,
    "costAndExpenses": 5976000000,
    "interestIncome": 0,
    "interestExpense": 0,
    "depreciationAndAmortization": 431000000,
    "ebitda": -3289000000,
    "ebitdaratio": -0.5036753446,
    "operatingIncome": 554000000,
    "operatingIncomeRatio": 0.0848392037,
    "totalOtherIncomeExpensesNet": -65000000,
    "incomeBeforeTax": 489000000,
    "incomeBeforeTaxRatio": 0.0748851455,
    "incomeTaxExpense": 176000000,
    "netIncome": 313000000,
    "netIncomeRatio": 0.0479326187,
    "eps": 0.4,
    "epsdiluted": 0.38,
    "weightedAverageShsOut": 782500000,
    "weightedAverageShsOutDil": 823684211,
    "link": "https://www.sec.gov/Archives/edgar/data/92380/000095013405002093/0000950134-05-002093-index.htm",
    "finalLink": "https://www.sec.gov/Archives/edgar/data/92380/000095013405002093/d21965e10vk.htm"
  },
  {
    "date": "2003-12-31",
    "symbol": "LUV",
    "reportedCurrency": "USD",
    "cik": "0000092380",
    "fillingDate": "2004-01-29",
    "acceptedDate": "2004-01-29 09:32:47",
    "calendarYear": "2003",
    "period": "FY",
    "revenue": 5937000000,
    "costOfRevenue": 3353000000,
    "grossProfit": 2584000000,
    "grossProfitRatio": 0.4352366515,
    "researchAndDevelopmentExpenses": 0,
    "generalAndAdministrativeExpenses": 2875000000,
    "sellingAndMarketingExpenses": -48000000,
    "sellingGeneralAndAdministrativeExpenses": 2827000000,
    "otherExpenses": -622000000,
    "operatingExpenses": 2205000000,
    "costAndExpenses": 5558000000,
    "interestIncome": 0,
    "interestExpense": 0,
    "depreciationAndAmortization": 384000000,
    "ebitda": 763000000,
    "ebitdaratio": 0.1285160856,
    "operatingIncome": 379000000,
    "operatingIncomeRatio": 0.0638369547,
    "totalOtherIncomeExpensesNet": 225000000,
    "incomeBeforeTax": 604000000,
    "incomeBeforeTaxRatio": 0.1017348829,
    "incomeTaxExpense": 232000000,
    "netIncome": 442000000,
    "netIncomeRatio": 0.0744483746,
    "eps": 0.57,
    "epsdiluted": 0.55,
    "weightedAverageShsOut": 775000000,
    "weightedAverageShsOutDil": 808695652,
    "link": "https://www.sec.gov/Archives/edgar/data/92380/000095013404000842/0000950134-04-000842-index.htm",
    "finalLink": "https://www.sec.gov/Archives/edgar/data/92380/000095013404000842/d11818e10vk.htm"
  },
  {
    "date": "2002-12-31",
    "symbol": "LUV",
    "reportedCurrency": "USD",
    "cik": "0000092380",
    "fillingDate": "2003-02-05",
    "acceptedDate": "2003-02-05 15:23:06",
    "calendarYear": "2002",
    "period": "FY",
    "revenue": 5521771000,
    "costOfRevenue": 3233000000,
    "grossProfit": 2289000000,
    "grossProfitRatio": 0.4145409145,
    "researchAndDevelopmentExpenses": 0,
    "generalAndAdministrativeExpenses": 2634000000,
    "sellingAndMarketingExpenses": -55000000,
    "sellingGeneralAndAdministrativeExpenses": 2579000000,
    "otherExpenses": -631000000,
    "operatingExpenses": 1948000000,
    "costAndExpenses": 5181000000,
    "interestIncome": 0,
    "interestExpense": 0,
    "depreciationAndAmortization": -356000000,
    "ebitda": -3068000000,
    "ebitdaratio": -0.5556188404,
    "operatingIncome": 341000000,
    "operatingIncomeRatio": 0.0617555491,
    "totalOtherIncomeExpensesNet": -24000000,
    "incomeBeforeTax": 317000000,
    "incomeBeforeTaxRatio": 0.0574091175,
    "incomeTaxExpense": 152000000,
    "netIncome": 240969000,
    "netIncomeRatio": 0.0436398032,
    "eps": 0.24,
    "epsdiluted": 0.24,
    "weightedAverageShsOut": 1004166667,
    "weightedAverageShsOutDil": 1004166667,
    "link": "https://www.sec.gov/Archives/edgar/data/92380/000095013403001681/0000950134-03-001681-index.htm",
    "finalLink": "https://www.sec.gov/Archives/edgar/data/92380/000095013403001681/d02829e10vk.txt"
  },
  {
    "date": "2001-12-31",
    "symbol": "LUV",
    "reportedCurrency": "USD",
    "cik": "0000092380",
    "fillingDate": "2002-02-04",
    "acceptedDate": "2002-02-04 00:00:00",
    "calendarYear": "2001",
    "period": "FY",
    "revenue": 5555174000,
    "costOfRevenue": 3150046000,
    "grossProfit": 2405128000,
    "grossProfitRatio": 0.4329527752,
    "researchAndDevelopmentExpenses": 0,
    "generalAndAdministrativeExpenses": 2462429000,
    "sellingAndMarketingExpenses": -103014000,
    "sellingGeneralAndAdministrativeExpenses": 1856288000,
    "otherExpenses": -82282000,
    "operatingExpenses": 1774006000,
    "costAndExpenses": 4924052000,
    "interestIncome": 0,
    "interestExpense": 0,
    "depreciationAndAmortization": 317831000,
    "ebitda": 948953000,
    "ebitdaratio": 0.1708232721,
    "operatingIncome": 631122000,
    "operatingIncomeRatio": 0.1136097627,
    "totalOtherIncomeExpensesNet": 196537000,
    "incomeBeforeTax": 827659000,
    "incomeBeforeTaxRatio": 0.1489888526,
    "incomeTaxExpense": 316512000,
    "netIncome": 511147000,
    "netIncomeRatio": 0.0920127794,
    "eps": 0.67,
    "epsdiluted": 0.63,
    "weightedAverageShsOut": 762905970,
    "weightedAverageShsOutDil": 811344444,
    "link": "https://www.sec.gov/Archives/edgar/data/92380/000095013402000776/0000950134-02-000776-index.htm",
    "finalLink": "https://www.sec.gov/Archives/edgar/data/92380/000095013402000776/d93658e10-k.txt"
  },
  {
    "date": "2000-12-31",
    "symbol": "LUV",
    "reportedCurrency": "USD",
    "cik": "0000092380",
    "fillingDate": "2001-01-26",
    "acceptedDate": "2001-01-26 00:00:00",
    "calendarYear": "2000",
    "period": "FY",
    "revenue": 5649560000,
    "costOfRevenue": 2965575000,
    "grossProfit": 2683985000,
    "grossProfitRatio": 0.4750785902,
    "researchAndDevelopmentExpenses": 0,
    "generalAndAdministrativeExpenses": 2304432000,
    "sellingAndMarketingExpenses": -159309000,
    "sellingGeneralAndAdministrativeExpenses": 2145123000,
    "otherExpenses": -482698000,
    "operatingExpenses": 1662425000,
    "costAndExpenses": 4628000000,
    "interestIncome": 0,
    "interestExpense": 0,
    "depreciationAndAmortization": 281276000,
    "ebitda": 1303276000,
    "ebitdaratio": 0.2306862835,
    "operatingIncome": 1022000000,
    "operatingIncomeRatio": 0.1808990435,
    "totalOtherIncomeExpensesNet": -4000000,
    "incomeBeforeTax": 1018000000,
    "incomeBeforeTaxRatio": 0.1801910237,
    "incomeTaxExpense": 392140000,
    "netIncome": 603093000,
    "netIncomeRatio": 0.1067504372,
    "eps": 0.81,
    "epsdiluted": 0.76,
    "weightedAverageShsOut": 745238095,
    "weightedAverageShsOutDil": 792405063,
    "link": "https://www.sec.gov/Archives/edgar/data/92380/000095013401000502/0000950134-01-000502-index.htm",
    "finalLink": "https://www.sec.gov/Archives/edgar/data/92380/000095013401000502/d83557e10-k.txt"
  },
  {
    "date": "1999-12-31",
    "symbol": "LUV",
    "reportedCurrency": "USD",
    "cik": "0000092380",
    "fillingDate": "2000-03-28",
    "acceptedDate": "2000-03-28 00:00:00",
    "calendarYear": "1999",
    "period": "FY",
    "revenue": 4735587000,
    "costOfRevenue": 2521600000,
    "grossProfit": 2214400000,
    "grossProfitRatio": 0.4676083451,
    "researchAndDevelopmentExpenses": 0,
    "generalAndAdministrativeExpenses": 2209700000,
    "sellingAndMarketingExpenses": -156400000,
    "sellingGeneralAndAdministrativeExpenses": 2053300000,
    "otherExpenses": -620900000,
    "operatingExpenses": 1432400000,
    "costAndExpenses": 3954000000,
    "interestIncome": 0,
    "interestExpense": 0,
    "depreciationAndAmortization": -262400000,
    "ebitda": -1918900000,
    "ebitdaratio": -0.4052084779,
    "operatingIncome": 782000000,
    "operatingIncomeRatio": 0.1651326435,
    "totalOtherIncomeExpensesNet": -8000000,
    "incomeBeforeTax": 774000000,
    "incomeBeforeTaxRatio": 0.163443307,
    "incomeTaxExpense": 299200000,
    "netIncome": 474378000,
    "netIncomeRatio": 0.1001730092,
    "eps": 0.63,
    "epsdiluted": 0.59,
    "weightedAverageShsOut": 753968254,
    "weightedAverageShsOutDil": 805084746,
    "link": "https://www.sec.gov/Archives/edgar/data/92380/000095013400002530/0000950134-00-002530-index.html",
    "finalLink": "https://www.sec.gov/Archives/edgar/data/92380/000095013400002530/"
  },
  {
    "date": "1998-12-31",
    "symbol": "LUV",
    "reportedCurrency": "USD",
    "cik": "0000092380",
    "fillingDate": "1999-03-26",
    "acceptedDate": "1999-03-26 00:00:00",
    "calendarYear": "1998",
    "period": "FY",
    "revenue": 4163980000,
    "costOfRevenue": 2221000000,
    "grossProfit": 1942980000,
    "grossProfitRatio": 0.466616074,
    "researchAndDevelopmentExpenses": 0,
    "generalAndAdministrativeExpenses": 1860842000,
    "sellingAndMarketingExpenses": -157800000,
    "sellingGeneralAndAdministrativeExpenses": 1703042000,
    "otherExpenses": -443673000,
    "operatingExpenses": 1259369000,
    "costAndExpenses": 3480369000,
    "interestIncome": 0,
    "interestExpense": 0,
    "depreciationAndAmortization": 225212000,
    "ebitda": -1729277000,
    "ebitdaratio": -0.4152942617,
    "operatingIncome": 683611000,
    "operatingIncomeRatio": 0.1641724984,
    "totalOtherIncomeExpensesNet": 21501000,
    "incomeBeforeTax": 705112000,
    "incomeBeforeTaxRatio": 0.1693360679,
    "incomeTaxExpense": 271681000,
    "netIncome": 433431000,
    "netIncomeRatio": 0.1040905576,
    "eps": 0.58,
    "epsdiluted": 0.55,
    "weightedAverageShsOut": 747294828,
    "weightedAverageShsOutDil": 792861585,
    "link": "https://www.sec.gov/Archives/edgar/data/92380/000095013499002046/0000950134-99-002046-index.html",
    "finalLink": "https://www.sec.gov/Archives/edgar/data/92380/"
  },
  {
    "date": "1997-12-31",
    "symbol": "LUV",
    "reportedCurrency": "USD",
    "cik": "0000092380",
    "fillingDate": "1998-04-08",
    "acceptedDate": "1998-04-08 00:00:00",
    "calendarYear": "1997",
    "period": "FY",
    "revenue": 3816821000,
    "costOfRevenue": 2204000000,
    "grossProfit": 1612821000,
    "grossProfitRatio": 0.422556101,
    "researchAndDevelopmentExpenses": 0,
    "generalAndAdministrativeExpenses": 1699542000,
    "sellingAndMarketingExpenses": -157200000,
    "sellingGeneralAndAdministrativeExpenses": 1542342000,
    "otherExpenses": -453757000,
    "operatingExpenses": 1088585000,
    "costAndExpenses": 3292585000,
    "interestIncome": 0,
    "interestExpense": 0,
    "depreciationAndAmortization": 195568000,
    "ebitda": -1889996000,
    "ebitdaratio": -0.4951754353,
    "operatingIncome": 524236000,
    "operatingIncomeRatio": 0.1373488565,
    "totalOtherIncomeExpensesNet": -7280000,
    "incomeBeforeTax": 516956000,
    "incomeBeforeTaxRatio": 0.1354415101,
    "incomeTaxExpense": 199184000,
    "netIncome": 317772000,
    "netIncomeRatio": 0.0832556727,
    "eps": 0.43,
    "epsdiluted": 0.41,
    "weightedAverageShsOut": 739641724,
    "weightedAverageShsOutDil": 766057500,
    "link": "https://www.sec.gov/Archives/edgar/data/92380/000009238098000002/0000092380-98-000002-index.html",
    "finalLink": "https://www.sec.gov/Archives/edgar/data/92380/"
  },
  {
    "date": "1996-12-31",
    "symbol": "LUV",
    "reportedCurrency": "USD",
    "cik": "0000092380",
    "fillingDate": "1997-07-10",
    "acceptedDate": "1997-07-10 00:00:00",
    "calendarYear": "1996",
    "period": "FY",
    "revenue": 3406170000,
    "costOfRevenue": 2107300000,
    "grossProfit": 1298870000,
    "grossProfitRatio": 0.381328589,
    "researchAndDevelopmentExpenses": 0,
    "generalAndAdministrativeExpenses": 1659800000,
    "sellingAndMarketingExpenses": -140900000,
    "sellingGeneralAndAdministrativeExpenses": 1518900000,
    "otherExpenses": -570865000,
    "operatingExpenses": 948035000,
    "costAndExpenses": 3055335000,
    "interestIncome": 0,
    "interestExpense": 0,
    "depreciationAndAmortization": 183470000,
    "ebitda": -1951295000,
    "ebitdaratio": -0.5728707023,
    "operatingIncome": 350835000,
    "operatingIncomeRatio": 0.1029998503,
    "totalOtherIncomeExpensesNet": -9473000,
    "incomeBeforeTax": 341362000,
    "incomeBeforeTaxRatio": 0.1002187207,
    "incomeTaxExpense": 134025000,
    "netIncome": 207337000,
    "netIncomeRatio": 0.0608710076,
    "eps": 0.27,
    "epsdiluted": 0.27,
    "weightedAverageShsOut": 766163184,
    "weightedAverageShsOutDil": 779130435,
    "link": "https://www.sec.gov/Archives/edgar/data/92380/000009238097000010/0000092380-97-000010-index.html",
    "finalLink": "https://www.sec.gov/Archives/edgar/data/92380/"
  },
  {
    "date": "1995-12-31",
    "symbol": "LUV",
    "reportedCurrency": "USD",
    "cik": "0000092380",
    "fillingDate": "1996-03-28",
    "acceptedDate": "1996-03-28 00:00:00",
    "calendarYear": "1995",
    "period": "FY",
    "revenue": 2872751000,
    "costOfRevenue": 1748000000,
    "grossProfit": 1124800000,
    "grossProfitRatio": 0.3915410699,
    "researchAndDevelopmentExpenses": 0,
    "generalAndAdministrativeExpenses": 1444600000,
    "sellingAndMarketingExpenses": -123400000,
    "sellingGeneralAndAdministrativeExpenses": 1321200000,
    "otherExpenses": -509931000,
    "operatingExpenses": 811269000,
    "costAndExpenses": 2559269000,
    "interestIncome": 0,
    "interestExpense": 0,
    "depreciationAndAmortization": -149800000,
    "ebitda": -701800000,
    "ebitdaratio": -0.2442954506,
    "operatingIncome": 313531000,
    "operatingIncomeRatio": 0.1091396365,
    "totalOtherIncomeExpensesNet": -8431000,
    "incomeBeforeTax": 305100000,
    "incomeBeforeTaxRatio": 0.106204819,
    "incomeTaxExpense": 122500000,
    "netIncome": 182626000,
    "netIncomeRatio": 0.0635718167,
    "eps": 0.25,
    "epsdiluted": 0.25,
    "weightedAverageShsOut": 730400000,
    "weightedAverageShsOutDil": 730400000,
    "link": "https://www.sec.gov/Archives/edgar/data/92380/000095013496000944/0000950134-96-000944-index.html",
    "finalLink": "https://www.sec.gov/Archives/edgar/data/92380/"
  },
  {
    "date": "1994-12-31",
    "symbol": "LUV",
    "reportedCurrency": "USD",
    "cik": "0000092380",
    "fillingDate": "1995-03-30",
    "acceptedDate": "1995-03-30 00:00:00",
    "calendarYear": "1994",
    "period": "FY",
    "revenue": 2591933000,
    "costOfRevenue": 1526200000,
    "grossProfit": 1065700000,
    "grossProfitRatio": 0.4111603193,
    "researchAndDevelopmentExpenses": 0,
    "generalAndAdministrativeExpenses": 1339500000,
    "sellingAndMarketingExpenses": -151200000,
    "sellingGeneralAndAdministrativeExpenses": 1188300000,
    "otherExpenses": -439309000,
    "operatingExpenses": 748991000,
    "costAndExpenses": 2275191000,
    "interestIncome": 0,
    "interestExpense": 0,
    "depreciationAndAmortization": -122900000,
    "ebitda": -576700000,
    "ebitdaratio": -0.2224980353,
    "operatingIncome": 316709000,
    "operatingIncomeRatio": 0.1221902727,
    "totalOtherIncomeExpensesNet": -17209000,
    "incomeBeforeTax": 299500000,
    "incomeBeforeTaxRatio": 0.1155508264,
    "incomeTaxExpense": 120200000,
    "netIncome": 179331000,
    "netIncomeRatio": 0.069188131,
    "eps": 0.24,
    "epsdiluted": 0.24,
    "weightedAverageShsOut": 747083333,
    "weightedAverageShsOutDil": 747083333,
    "link": "https://www.sec.gov/Archives/edgar/data/92380/000093066195000050/0000930661-95-000050-index.html",
    "finalLink": "https://www.sec.gov/Archives/edgar/data/92380/"
  },
  {
    "date": "1993-12-31",
    "symbol": "LUV",
    "reportedCurrency": "USD",
    "cik": "0000092380",
    "fillingDate": "1993-12-31",
    "acceptedDate": "1993-12-31 00:00:00",
    "calendarYear": "1993",
    "period": "FY",
    "revenue": 2296700000,
    "costOfRevenue": 1098700000,
    "grossProfit": 1198000000,
    "grossProfitRatio": 0.5216179736,
    "researchAndDevelopmentExpenses": 0,
    "generalAndAdministrativeExpenses": 0,
    "sellingAndMarketingExpenses": 0,
    "sellingGeneralAndAdministrativeExpenses": 786700000,
    "otherExpenses": 119300000,
    "operatingExpenses": 906000000,
    "costAndExpenses": 2004700000,
    "interestIncome": 0,
    "interestExpense": 0,
    "depreciationAndAmortization": -119300000,
    "ebitda": 411300000,
    "ebitdaratio": 0.1790830322,
    "operatingIncome": 292000000,
    "operatingIncomeRatio": 0.1271389385,
    "totalOtherIncomeExpensesNet": -32300000,
    "incomeBeforeTax": 259700000,
    "incomeBeforeTaxRatio": 0.1130752819,
    "incomeTaxExpense": 105400000,
    "netIncome": 169600000,
    "netIncomeRatio": 0.0738450821,
    "eps": 0.23,
    "epsdiluted": 0.23,
    "weightedAverageShsOut": 737391304,
    "weightedAverageShsOutDil": 737391304,
    "link": null,
    "finalLink": null
  },
  {
    "date": "1992-12-31",
    "symbol": "LUV",
    "reportedCurrency": "USD",
    "cik": "0000092380",
    "fillingDate": "1992-12-31",
    "acceptedDate": "1992-12-31 00:00:00",
    "calendarYear": "1992",
    "period": "FY",
    "revenue": 1685200000,
    "costOfRevenue": 793100000,
    "grossProfit": 892100000,
    "grossProfitRatio": 0.5293733681,
    "researchAndDevelopmentExpenses": 0,
    "generalAndAdministrativeExpenses": 0,
    "sellingAndMarketingExpenses": 0,
    "sellingGeneralAndAdministrativeExpenses": 608200000,
    "otherExpenses": 101200000,
    "operatingExpenses": 709400000,
    "costAndExpenses": 1502500000,
    "interestIncome": 0,
    "interestExpense": 0,
    "depreciationAndAmortization": -101200000,
    "ebitda": 283900000,
    "ebitdaratio": 0.1684666508,
    "operatingIncome": 182700000,
    "operatingIncomeRatio": 0.1084144315,
    "totalOtherIncomeExpensesNet": -35900000,
    "incomeBeforeTax": 146800000,
    "incomeBeforeTaxRatio": 0.0871113221,
    "incomeTaxExpense": 55800000,
    "netIncome": 103500000,
    "netIncomeRatio": 0.0614170425,
    "eps": 0.15,
    "epsdiluted": 0.15,
    "weightedAverageShsOut": 690000000,
    "weightedAverageShsOutDil": 690000000,
    "link": null,
    "finalLink": null
  },
  {
    "date": "1991-12-31",
    "symbol": "LUV",
    "reportedCurrency": "USD",
    "cik": "0000092380",
    "fillingDate": "1991-12-31",
    "acceptedDate": "1991-12-31 00:00:00",
    "calendarYear": "1991",
    "period": "FY",
    "revenue": 1313600000,
    "costOfRevenue": 675300000,
    "grossProfit": 638300000,
    "grossProfitRatio": 0.4859165652,
    "researchAndDevelopmentExpenses": 0,
    "generalAndAdministrativeExpenses": 0,
    "sellingAndMarketingExpenses": 0,
    "sellingGeneralAndAdministrativeExpenses": 489200000,
    "otherExpenses": 86200000,
    "operatingExpenses": 575400000,
    "costAndExpenses": 1250700000,
    "interestIncome": 0,
    "interestExpense": 0,
    "depreciationAndAmortization": -86200000,
    "ebitda": 149100000,
    "ebitdaratio": 0.1135048721,
    "operatingIncome": 62900000,
    "operatingIncomeRatio": 0.0478836784,
    "totalOtherIncomeExpensesNet": -19100000,
    "incomeBeforeTax": 43800000,
    "incomeBeforeTaxRatio": 0.0333434836,
    "incomeTaxExpense": 16900000,
    "netIncome": 26900000,
    "netIncomeRatio": 0.0204780755,
    "eps": 0.04,
    "epsdiluted": 0.04,
    "weightedAverageShsOut": 672500000,
    "weightedAverageShsOutDil": 672500000,
    "link": null,
    "finalLink": null
  },
  {
    "date": "1990-12-31",
    "symbol": "LUV",
    "reportedCurrency": "USD",
    "cik": "0000092380",
    "fillingDate": "1990-12-31",
    "acceptedDate": "1990-12-31 00:00:00",
    "calendarYear": "1990",
    "period": "FY",
    "revenue": 1186800000,
    "costOfRevenue": 596000000,
    "grossProfit": 590800000,
    "grossProfitRatio": 0.4978092349,
    "researchAndDevelopmentExpenses": 0,
    "generalAndAdministrativeExpenses": 0,
    "sellingAndMarketingExpenses": 0,
    "sellingGeneralAndAdministrativeExpenses": 429400000,
    "otherExpenses": 79400000,
    "operatingExpenses": 508800000,
    "costAndExpenses": 1104800000,
    "interestIncome": 0,
    "interestExpense": 0,
    "depreciationAndAmortization": -79400000,
    "ebitda": 161400000,
    "ebitdaratio": 0.1359959555,
    "operatingIncome": 82000000,
    "operatingIncomeRatio": 0.0690933603,
    "totalOtherIncomeExpensesNet": -7200000,
    "incomeBeforeTax": 74800000,
    "incomeBeforeTaxRatio": 0.0630266262,
    "incomeTaxExpense": 27700000,
    "netIncome": 47100000,
    "netIncomeRatio": 0.0396865521,
    "eps": 0.07,
    "epsdiluted": 0.07,
    "weightedAverageShsOut": 672857143,
    "weightedAverageShsOutDil": 672857143,
    "link": null,
    "finalLink": null
  },
  {
    "date": "1989-12-31",
    "symbol": "LUV",
    "reportedCurrency": "USD",
    "cik": "0000092380",
    "fillingDate": "1989-12-31",
    "acceptedDate": "1989-12-31 00:00:00",
    "calendarYear": "1989",
    "period": "FY",
    "revenue": 1015100000,
    "costOfRevenue": 482700000,
    "grossProfit": 532400000,
    "grossProfitRatio": 0.5244803468,
    "researchAndDevelopmentExpenses": 0,
    "generalAndAdministrativeExpenses": 0,
    "sellingAndMarketingExpenses": 0,
    "sellingGeneralAndAdministrativeExpenses": 362400000,
    "otherExpenses": 72300000,
    "operatingExpenses": 434700000,
    "costAndExpenses": 917400000,
    "interestIncome": 0,
    "interestExpense": 0,
    "depreciationAndAmortization": -72300000,
    "ebitda": 170000000,
    "ebitdaratio": 0.1674711851,
    "operatingIncome": 97700000,
    "operatingIncomeRatio": 0.0962466752,
    "totalOtherIncomeExpensesNet": 13300000,
    "incomeBeforeTax": 111000000,
    "incomeBeforeTaxRatio": 0.1093488326,
    "incomeTaxExpense": 39400000,
    "netIncome": 71600000,
    "netIncomeRatio": 0.0705349227,
    "eps": 0.1,
    "epsdiluted": 0.1,
    "weightedAverageShsOut": 716000000,
    "weightedAverageShsOutDil": 716000000,
    "link": null,
    "finalLink": null
  },
  {
    "date": "1988-12-31",
    "symbol": "LUV",
    "reportedCurrency": "USD",
    "cik": "0000092380",
    "fillingDate": "1988-12-31",
    "acceptedDate": "1988-12-30 19:00:00",
    "calendarYear": "1988",
    "period": "FY",
    "revenue": 860400000,
    "costOfRevenue": 400200000,
    "grossProfit": 460200000,
    "grossProfitRatio": 0.5348675035,
    "researchAndDevelopmentExpenses": 0,
    "generalAndAdministrativeExpenses": 0,
    "sellingAndMarketingExpenses": 0,
    "sellingGeneralAndAdministrativeExpenses": 308100000,
    "otherExpenses": 66200000,
    "operatingExpenses": 374300000,
    "costAndExpenses": 774500000,
    "interestIncome": 0,
    "interestExpense": 0,
    "depreciationAndAmortization": 66200000,
    "ebitda": 152100000,
    "ebitdaratio": 0.1767782427,
    "operatingIncome": 85900000,
    "operatingIncomeRatio": 0.099837285,
    "totalOtherIncomeExpensesNet": -500000,
    "incomeBeforeTax": 85400000,
    "incomeBeforeTaxRatio": 0.0992561599,
    "incomeTaxExpense": 27400000,
    "netIncome": 58000000,
    "netIncomeRatio": 0.0674105067,
    "eps": 0.08,
    "epsdiluted": 0.08,
    "weightedAverageShsOut": 725000000,
    "weightedAverageShsOutDil": 725000000,
    "link": "",
    "finalLink": ""
  },
  {
    "date": "1987-12-31",
    "symbol": "LUV",
    "reportedCurrency": "USD",
    "cik": "0000092380",
    "fillingDate": "1987-12-31",
    "acceptedDate": "1987-12-30 19:00:00",
    "calendarYear": "1987",
    "period": "FY",
    "revenue": 765100000,
    "costOfRevenue": 351600000,
    "grossProfit": 413500000,
    "grossProfitRatio": 0.5404522285,
    "researchAndDevelopmentExpenses": 0,
    "generalAndAdministrativeExpenses": 0,
    "sellingAndMarketingExpenses": 0,
    "sellingGeneralAndAdministrativeExpenses": 330800000,
    "otherExpenses": 65500000,
    "operatingExpenses": 396300000,
    "costAndExpenses": 747900000,
    "interestIncome": 0,
    "interestExpense": 0,
    "depreciationAndAmortization": 65500000,
    "ebitda": 82700000,
    "ebitdaratio": 0.1080904457,
    "operatingIncome": 17200000,
    "operatingIncomeRatio": 0.0224807215,
    "totalOtherIncomeExpensesNet": 11900000,
    "incomeBeforeTax": 29100000,
    "incomeBeforeTaxRatio": 0.0380342439,
    "incomeTaxExpense": 8900000,
    "netIncome": 20200000,
    "netIncomeRatio": 0.0264017775,
    "eps": 0.03,
    "epsdiluted": 0.03,
    "weightedAverageShsOut": 673333333,
    "weightedAverageShsOutDil": 673333333,
    "link": "",
    "finalLink": ""
  },
  {
    "date": "1986-12-31",
    "symbol": "LUV",
    "reportedCurrency": "USD",
    "cik": "0000092380",
    "fillingDate": "1986-12-31",
    "acceptedDate": "1986-12-30 19:00:00",
    "calendarYear": "1986",
    "period": "FY",
    "revenue": 755900000,
    "costOfRevenue": 267200000,
    "grossProfit": 488700000,
    "grossProfitRatio": 0.6465140892,
    "researchAndDevelopmentExpenses": 0,
    "generalAndAdministrativeExpenses": 0,
    "sellingAndMarketingExpenses": 0,
    "sellingGeneralAndAdministrativeExpenses": 345100000,
    "otherExpenses": 67500000,
    "operatingExpenses": 412600000,
    "costAndExpenses": 679800000,
    "interestIncome": 0,
    "interestExpense": 0,
    "depreciationAndAmortization": 67500000,
    "ebitda": 143600000,
    "ebitdaratio": 0.1899722185,
    "operatingIncome": 76100000,
    "operatingIncomeRatio": 0.1006746924,
    "totalOtherIncomeExpensesNet": -10700000,
    "incomeBeforeTax": 65400000,
    "incomeBeforeTaxRatio": 0.0865193809,
    "incomeTaxExpense": 15400000,
    "netIncome": 50000000,
    "netIncomeRatio": 0.0661463157,
    "eps": 0.07,
    "epsdiluted": 0.07,
    "weightedAverageShsOut": 714285714,
    "weightedAverageShsOutDil": 714285714,
    "link": "",
    "finalLink": ""
  },
  {
    "date": "1985-12-31",
    "symbol": "LUV",
    "reportedCurrency": "USD",
    "cik": "0000092380",
    "fillingDate": "1985-12-31",
    "acceptedDate": "1985-12-30 19:00:00",
    "calendarYear": "1985",
    "period": "FY",
    "revenue": 679700000,
    "costOfRevenue": 311200000,
    "grossProfit": 368500000,
    "grossProfitRatio": 0.5421509489,
    "researchAndDevelopmentExpenses": 0,
    "generalAndAdministrativeExpenses": 0,
    "sellingAndMarketingExpenses": 0,
    "sellingGeneralAndAdministrativeExpenses": 236300000,
    "otherExpenses": 53600000,
    "operatingExpenses": 289900000,
    "costAndExpenses": 601100000,
    "interestIncome": 0,
    "interestExpense": 0,
    "depreciationAndAmortization": 53600000,
    "ebitda": 132200000,
    "ebitdaratio": 0.1944975725,
    "operatingIncome": 78600000,
    "operatingIncomeRatio": 0.1156392526,
    "totalOtherIncomeExpensesNet": -17800000,
    "incomeBeforeTax": 60800000,
    "incomeBeforeTaxRatio": 0.0894512285,
    "incomeTaxExpense": 13500000,
    "netIncome": 47300000,
    "netIncomeRatio": 0.0695895248,
    "eps": 0.07,
    "epsdiluted": 0.07,
    "weightedAverageShsOut": 675714286,
    "weightedAverageShsOutDil": 675714286,
    "link": "",
    "finalLink": ""
  }
]