[
  {
    "date": "2025-06-30",
    "symbol": "LVS",
    "reportedCurrency": "USD",
    "cik": "0001300514",
    "fillingDate": "2025-06-30",
    "acceptedDate": "2025-06-29 20:00:00",
    "calendarYear": "2025",
    "period": "Q2",
    "revenue": 3175000000,
    "costOfRevenue": 2237000000,
    "grossProfit": 938000000,
    "grossProfitRatio": 0.2954330709,
    "researchAndDevelopmentExpenses": 0,
    "generalAndAdministrativeExpenses": 0,
    "sellingAndMarketingExpenses": 0,
    "sellingGeneralAndAdministrativeExpenses": 138000000,
    "otherExpenses": 0,
    "operatingExpenses": 138000000,
    "costAndExpenses": 2375000000,
    "interestIncome": 42000000,
    "interestExpense": 194000000,
    "depreciationAndAmortization": 391000000,
    "ebitda": 1194000000,
    "ebitdaratio": 0.3760629921,
    "operatingIncome": 800000000,
    "operatingIncomeRatio": 0.2519685039,
    "totalOtherIncomeExpensesNet": -191000000,
    "incomeBeforeTax": 609000000,
    "incomeBeforeTaxRatio": 0.1918110236,
    "incomeTaxExpense": 90000000,
    "netIncome": 461000000,
    "netIncomeRatio": 0.1451968504,
    "eps": 0.66,
    "epsdiluted": 0.66,
    "weightedAverageShsOut": 695000000,
    "weightedAverageShsOutDil": 696000000,
    "link": null,
    "finalLink": null
  },
  {
    "date": "2025-03-31",
    "symbol": "LVS",
    "reportedCurrency": "USD",
    "cik": "0001300514",
    "fillingDate": "2025-04-25",
    "acceptedDate": "2025-04-25 16:03:05",
    "calendarYear": "2025",
    "period": "Q1",
    "revenue": 2862000000,
    "costOfRevenue": 1822000000,
    "grossProfit": 1040000000,
    "grossProfitRatio": 0.3633822502,
    "researchAndDevelopmentExpenses": 0,
    "generalAndAdministrativeExpenses": 0,
    "sellingAndMarketingExpenses": 0,
    "sellingGeneralAndAdministrativeExpenses": 420000000,
    "otherExpenses": 0,
    "operatingExpenses": 420000000,
    "costAndExpenses": 2242000000,
    "interestIncome": 42000000,
    "interestExpense": 174000000,
    "depreciationAndAmortization": 390000000,
    "ebitda": 1035000000,
    "ebitdaratio": 0.3616352201,
    "operatingIncome": 620000000,
    "operatingIncomeRatio": 0.2166317261,
    "totalOtherIncomeExpensesNet": -149000000,
    "incomeBeforeTax": 471000000,
    "incomeBeforeTaxRatio": 0.1645702306,
    "incomeTaxExpense": 63000000,
    "netIncome": 352000000,
    "netIncomeRatio": 0.1229909154,
    "eps": 0.49,
    "epsdiluted": 0.49,
    "weightedAverageShsOut": 712000000,
    "weightedAverageShsOutDil": 713000000,
    "link": "https://www.sec.gov/Archives/edgar/data/1300514/000130051425000095/0001300514-25-000095-index.htm",
    "finalLink": "https://www.sec.gov/Archives/edgar/data/1300514/000130051425000095/lvs-20250331.htm"
  },
  {
    "date": "2024-12-31",
    "symbol": "LVS",
    "reportedCurrency": "USD",
    "cik": "0001300514",
    "fillingDate": "2025-02-07",
    "acceptedDate": "2025-02-07 17:11:18",
    "calendarYear": "2024",
    "period": "Q4",
    "revenue": 2896000000,
    "costOfRevenue": 1847000000,
    "grossProfit": 1049000000,
    "grossProfitRatio": 0.3622237569,
    "researchAndDevelopmentExpenses": 0,
    "generalAndAdministrativeExpenses": 0,
    "sellingAndMarketingExpenses": 0,
    "sellingGeneralAndAdministrativeExpenses": 446000000,
    "otherExpenses": 0,
    "operatingExpenses": 446000000,
    "costAndExpenses": 2293000000,
    "interestIncome": 57000000,
    "interestExpense": 180000000,
    "depreciationAndAmortization": 376000000,
    "ebitda": 1017000000,
    "ebitdaratio": 0.3511740331,
    "operatingIncome": 603000000,
    "operatingIncomeRatio": 0.208218232,
    "totalOtherIncomeExpensesNet": -142000000,
    "incomeBeforeTax": 461000000,
    "incomeBeforeTaxRatio": 0.1591850829,
    "incomeTaxExpense": 69000000,
    "netIncome": 324000000,
    "netIncomeRatio": 0.111878453,
    "eps": 0.4494,
    "epsdiluted": 0.4481,
    "weightedAverageShsOut": 735000000,
    "weightedAverageShsOutDil": 737000000,
    "link": "https://www.sec.gov/Archives/edgar/data/1300514/000130051425000040/0001300514-25-000040-index.htm",
    "finalLink": "https://www.sec.gov/Archives/edgar/data/1300514/000130051425000040/lvs-20241231.htm"
  },
  {
    "date": "2024-09-30",
    "symbol": "LVS",
    "reportedCurrency": "USD",
    "cik": "0001300514",
    "fillingDate": "2024-10-25",
    "acceptedDate": "2024-10-25 16:04:45",
    "calendarYear": "2024",
    "period": "Q3",
    "revenue": 2682000000,
    "costOfRevenue": 1752000000,
    "grossProfit": 930000000,
    "grossProfitRatio": 0.3467561521,
    "researchAndDevelopmentExpenses": 0,
    "generalAndAdministrativeExpenses": 0,
    "sellingAndMarketingExpenses": 0,
    "sellingGeneralAndAdministrativeExpenses": 411000000,
    "otherExpenses": 0,
    "operatingExpenses": 411000000,
    "costAndExpenses": 2163000000,
    "interestIncome": 67000000,
    "interestExpense": 179000000,
    "depreciationAndAmortization": 353000000,
    "ebitda": 935000000,
    "ebitdaratio": 0.3486204325,
    "operatingIncome": 519000000,
    "operatingIncomeRatio": 0.1935123043,
    "totalOtherIncomeExpensesNet": -116000000,
    "incomeBeforeTax": 403000000,
    "incomeBeforeTaxRatio": 0.1502609993,
    "incomeTaxExpense": 50000000,
    "netIncome": 275000000,
    "netIncomeRatio": 0.1025354213,
    "eps": 0.38,
    "epsdiluted": 0.38,
    "weightedAverageShsOut": 730000000,
    "weightedAverageShsOutDil": 731000000,
    "link": "https://www.sec.gov/Archives/edgar/data/1300514/000130051424000136/0001300514-24-000136-index.htm",
    "finalLink": "https://www.sec.gov/Archives/edgar/data/1300514/000130051424000136/lvs-20240930.htm"
  },
  {
    "date": "2024-06-30",
    "symbol": "LVS",
    "reportedCurrency": "USD",
    "cik": "0001300514",
    "fillingDate": "2024-07-26",
    "acceptedDate": "2024-07-26 16:51:59",
    "calendarYear": "2024",
    "period": "Q2",
    "revenue": 2761000000,
    "costOfRevenue": 1749000000,
    "grossProfit": 1012000000,
    "grossProfitRatio": 0.3665338645,
    "researchAndDevelopmentExpenses": 0,
    "generalAndAdministrativeExpenses": 0,
    "sellingAndMarketingExpenses": 0,
    "sellingGeneralAndAdministrativeExpenses": 402000000,
    "otherExpenses": 0,
    "operatingExpenses": 402000000,
    "costAndExpenses": 2151000000,
    "interestIncome": 80000000,
    "interestExpense": 186000000,
    "depreciationAndAmortization": 345000000,
    "ebitda": 1027000000,
    "ebitdaratio": 0.3719666787,
    "operatingIncome": 610000000,
    "operatingIncomeRatio": 0.220934444,
    "totalOtherIncomeExpensesNet": -114000000,
    "incomeBeforeTax": 496000000,
    "incomeBeforeTaxRatio": 0.1796450561,
    "incomeTaxExpense": 72000000,
    "netIncome": 353000000,
    "netIncomeRatio": 0.1278522275,
    "eps": 0.48,
    "epsdiluted": 0.48,
    "weightedAverageShsOut": 740000000,
    "weightedAverageShsOutDil": 741000000,
    "link": "https://www.sec.gov/Archives/edgar/data/1300514/000130051424000123/0001300514-24-000123-index.htm",
    "finalLink": "https://www.sec.gov/Archives/edgar/data/1300514/000130051424000123/lvs-20240630.htm"
  },
  {
    "date": "2024-03-31",
    "symbol": "LVS",
    "reportedCurrency": "USD",
    "cik": "0001300514",
    "fillingDate": "2024-04-19",
    "acceptedDate": "2024-04-19 16:05:00",
    "calendarYear": "2024",
    "period": "Q1",
    "revenue": 2959000000,
    "costOfRevenue": 1797000000,
    "grossProfit": 1162000000,
    "grossProfitRatio": 0.3927002366,
    "researchAndDevelopmentExpenses": 0,
    "generalAndAdministrativeExpenses": 0,
    "sellingAndMarketingExpenses": 0,
    "sellingGeneralAndAdministrativeExpenses": 428000000,
    "otherExpenses": 0,
    "operatingExpenses": 428000000,
    "costAndExpenses": 2225000000,
    "interestIncome": 71000000,
    "interestExpense": 182000000,
    "depreciationAndAmortization": 351000000,
    "ebitda": 1133000000,
    "ebitdaratio": 0.3828996283,
    "operatingIncome": 734000000,
    "operatingIncomeRatio": 0.2480567759,
    "totalOtherIncomeExpensesNet": -134000000,
    "incomeBeforeTax": 600000000,
    "incomeBeforeTaxRatio": 0.2027712065,
    "incomeTaxExpense": 17000000,
    "netIncome": 494000000,
    "netIncomeRatio": 0.1669482933,
    "eps": 0.66,
    "epsdiluted": 0.66,
    "weightedAverageShsOut": 750000000,
    "weightedAverageShsOutDil": 752000000,
    "link": "https://www.sec.gov/Archives/edgar/data/1300514/000130051424000070/0001300514-24-000070-index.htm",
    "finalLink": "https://www.sec.gov/Archives/edgar/data/1300514/000130051424000070/lvs-20240331.htm"
  },
  {
    "date": "2023-12-31",
    "symbol": "LVS",
    "reportedCurrency": "USD",
    "cik": "0001300514",
    "fillingDate": "2024-02-07",
    "acceptedDate": "2024-02-07 16:47:16",
    "calendarYear": "2023",
    "period": "Q4",
    "revenue": 2915000000,
    "costOfRevenue": 1780000000,
    "grossProfit": 1135000000,
    "grossProfitRatio": 0.3893653516,
    "researchAndDevelopmentExpenses": 0,
    "generalAndAdministrativeExpenses": 0,
    "sellingAndMarketingExpenses": 0,
    "sellingGeneralAndAdministrativeExpenses": 418000000,
    "otherExpenses": 0,
    "operatingExpenses": 418000000,
    "costAndExpenses": 2198000000,
    "interestIncome": 63000000,
    "interestExpense": 190000000,
    "depreciationAndAmortization": 363000000,
    "ebitda": 1145000000,
    "ebitdaratio": 0.3927958834,
    "operatingIncome": 717000000,
    "operatingIncomeRatio": 0.2459691252,
    "totalOtherIncomeExpensesNet": -125000000,
    "incomeBeforeTax": 592000000,
    "incomeBeforeTaxRatio": 0.2030874786,
    "incomeTaxExpense": 123000000,
    "netIncome": 382000000,
    "netIncomeRatio": 0.1310463122,
    "eps": 0.5,
    "epsdiluted": 0.5,
    "weightedAverageShsOut": 759000000,
    "weightedAverageShsOutDil": 760000000,
    "link": "https://www.sec.gov/Archives/edgar/data/1300514/000130051424000048/0001300514-24-000048-index.htm",
    "finalLink": "https://www.sec.gov/Archives/edgar/data/1300514/000130051424000048/lvs-20231231.htm"
  },
  {
    "date": "2023-09-30",
    "symbol": "LVS",
    "reportedCurrency": "USD",
    "cik": "0001300514",
    "fillingDate": "2023-10-20",
    "acceptedDate": "2023-10-20 16:04:21",
    "calendarYear": "2023",
    "period": "Q3",
    "revenue": 2795000000,
    "costOfRevenue": 1714000000,
    "grossProfit": 1081000000,
    "grossProfitRatio": 0.3867620751,
    "researchAndDevelopmentExpenses": 0,
    "generalAndAdministrativeExpenses": 0,
    "sellingAndMarketingExpenses": 0,
    "sellingGeneralAndAdministrativeExpenses": 386000000,
    "otherExpenses": 0,
    "operatingExpenses": 386000000,
    "costAndExpenses": 2100000000,
    "interestIncome": 79000000,
    "interestExpense": 200000000,
    "depreciationAndAmortization": 343000000,
    "ebitda": 1114000000,
    "ebitdaratio": 0.398568873,
    "operatingIncome": 695000000,
    "operatingIncomeRatio": 0.2486583184,
    "totalOtherIncomeExpensesNet": -124000000,
    "incomeBeforeTax": 571000000,
    "incomeBeforeTaxRatio": 0.204293381,
    "incomeTaxExpense": 122000000,
    "netIncome": 380000000,
    "netIncomeRatio": 0.1359570662,
    "eps": 0.5,
    "epsdiluted": 0.5,
    "weightedAverageShsOut": 764000000,
    "weightedAverageShsOutDil": 766000000,
    "link": "https://www.sec.gov/Archives/edgar/data/1300514/000130051423000094/0001300514-23-000094-index.htm",
    "finalLink": "https://www.sec.gov/Archives/edgar/data/1300514/000130051423000094/lvs-20230930.htm"
  },
  {
    "date": "2023-06-30",
    "symbol": "LVS",
    "reportedCurrency": "USD",
    "cik": "0001300514",
    "fillingDate": "2023-07-21",
    "acceptedDate": "2023-07-21 16:02:14",
    "calendarYear": "2023",
    "period": "Q2",
    "revenue": 2542000000,
    "costOfRevenue": 1581000000,
    "grossProfit": 961000000,
    "grossProfitRatio": 0.3780487805,
    "researchAndDevelopmentExpenses": 0,
    "generalAndAdministrativeExpenses": 0,
    "sellingAndMarketingExpenses": 0,
    "sellingGeneralAndAdministrativeExpenses": 412000000,
    "otherExpenses": 0,
    "operatingExpenses": 412000000,
    "costAndExpenses": 1993000000,
    "interestIncome": 76000000,
    "interestExpense": 210000000,
    "depreciationAndAmortization": 288000000,
    "ebitda": 915000000,
    "ebitdaratio": 0.3599527931,
    "operatingIncome": 549000000,
    "operatingIncomeRatio": 0.2159716758,
    "totalOtherIncomeExpensesNet": -132000000,
    "incomeBeforeTax": 417000000,
    "incomeBeforeTaxRatio": 0.1640440598,
    "incomeTaxExpense": 49000000,
    "netIncome": 312000000,
    "netIncomeRatio": 0.1227380016,
    "eps": 0.41,
    "epsdiluted": 0.41,
    "weightedAverageShsOut": 764000000,
    "weightedAverageShsOutDil": 767000000,
    "link": "https://www.sec.gov/Archives/edgar/data/1300514/000130051423000084/0001300514-23-000084-index.htm",
    "finalLink": "https://www.sec.gov/Archives/edgar/data/1300514/000130051423000084/lvs-20230630.htm"
  },
  {
    "date": "2023-03-31",
    "symbol": "LVS",
    "reportedCurrency": "USD",
    "cik": "0001300514",
    "fillingDate": "2023-04-21",
    "acceptedDate": "2023-04-21 16:03:45",
    "calendarYear": "2023",
    "period": "Q1",
    "revenue": 2120000000,
    "costOfRevenue": 1368000000,
    "grossProfit": 752000000,
    "grossProfitRatio": 0.3547169811,
    "researchAndDevelopmentExpenses": 0,
    "generalAndAdministrativeExpenses": 0,
    "sellingAndMarketingExpenses": 0,
    "sellingGeneralAndAdministrativeExpenses": 358000000,
    "otherExpenses": 0,
    "operatingExpenses": 358000000,
    "costAndExpenses": 1726000000,
    "interestIncome": 70000000,
    "interestExpense": 218000000,
    "depreciationAndAmortization": 274000000,
    "ebitda": 687000000,
    "ebitdaratio": 0.3240566038,
    "operatingIncome": 394000000,
    "operatingIncomeRatio": 0.1858490566,
    "totalOtherIncomeExpensesNet": -199000000,
    "incomeBeforeTax": 195000000,
    "incomeBeforeTaxRatio": 0.0919811321,
    "incomeTaxExpense": 50000000,
    "netIncome": 147000000,
    "netIncomeRatio": 0.0693396226,
    "eps": 0.19,
    "epsdiluted": 0.19,
    "weightedAverageShsOut": 764000000,
    "weightedAverageShsOutDil": 766000000,
    "link": "https://www.sec.gov/Archives/edgar/data/1300514/000130051423000040/0001300514-23-000040-index.htm",
    "finalLink": "https://www.sec.gov/Archives/edgar/data/1300514/000130051423000040/lvs-20230331.htm"
  },
  {
    "date": "2022-12-31",
    "symbol": "LVS",
    "reportedCurrency": "USD",
    "cik": "0001300514",
    "fillingDate": "2023-02-03",
    "acceptedDate": "2023-02-03 16:02:55",
    "calendarYear": "2022",
    "period": "Q4",
    "revenue": 1117000000,
    "costOfRevenue": 921000000,
    "grossProfit": 196000000,
    "grossProfitRatio": 0.175470009,
    "researchAndDevelopmentExpenses": 0,
    "generalAndAdministrativeExpenses": 0,
    "sellingAndMarketingExpenses": 0,
    "sellingGeneralAndAdministrativeExpenses": 359000000,
    "otherExpenses": 0,
    "operatingExpenses": 359000000,
    "costAndExpenses": 1280000000,
    "interestIncome": 60000000,
    "interestExpense": 201000000,
    "depreciationAndAmortization": 256000000,
    "ebitda": 170000000,
    "ebitdaratio": 0.1521933751,
    "operatingIncome": -163000000,
    "operatingIncomeRatio": -0.1459265891,
    "totalOtherIncomeExpensesNet": -124000000,
    "incomeBeforeTax": -287000000,
    "incomeBeforeTaxRatio": -0.2569382274,
    "incomeTaxExpense": -18000000,
    "netIncome": -164000000,
    "netIncomeRatio": -0.1468218442,
    "eps": -0.22,
    "epsdiluted": -0.22,
    "weightedAverageShsOut": 764000000,
    "weightedAverageShsOutDil": 764000000,
    "link": "https://www.sec.gov/Archives/edgar/data/1300514/000130051423000021/0001300514-23-000021-index.htm",
    "finalLink": "https://www.sec.gov/Archives/edgar/data/1300514/000130051423000021/lvs-20221231.htm"
  },
  {
    "date": "2022-09-30",
    "symbol": "LVS",
    "reportedCurrency": "USD",
    "cik": "0001300514",
    "fillingDate": "2022-10-21",
    "acceptedDate": "2022-10-21 16:04:29",
    "calendarYear": "2022",
    "period": "Q3",
    "revenue": 1005000000,
    "costOfRevenue": 837000000,
    "grossProfit": 168000000,
    "grossProfitRatio": 0.1671641791,
    "researchAndDevelopmentExpenses": 0,
    "generalAndAdministrativeExpenses": 0,
    "sellingAndMarketingExpenses": 0,
    "sellingGeneralAndAdministrativeExpenses": 339000000,
    "otherExpenses": 0,
    "operatingExpenses": 339000000,
    "costAndExpenses": 1176000000,
    "interestIncome": 38000000,
    "interestExpense": 183000000,
    "depreciationAndAmortization": 260000000,
    "ebitda": 123000000,
    "ebitdaratio": 0.1223880597,
    "operatingIncome": -171000000,
    "operatingIncomeRatio": -0.1701492537,
    "totalOtherIncomeExpensesNet": -149000000,
    "incomeBeforeTax": -320000000,
    "incomeBeforeTaxRatio": -0.3184079602,
    "incomeTaxExpense": 60000000,
    "netIncome": -238000000,
    "netIncomeRatio": -0.2368159204,
    "eps": -0.31,
    "epsdiluted": -0.31,
    "weightedAverageShsOut": 764000000,
    "weightedAverageShsOutDil": 764000000,
    "link": "https://www.sec.gov/Archives/edgar/data/1300514/000130051422000119/0001300514-22-000119-index.htm",
    "finalLink": "https://www.sec.gov/Archives/edgar/data/1300514/000130051422000119/lvs-20220930.htm"
  },
  {
    "date": "2022-06-30",
    "symbol": "LVS",
    "reportedCurrency": "USD",
    "cik": "0001300514",
    "fillingDate": "2022-07-22",
    "acceptedDate": "2022-07-22 16:27:42",
    "calendarYear": "2022",
    "period": "Q2",
    "revenue": 1045000000,
    "costOfRevenue": 858000000,
    "grossProfit": 187000000,
    "grossProfitRatio": 0.1789473684,
    "researchAndDevelopmentExpenses": 0,
    "generalAndAdministrativeExpenses": 0,
    "sellingAndMarketingExpenses": 0,
    "sellingGeneralAndAdministrativeExpenses": 331000000,
    "otherExpenses": 0,
    "operatingExpenses": 331000000,
    "costAndExpenses": 1189000000,
    "interestIncome": 14000000,
    "interestExpense": 162000000,
    "depreciationAndAmortization": 256000000,
    "ebitda": 114000000,
    "ebitdaratio": 0.1090909091,
    "operatingIncome": -144000000,
    "operatingIncomeRatio": -0.1377990431,
    "totalOtherIncomeExpensesNet": -160000000,
    "incomeBeforeTax": -304000000,
    "incomeBeforeTaxRatio": -0.2909090909,
    "incomeTaxExpense": 110000000,
    "netIncome": -287000000,
    "netIncomeRatio": -0.2746411483,
    "eps": -0.38,
    "epsdiluted": -0.38,
    "weightedAverageShsOut": 755263157,
    "weightedAverageShsOutDil": 764000000,
    "link": "https://www.sec.gov/Archives/edgar/data/1300514/000130051422000094/0001300514-22-000094-index.htm",
    "finalLink": "https://www.sec.gov/Archives/edgar/data/1300514/000130051422000094/lvs-20220630.htm"
  },
  {
    "date": "2022-03-31",
    "symbol": "LVS",
    "reportedCurrency": "USD",
    "cik": "0001300514",
    "fillingDate": "2022-04-29",
    "acceptedDate": "2022-04-29 16:07:44",
    "calendarYear": "2022",
    "period": "Q1",
    "revenue": 943000000,
    "costOfRevenue": 880000000,
    "grossProfit": 63000000,
    "grossProfitRatio": 0.0668080594,
    "researchAndDevelopmentExpenses": 0,
    "generalAndAdministrativeExpenses": 0,
    "sellingAndMarketingExpenses": 0,
    "sellingGeneralAndAdministrativeExpenses": 355000000,
    "otherExpenses": 0,
    "operatingExpenses": 355000000,
    "costAndExpenses": 1235000000,
    "interestIncome": 4000000,
    "interestExpense": 156000000,
    "depreciationAndAmortization": 264000000,
    "ebitda": -56000000,
    "ebitdaratio": -0.0593849417,
    "operatingIncome": -292000000,
    "operatingIncomeRatio": -0.309650053,
    "totalOtherIncomeExpensesNet": -184000000,
    "incomeBeforeTax": -476000000,
    "incomeBeforeTaxRatio": -0.5047720042,
    "incomeTaxExpense": 2000000,
    "netIncome": -331000000,
    "netIncomeRatio": -0.3510074231,
    "eps": -0.49,
    "epsdiluted": -0.49,
    "weightedAverageShsOut": 764000000,
    "weightedAverageShsOutDil": 764000000,
    "link": "https://www.sec.gov/Archives/edgar/data/1300514/000130051422000048/0001300514-22-000048-index.htm",
    "finalLink": "https://www.sec.gov/Archives/edgar/data/1300514/000130051422000048/lvs-20220331.htm"
  },
  {
    "date": "2021-12-31",
    "symbol": "LVS",
    "reportedCurrency": "USD",
    "cik": "0001300514",
    "fillingDate": "2022-02-04",
    "acceptedDate": "2022-02-04 16:29:50",
    "calendarYear": "2021",
    "period": "Q4",
    "revenue": 1008000000,
    "costOfRevenue": 869000000,
    "grossProfit": 139000000,
    "grossProfitRatio": 0.1378968254,
    "researchAndDevelopmentExpenses": 0,
    "generalAndAdministrativeExpenses": 0,
    "sellingAndMarketingExpenses": 0,
    "sellingGeneralAndAdministrativeExpenses": 264000000,
    "otherExpenses": 0,
    "operatingExpenses": 264000000,
    "costAndExpenses": 1133000000,
    "interestIncome": 1000000,
    "interestExpense": 152000000,
    "depreciationAndAmortization": 266000000,
    "ebitda": 117000000,
    "ebitdaratio": 0.1160714286,
    "operatingIncome": -125000000,
    "operatingIncomeRatio": -0.1240079365,
    "totalOtherIncomeExpensesNet": -176000000,
    "incomeBeforeTax": -301000000,
    "incomeBeforeTaxRatio": -0.2986111111,
    "incomeTaxExpense": 14000000,
    "netIncome": -123000000,
    "netIncomeRatio": -0.1220238095,
    "eps": -0.161,
    "epsdiluted": -0.161,
    "weightedAverageShsOut": 764000000,
    "weightedAverageShsOutDil": 764000063,
    "link": "https://www.sec.gov/Archives/edgar/data/1300514/000130051422000007/0001300514-22-000007-index.htm",
    "finalLink": "https://www.sec.gov/Archives/edgar/data/1300514/000130051422000007/lvs-20211231.htm"
  },
  {
    "date": "2021-09-30",
    "symbol": "LVS",
    "reportedCurrency": "USD",
    "cik": "0001300514",
    "fillingDate": "2021-10-22",
    "acceptedDate": "2021-10-22 16:07:32",
    "calendarYear": "2021",
    "period": "Q3",
    "revenue": 857000000,
    "costOfRevenue": 846000000,
    "grossProfit": 11000000,
    "grossProfitRatio": 0.0128354726,
    "researchAndDevelopmentExpenses": 0,
    "generalAndAdministrativeExpenses": 0,
    "sellingAndMarketingExpenses": 0,
    "sellingGeneralAndAdministrativeExpenses": 317000000,
    "otherExpenses": 0,
    "operatingExpenses": 317000000,
    "costAndExpenses": 1163000000,
    "interestIncome": 1000000,
    "interestExpense": 157000000,
    "depreciationAndAmortization": 262000000,
    "ebitda": -202000000,
    "ebitdaratio": -0.235705951,
    "operatingIncome": -306000000,
    "operatingIncomeRatio": -0.3570595099,
    "totalOtherIncomeExpensesNet": -315000000,
    "incomeBeforeTax": -621000000,
    "incomeBeforeTaxRatio": -0.7246207701,
    "incomeTaxExpense": -27000000,
    "netIncome": -368000000,
    "netIncomeRatio": -0.4294049008,
    "eps": -0.4817,
    "epsdiluted": -0.4817,
    "weightedAverageShsOut": 764000000,
    "weightedAverageShsOutDil": 764000680,
    "link": "https://www.sec.gov/Archives/edgar/data/1300514/000130051421000166/0001300514-21-000166-index.htm",
    "finalLink": "https://www.sec.gov/Archives/edgar/data/1300514/000130051421000166/lvs-20210930.htm"
  },
  {
    "date": "2021-06-30",
    "symbol": "LVS",
    "reportedCurrency": "USD",
    "cik": "0001300514",
    "fillingDate": "2021-07-23",
    "acceptedDate": "2021-07-23 16:23:06",
    "calendarYear": "2021",
    "period": "Q2",
    "revenue": 1173000000,
    "costOfRevenue": 969000000,
    "grossProfit": 204000000,
    "grossProfitRatio": 0.1739130435,
    "researchAndDevelopmentExpenses": 0,
    "generalAndAdministrativeExpenses": 0,
    "sellingAndMarketingExpenses": 0,
    "sellingGeneralAndAdministrativeExpenses": 328000000,
    "otherExpenses": 0,
    "operatingExpenses": 328000000,
    "costAndExpenses": 1297000000,
    "interestIncome": 1000000,
    "interestExpense": 158000000,
    "depreciationAndAmortization": 258000000,
    "ebitda": 130000000,
    "ebitdaratio": 0.1108269395,
    "operatingIncome": -124000000,
    "operatingIncomeRatio": -0.10571185,
    "totalOtherIncomeExpensesNet": -162000000,
    "incomeBeforeTax": -286000000,
    "incomeBeforeTaxRatio": -0.2438192668,
    "incomeTaxExpense": -6000000,
    "netIncome": -192000000,
    "netIncomeRatio": -0.1636828645,
    "eps": -0.3,
    "epsdiluted": -0.3,
    "weightedAverageShsOut": 764000000,
    "weightedAverageShsOutDil": 764000305,
    "link": "https://www.sec.gov/Archives/edgar/data/1300514/000130051421000115/0001300514-21-000115-index.htm",
    "finalLink": "https://www.sec.gov/Archives/edgar/data/1300514/000130051421000115/lvs-20210630.htm"
  },
  {
    "date": "2021-03-31",
    "symbol": "LVS",
    "reportedCurrency": "USD",
    "cik": "0001300514",
    "fillingDate": "2021-04-23",
    "acceptedDate": "2021-04-23 16:33:21",
    "calendarYear": "2021",
    "period": "Q1",
    "revenue": 1196000000,
    "costOfRevenue": 983000000,
    "grossProfit": 213000000,
    "grossProfitRatio": 0.1780936455,
    "researchAndDevelopmentExpenses": 0,
    "generalAndAdministrativeExpenses": 0,
    "sellingAndMarketingExpenses": 0,
    "sellingGeneralAndAdministrativeExpenses": 301000000,
    "otherExpenses": 0,
    "operatingExpenses": 301000000,
    "costAndExpenses": 1284000000,
    "interestIncome": 1000000,
    "interestExpense": 154000000,
    "depreciationAndAmortization": 255000000,
    "ebitda": 143000000,
    "ebitdaratio": 0.1195652174,
    "operatingIncome": -88000000,
    "operatingIncomeRatio": -0.0735785953,
    "totalOtherIncomeExpensesNet": -178000000,
    "incomeBeforeTax": -266000000,
    "incomeBeforeTaxRatio": -0.2224080268,
    "incomeTaxExpense": 14000000,
    "netIncome": -278000000,
    "netIncomeRatio": -0.2324414716,
    "eps": -0.3639,
    "epsdiluted": -0.3639,
    "weightedAverageShsOut": 764000000,
    "weightedAverageShsOutDil": 764001386,
    "link": "https://www.sec.gov/Archives/edgar/data/1300514/000130051421000058/0001300514-21-000058-index.htm",
    "finalLink": "https://www.sec.gov/Archives/edgar/data/1300514/000130051421000058/lvs-20210331.htm"
  },
  {
    "date": "2020-12-31",
    "symbol": "LVS",
    "reportedCurrency": "USD",
    "cik": "0001300514",
    "fillingDate": "2021-02-05",
    "acceptedDate": "2021-02-05 16:49:15",
    "calendarYear": "2020",
    "period": "Q4",
    "revenue": 1015000000,
    "costOfRevenue": 864000000,
    "grossProfit": 151000000,
    "grossProfitRatio": 0.1487684729,
    "researchAndDevelopmentExpenses": 0,
    "generalAndAdministrativeExpenses": 0,
    "sellingAndMarketingExpenses": 0,
    "sellingGeneralAndAdministrativeExpenses": 254000000,
    "otherExpenses": 0,
    "operatingExpenses": 254000000,
    "costAndExpenses": 1118000000,
    "interestIncome": 1000000,
    "interestExpense": 150000000,
    "depreciationAndAmortization": 252000000,
    "ebitda": 124000000,
    "ebitdaratio": 0.1221674877,
    "operatingIncome": -103000000,
    "operatingIncomeRatio": -0.1014778325,
    "totalOtherIncomeExpensesNet": -172000000,
    "incomeBeforeTax": -275000000,
    "incomeBeforeTaxRatio": -0.2709359606,
    "incomeTaxExpense": 28000000,
    "netIncome": -299000000,
    "netIncomeRatio": -0.2945812808,
    "eps": -0.3914,
    "epsdiluted": -0.3914,
    "weightedAverageShsOut": 753333333,
    "weightedAverageShsOutDil": 764000000,
    "link": "https://www.sec.gov/Archives/edgar/data/1300514/000130051421000033/0001300514-21-000033-index.htm",
    "finalLink": "https://www.sec.gov/Archives/edgar/data/1300514/000130051421000033/lvs-20201231.htm"
  },
  {
    "date": "2020-09-30",
    "symbol": "LVS",
    "reportedCurrency": "USD",
    "cik": "0001300514",
    "fillingDate": "2020-10-23",
    "acceptedDate": "2020-10-23 16:07:26",
    "calendarYear": "2020",
    "period": "Q3",
    "revenue": 446000000,
    "costOfRevenue": 639000000,
    "grossProfit": -193000000,
    "grossProfitRatio": -0.432735426,
    "researchAndDevelopmentExpenses": 0,
    "generalAndAdministrativeExpenses": 0,
    "sellingAndMarketingExpenses": 0,
    "sellingGeneralAndAdministrativeExpenses": 270000000,
    "otherExpenses": 0,
    "operatingExpenses": 270000000,
    "costAndExpenses": 909000000,
    "interestIncome": 3000000,
    "interestExpense": 134000000,
    "depreciationAndAmortization": 248000000,
    "ebitda": -277000000,
    "ebitdaratio": -0.6210762332,
    "operatingIncome": -463000000,
    "operatingIncomeRatio": -1.0381165919,
    "totalOtherIncomeExpensesNet": -196000000,
    "incomeBeforeTax": -659000000,
    "incomeBeforeTaxRatio": -1.4775784753,
    "incomeTaxExpense": 5000000,
    "netIncome": -565000000,
    "netIncomeRatio": -1.2668161435,
    "eps": -0.65,
    "epsdiluted": -0.65,
    "weightedAverageShsOut": 764000000,
    "weightedAverageShsOutDil": 764000540,
    "link": "https://www.sec.gov/Archives/edgar/data/1300514/000130051420000140/0001300514-20-000140-index.htm",
    "finalLink": "https://www.sec.gov/Archives/edgar/data/1300514/000130051420000140/lvs-20200930.htm"
  },
  {
    "date": "2020-06-30",
    "symbol": "LVS",
    "reportedCurrency": "USD",
    "cik": "0001300514",
    "fillingDate": "2020-07-24",
    "acceptedDate": "2020-07-24 16:06:30",
    "calendarYear": "2020",
    "period": "Q2",
    "revenue": 62000000,
    "costOfRevenue": 532000000,
    "grossProfit": -470000000,
    "grossProfitRatio": -7.5806451613,
    "researchAndDevelopmentExpenses": 0,
    "generalAndAdministrativeExpenses": 0,
    "sellingAndMarketingExpenses": 0,
    "sellingGeneralAndAdministrativeExpenses": 279000000,
    "otherExpenses": 0,
    "operatingExpenses": 279000000,
    "costAndExpenses": 811000000,
    "interestIncome": 4000000,
    "interestExpense": 114000000,
    "depreciationAndAmortization": 244000000,
    "ebitda": -514000000,
    "ebitdaratio": -8.2903225806,
    "operatingIncome": -749000000,
    "operatingIncomeRatio": -12.0806451613,
    "totalOtherIncomeExpensesNet": -123000000,
    "incomeBeforeTax": -872000000,
    "incomeBeforeTaxRatio": -14.064516129,
    "incomeTaxExpense": -31000000,
    "netIncome": -820000000,
    "netIncomeRatio": -13.2258064516,
    "eps": -1.0733,
    "epsdiluted": -1.0733,
    "weightedAverageShsOut": 764000000,
    "weightedAverageShsOutDil": 764000650,
    "link": "https://www.sec.gov/Archives/edgar/data/1300514/000130051420000122/0001300514-20-000122-index.htm",
    "finalLink": "https://www.sec.gov/Archives/edgar/data/1300514/000130051420000122/lvs-20200630.htm"
  },
  {
    "date": "2020-03-31",
    "symbol": "LVS",
    "reportedCurrency": "USD",
    "cik": "0001300514",
    "fillingDate": "2020-04-24",
    "acceptedDate": "2020-04-24 16:05:10",
    "calendarYear": "2020",
    "period": "Q1",
    "revenue": 1417000000,
    "costOfRevenue": 1081000000,
    "grossProfit": 336000000,
    "grossProfitRatio": 0.2371206775,
    "researchAndDevelopmentExpenses": 0,
    "generalAndAdministrativeExpenses": 0,
    "sellingAndMarketingExpenses": 0,
    "sellingGeneralAndAdministrativeExpenses": 322000000,
    "otherExpenses": 0,
    "operatingExpenses": 322000000,
    "costAndExpenses": 1403000000,
    "interestIncome": 13000000,
    "interestExpense": 128000000,
    "depreciationAndAmortization": 253000000,
    "ebitda": 311000000,
    "ebitdaratio": 0.2194777699,
    "operatingIncome": 14000000,
    "operatingIncomeRatio": 0.0098800282,
    "totalOtherIncomeExpensesNet": -84000000,
    "incomeBeforeTax": -70000000,
    "incomeBeforeTaxRatio": -0.0494001411,
    "incomeTaxExpense": 22000000,
    "netIncome": -1000000,
    "netIncomeRatio": -0.0007057163,
    "eps": -0.0013,
    "epsdiluted": -0.0013,
    "weightedAverageShsOut": 764000000,
    "weightedAverageShsOutDil": 764011423,
    "link": "https://www.sec.gov/Archives/edgar/data/1300514/000130051420000046/0001300514-20-000046-index.htm",
    "finalLink": "https://www.sec.gov/Archives/edgar/data/1300514/000130051420000046/lvs-03312020x10q.htm"
  },
  {
    "date": "2019-12-31",
    "symbol": "LVS",
    "reportedCurrency": "USD",
    "cik": "0001300514",
    "fillingDate": "2020-02-07",
    "acceptedDate": "2020-02-07 17:14:01",
    "calendarYear": "2019",
    "period": "Q4",
    "revenue": 3509000000,
    "costOfRevenue": 2008000000,
    "grossProfit": 1501000000,
    "grossProfitRatio": 0.4277571958,
    "researchAndDevelopmentExpenses": 0,
    "generalAndAdministrativeExpenses": 0,
    "sellingAndMarketingExpenses": 0,
    "sellingGeneralAndAdministrativeExpenses": 484000000,
    "otherExpenses": 0,
    "operatingExpenses": 484000000,
    "costAndExpenses": 2492000000,
    "interestIncome": 17000000,
    "interestExpense": 134000000,
    "depreciationAndAmortization": 291000000,
    "ebitda": 1284000000,
    "ebitdaratio": 0.3659162154,
    "operatingIncome": 1017000000,
    "operatingIncomeRatio": 0.2898261613,
    "totalOtherIncomeExpensesNet": -169000000,
    "incomeBeforeTax": 848000000,
    "incomeBeforeTaxRatio": 0.2416642918,
    "incomeTaxExpense": 65000000,
    "netIncome": 629000000,
    "netIncomeRatio": 0.1792533485,
    "eps": 0.82,
    "epsdiluted": 0.82,
    "weightedAverageShsOut": 767341740,
    "weightedAverageShsOutDil": 768000000,
    "link": "https://www.sec.gov/Archives/edgar/data/1300514/000130051420000011/0001300514-20-000011-index.htm",
    "finalLink": "https://www.sec.gov/Archives/edgar/data/1300514/000130051420000011/lvs-20191231x10k.htm"
  },
  {
    "date": "2019-09-30",
    "symbol": "LVS",
    "reportedCurrency": "USD",
    "cik": "0001300514",
    "fillingDate": "2019-10-25",
    "acceptedDate": "2019-10-25 16:25:08",
    "calendarYear": "2019",
    "period": "Q3",
    "revenue": 3250000000,
    "costOfRevenue": 1886000000,
    "grossProfit": 1364000000,
    "grossProfitRatio": 0.4196923077,
    "researchAndDevelopmentExpenses": 0,
    "generalAndAdministrativeExpenses": 0,
    "sellingAndMarketingExpenses": 0,
    "sellingGeneralAndAdministrativeExpenses": 445000000,
    "otherExpenses": 0,
    "operatingExpenses": 445000000,
    "costAndExpenses": 2331000000,
    "interestIncome": 20000000,
    "interestExpense": 137000000,
    "depreciationAndAmortization": 284000000,
    "ebitda": 1172000000,
    "ebitdaratio": 0.3606153846,
    "operatingIncome": 919000000,
    "operatingIncomeRatio": 0.2827692308,
    "totalOtherIncomeExpensesNet": -168000000,
    "incomeBeforeTax": 751000000,
    "incomeBeforeTaxRatio": 0.2310769231,
    "incomeTaxExpense": 82000000,
    "netIncome": 533000000,
    "netIncomeRatio": 0.164,
    "eps": 0.69,
    "epsdiluted": 0.69,
    "weightedAverageShsOut": 769000000,
    "weightedAverageShsOutDil": 772463768,
    "link": "https://www.sec.gov/Archives/edgar/data/1300514/000130051419000107/0001300514-19-000107-index.htm",
    "finalLink": "https://www.sec.gov/Archives/edgar/data/1300514/000130051419000107/lvs-09302019x10q.htm"
  },
  {
    "date": "2019-06-30",
    "symbol": "LVS",
    "reportedCurrency": "USD",
    "cik": "0001300514",
    "fillingDate": "2019-07-24",
    "acceptedDate": "2019-07-24 16:53:16",
    "calendarYear": "2019",
    "period": "Q2",
    "revenue": 3334000000,
    "costOfRevenue": 1978000000,
    "grossProfit": 1356000000,
    "grossProfitRatio": 0.4067186563,
    "researchAndDevelopmentExpenses": 0,
    "generalAndAdministrativeExpenses": 0,
    "sellingAndMarketingExpenses": 0,
    "sellingGeneralAndAdministrativeExpenses": 452000000,
    "otherExpenses": 0,
    "operatingExpenses": 452000000,
    "costAndExpenses": 2430000000,
    "interestIncome": 17000000,
    "interestExpense": 143000000,
    "depreciationAndAmortization": 289000000,
    "ebitda": 1773000000,
    "ebitdaratio": 0.5317936413,
    "operatingIncome": 904000000,
    "operatingIncomeRatio": 0.2711457708,
    "totalOtherIncomeExpensesNet": 440000000,
    "incomeBeforeTax": 1344000000,
    "incomeBeforeTaxRatio": 0.4031193761,
    "incomeTaxExpense": 236000000,
    "netIncome": 954000000,
    "netIncomeRatio": 0.2861427714,
    "eps": 1.24,
    "epsdiluted": 1.24,
    "weightedAverageShsOut": 772000000,
    "weightedAverageShsOutDil": 772000184,
    "link": "https://www.sec.gov/Archives/edgar/data/1300514/000130051419000073/0001300514-19-000073-index.htm",
    "finalLink": "https://www.sec.gov/Archives/edgar/data/1300514/000130051419000073/lvs-06302019x10q.htm"
  },
  {
    "date": "2019-03-31",
    "symbol": "LVS",
    "reportedCurrency": "USD",
    "cik": "0001300514",
    "fillingDate": "2019-04-19",
    "acceptedDate": "2019-04-19 13:17:19",
    "calendarYear": "2019",
    "period": "Q1",
    "revenue": 3646000000,
    "costOfRevenue": 2125000000,
    "grossProfit": 1521000000,
    "grossProfitRatio": 0.4171695008,
    "researchAndDevelopmentExpenses": 0,
    "generalAndAdministrativeExpenses": 0,
    "sellingAndMarketingExpenses": 0,
    "sellingGeneralAndAdministrativeExpenses": 539000000,
    "otherExpenses": 0,
    "operatingExpenses": 539000000,
    "costAndExpenses": 2664000000,
    "interestIncome": 20000000,
    "interestExpense": 141000000,
    "depreciationAndAmortization": 301000000,
    "ebitda": 1269000000,
    "ebitdaratio": 0.3480526604,
    "operatingIncome": 982000000,
    "operatingIncomeRatio": 0.2693362589,
    "totalOtherIncomeExpensesNet": -153000000,
    "incomeBeforeTax": 829000000,
    "incomeBeforeTaxRatio": 0.227372463,
    "incomeTaxExpense": 85000000,
    "netIncome": 582000000,
    "netIncomeRatio": 0.1596269885,
    "eps": 0.75,
    "epsdiluted": 0.75,
    "weightedAverageShsOut": 775000000,
    "weightedAverageShsOutDil": 776000000,
    "link": "https://www.sec.gov/Archives/edgar/data/1300514/000130051419000042/0001300514-19-000042-index.htm",
    "finalLink": "https://www.sec.gov/Archives/edgar/data/1300514/000130051419000042/lvs-03312019x10q.htm"
  },
  {
    "date": "2018-12-31",
    "symbol": "LVS",
    "reportedCurrency": "USD",
    "cik": "0001300514",
    "fillingDate": "2019-02-22",
    "acceptedDate": "2019-02-22 16:04:56",
    "calendarYear": "2018",
    "period": "Q4",
    "revenue": 3475000000,
    "costOfRevenue": 2081000000,
    "grossProfit": 1394000000,
    "grossProfitRatio": 0.4011510791,
    "researchAndDevelopmentExpenses": 0,
    "generalAndAdministrativeExpenses": 0,
    "sellingAndMarketingExpenses": 0,
    "sellingGeneralAndAdministrativeExpenses": 483000000,
    "otherExpenses": 0,
    "operatingExpenses": 483000000,
    "costAndExpenses": 2564000000,
    "interestIncome": 23000000,
    "interestExpense": 138000000,
    "depreciationAndAmortization": 289000000,
    "ebitda": 1174000000,
    "ebitdaratio": 0.3378417266,
    "operatingIncome": 911000000,
    "operatingIncomeRatio": 0.2621582734,
    "totalOtherIncomeExpensesNet": -169000000,
    "incomeBeforeTax": 742000000,
    "incomeBeforeTaxRatio": 0.2135251799,
    "incomeTaxExpense": 782000000,
    "netIncome": -170000000,
    "netIncomeRatio": -0.0489208633,
    "eps": -0.22,
    "epsdiluted": -0.22,
    "weightedAverageShsOut": 780000000,
    "weightedAverageShsOutDil": 780002569,
    "link": "https://www.sec.gov/Archives/edgar/data/1300514/000130051419000021/0001300514-19-000021-index.htm",
    "finalLink": "https://www.sec.gov/Archives/edgar/data/1300514/000130051419000021/lvs-20181231x10k.htm"
  },
  {
    "date": "2018-09-30",
    "symbol": "LVS",
    "reportedCurrency": "USD",
    "cik": "0001300514",
    "fillingDate": "2018-10-26",
    "acceptedDate": "2018-10-26 16:13:02",
    "calendarYear": "2018",
    "period": "Q3",
    "revenue": 3372000000,
    "costOfRevenue": 2006000000,
    "grossProfit": 1366000000,
    "grossProfitRatio": 0.4051008304,
    "researchAndDevelopmentExpenses": 0,
    "generalAndAdministrativeExpenses": 0,
    "sellingAndMarketingExpenses": 0,
    "sellingGeneralAndAdministrativeExpenses": 438000000,
    "otherExpenses": 0,
    "operatingExpenses": 438000000,
    "costAndExpenses": 2444000000,
    "interestIncome": 22000000,
    "interestExpense": 126000000,
    "depreciationAndAmortization": 284000000,
    "ebitda": 1196000000,
    "ebitdaratio": 0.3546856465,
    "operatingIncome": 928000000,
    "operatingIncomeRatio": 0.2752075919,
    "totalOtherIncomeExpensesNet": -146000000,
    "incomeBeforeTax": 782000000,
    "incomeBeforeTaxRatio": 0.2319098458,
    "incomeTaxExpense": 83000000,
    "netIncome": 571000000,
    "netIncomeRatio": 0.1693357058,
    "eps": 0.73,
    "epsdiluted": 0.73,
    "weightedAverageShsOut": 786000112,
    "weightedAverageShsOutDil": 787000000,
    "link": "https://www.sec.gov/Archives/edgar/data/1300514/000130051418000123/0001300514-18-000123-index.htm",
    "finalLink": "https://www.sec.gov/Archives/edgar/data/1300514/000130051418000123/lvs-09302018x10q.htm"
  },
  {
    "date": "2018-06-30",
    "symbol": "LVS",
    "reportedCurrency": "USD",
    "cik": "0001300514",
    "fillingDate": "2018-07-25",
    "acceptedDate": "2018-07-25 17:05:55",
    "calendarYear": "2018",
    "period": "Q2",
    "revenue": 3303000000,
    "costOfRevenue": 1980000000,
    "grossProfit": 1323000000,
    "grossProfitRatio": 0.4005449591,
    "researchAndDevelopmentExpenses": 0,
    "generalAndAdministrativeExpenses": 0,
    "sellingAndMarketingExpenses": 0,
    "sellingGeneralAndAdministrativeExpenses": 419000000,
    "otherExpenses": 0,
    "operatingExpenses": 419000000,
    "costAndExpenses": 2399000000,
    "interestIncome": 9000000,
    "interestExpense": 93000000,
    "depreciationAndAmortization": 274000000,
    "ebitda": 1124000000,
    "ebitdaratio": 0.3402967,
    "operatingIncome": 904000000,
    "operatingIncomeRatio": 0.2736905843,
    "totalOtherIncomeExpensesNet": -147000000,
    "incomeBeforeTax": 757000000,
    "incomeBeforeTaxRatio": 0.2291855889,
    "incomeTaxExpense": 81000000,
    "netIncome": 556000000,
    "netIncomeRatio": 0.1683318196,
    "eps": 0.7,
    "epsdiluted": 0.7,
    "weightedAverageShsOut": 790000000,
    "weightedAverageShsOutDil": 794285714,
    "link": "https://www.sec.gov/Archives/edgar/data/1300514/000130051418000090/0001300514-18-000090-index.htm",
    "finalLink": "https://www.sec.gov/Archives/edgar/data/1300514/000130051418000090/lvs-06302018x10q.htm"
  },
  {
    "date": "2018-03-31",
    "symbol": "LVS",
    "reportedCurrency": "USD",
    "cik": "0001300514",
    "fillingDate": "2018-04-27",
    "acceptedDate": "2018-04-27 16:18:44",
    "calendarYear": "2018",
    "period": "Q1",
    "revenue": 3579000000,
    "costOfRevenue": 2018000000,
    "grossProfit": 1561000000,
    "grossProfitRatio": 0.4361553507,
    "researchAndDevelopmentExpenses": 0,
    "generalAndAdministrativeExpenses": 0,
    "sellingAndMarketingExpenses": 0,
    "sellingGeneralAndAdministrativeExpenses": 397000000,
    "otherExpenses": 0,
    "operatingExpenses": 397000000,
    "costAndExpenses": 2415000000,
    "interestIncome": 5000000,
    "interestExpense": 89000000,
    "depreciationAndAmortization": 264000000,
    "ebitda": 1398000000,
    "ebitdaratio": 0.3906119028,
    "operatingIncome": 1164000000,
    "operatingIncomeRatio": 0.3252305113,
    "totalOtherIncomeExpensesNet": -119000000,
    "incomeBeforeTax": 1045000000,
    "incomeBeforeTaxRatio": 0.2919810003,
    "incomeTaxExpense": -571000000,
    "netIncome": 1456000000,
    "netIncomeRatio": 0.4068175468,
    "eps": 1.85,
    "epsdiluted": 1.84,
    "weightedAverageShsOut": 790000000,
    "weightedAverageShsOutDil": 791304347,
    "link": "https://www.sec.gov/Archives/edgar/data/1300514/000130051418000055/0001300514-18-000055-index.htm",
    "finalLink": "https://www.sec.gov/Archives/edgar/data/1300514/000130051418000055/lvs-03312018x10q.htm"
  },
  {
    "date": "2017-12-31",
    "symbol": "LVS",
    "reportedCurrency": "USD",
    "cik": "0001300514",
    "fillingDate": "2018-02-23",
    "acceptedDate": "2018-02-23 16:14:21",
    "calendarYear": "2017",
    "period": "Q4",
    "revenue": 3391000000,
    "costOfRevenue": 1933000000,
    "grossProfit": 1458000000,
    "grossProfitRatio": 0.4299616632,
    "researchAndDevelopmentExpenses": 0,
    "generalAndAdministrativeExpenses": 0,
    "sellingAndMarketingExpenses": 0,
    "sellingGeneralAndAdministrativeExpenses": 436000000,
    "otherExpenses": 0,
    "operatingExpenses": 436000000,
    "costAndExpenses": 2369000000,
    "interestIncome": 5000000,
    "interestExpense": 87000000,
    "depreciationAndAmortization": 258000000,
    "ebitda": 1277000000,
    "ebitdaratio": 0.3765850781,
    "operatingIncome": 1022000000,
    "operatingIncomeRatio": 0.3013860218,
    "totalOtherIncomeExpensesNet": -90000000,
    "incomeBeforeTax": 932000000,
    "incomeBeforeTaxRatio": 0.2748451784,
    "incomeTaxExpense": -429000000,
    "netIncome": 1212000000,
    "netIncomeRatio": 0.3574166912,
    "eps": 1.53,
    "epsdiluted": 1.53,
    "weightedAverageShsOut": 790000110,
    "weightedAverageShsOutDil": 791000000,
    "link": "https://www.sec.gov/Archives/edgar/data/1300514/000130051418000022/0001300514-18-000022-index.htm",
    "finalLink": "https://www.sec.gov/Archives/edgar/data/1300514/000130051418000022/lvs-20171231x10k.htm"
  },
  {
    "date": "2017-09-30",
    "symbol": "LVS",
    "reportedCurrency": "USD",
    "cik": "0001300514",
    "fillingDate": "2017-11-03",
    "acceptedDate": "2017-11-03 16:10:19",
    "calendarYear": "2017",
    "period": "Q3",
    "revenue": 3161000000,
    "costOfRevenue": 1839000000,
    "grossProfit": 1322000000,
    "grossProfitRatio": 0.4182220816,
    "researchAndDevelopmentExpenses": 0,
    "generalAndAdministrativeExpenses": 0,
    "sellingAndMarketingExpenses": 0,
    "sellingGeneralAndAdministrativeExpenses": 445000000,
    "otherExpenses": 0,
    "operatingExpenses": 445000000,
    "costAndExpenses": 2284000000,
    "interestIncome": 4000000,
    "interestExpense": 83000000,
    "depreciationAndAmortization": 265000000,
    "ebitda": 1105000000,
    "ebitdaratio": 0.34957292,
    "operatingIncome": 877000000,
    "operatingIncomeRatio": 0.2774438469,
    "totalOtherIncomeExpensesNet": -120000000,
    "incomeBeforeTax": 757000000,
    "incomeBeforeTaxRatio": 0.2394811768,
    "incomeTaxExpense": 73000000,
    "netIncome": 569000000,
    "netIncomeRatio": 0.1800063271,
    "eps": 0.72,
    "epsdiluted": 0.72,
    "weightedAverageShsOut": 791000664,
    "weightedAverageShsOutDil": 792000000,
    "link": "https://www.sec.gov/Archives/edgar/data/1300514/000130051417000078/0001300514-17-000078-index.htm",
    "finalLink": "https://www.sec.gov/Archives/edgar/data/1300514/000130051417000078/lvs-09302017x10q.htm"
  },
  {
    "date": "2017-06-30",
    "symbol": "LVS",
    "reportedCurrency": "USD",
    "cik": "0001300514",
    "fillingDate": "2017-08-04",
    "acceptedDate": "2017-08-04 16:26:07",
    "calendarYear": "2017",
    "period": "Q2",
    "revenue": 3109000000,
    "costOfRevenue": 1856000000,
    "grossProfit": 1253000000,
    "grossProfitRatio": 0.4030234802,
    "researchAndDevelopmentExpenses": 2000000,
    "generalAndAdministrativeExpenses": 0,
    "sellingAndMarketingExpenses": 0,
    "sellingGeneralAndAdministrativeExpenses": 429000000,
    "otherExpenses": 2000000,
    "operatingExpenses": 429000000,
    "costAndExpenses": 2285000000,
    "interestIncome": 4000000,
    "interestExpense": 79000000,
    "depreciationAndAmortization": 327000000,
    "ebitda": 1123000000,
    "ebitdaratio": 0.3612093921,
    "operatingIncome": 824000000,
    "operatingIncomeRatio": 0.2650369894,
    "totalOtherIncomeExpensesNet": -107000000,
    "incomeBeforeTax": 717000000,
    "incomeBeforeTaxRatio": 0.2306207784,
    "incomeTaxExpense": 78000000,
    "netIncome": 546000000,
    "netIncomeRatio": 0.1756191702,
    "eps": 0.69,
    "epsdiluted": 0.69,
    "weightedAverageShsOut": 792000000,
    "weightedAverageShsOutDil": 792001079,
    "link": "https://www.sec.gov/Archives/edgar/data/1300514/000130051417000056/0001300514-17-000056-index.htm",
    "finalLink": "https://www.sec.gov/Archives/edgar/data/1300514/000130051417000056/lvs-06302017x10q.htm"
  },
  {
    "date": "2017-03-31",
    "symbol": "LVS",
    "reportedCurrency": "USD",
    "cik": "0001300514",
    "fillingDate": "2017-05-05",
    "acceptedDate": "2017-05-05 16:29:05",
    "calendarYear": "2017",
    "period": "Q1",
    "revenue": 3067000000,
    "costOfRevenue": 1913000000,
    "grossProfit": 1193000000,
    "grossProfitRatio": 0.3889794588,
    "researchAndDevelopmentExpenses": 3000000,
    "generalAndAdministrativeExpenses": 0,
    "sellingAndMarketingExpenses": 0,
    "sellingGeneralAndAdministrativeExpenses": 422000000,
    "otherExpenses": 0,
    "operatingExpenses": 425000000,
    "costAndExpenses": 2338000000,
    "interestIncome": 3000000,
    "interestExpense": 78000000,
    "depreciationAndAmortization": 321000000,
    "ebitda": 1046000000,
    "ebitdaratio": 0.3410498859,
    "operatingIncome": 768000000,
    "operatingIncomeRatio": 0.2504075644,
    "totalOtherIncomeExpensesNet": -121000000,
    "incomeBeforeTax": 648000000,
    "incomeBeforeTaxRatio": 0.2112813825,
    "incomeTaxExpense": 69000000,
    "netIncome": 480000000,
    "netIncomeRatio": 0.1565047277,
    "eps": 0.61,
    "epsdiluted": 0.61,
    "weightedAverageShsOut": 794000590,
    "weightedAverageShsOutDil": 795000000,
    "link": "https://www.sec.gov/Archives/edgar/data/1300514/000130051417000027/0001300514-17-000027-index.htm",
    "finalLink": "https://www.sec.gov/Archives/edgar/data/1300514/000130051417000027/lvs-03312017x10q.htm"
  },
  {
    "date": "2016-12-31",
    "symbol": "LVS",
    "reportedCurrency": "USD",
    "cik": "0001300514",
    "fillingDate": "2017-02-24",
    "acceptedDate": "2017-02-24 16:24:52",
    "calendarYear": "2016",
    "period": "Q4",
    "revenue": 3075000000,
    "costOfRevenue": 1892971000,
    "grossProfit": 1182166000,
    "grossProfitRatio": 0.3844442276,
    "researchAndDevelopmentExpenses": 0,
    "generalAndAdministrativeExpenses": 0,
    "sellingAndMarketingExpenses": 0,
    "sellingGeneralAndAdministrativeExpenses": 447199000,
    "otherExpenses": 0,
    "operatingExpenses": 447199000,
    "costAndExpenses": 2340170000,
    "interestIncome": 4000000,
    "interestExpense": 76000000,
    "depreciationAndAmortization": 318502000,
    "ebitda": 1053757000,
    "ebitdaratio": 0.3426852033,
    "operatingIncome": 734967000,
    "operatingIncomeRatio": 0.2390136585,
    "totalOtherIncomeExpensesNet": -75838000,
    "incomeBeforeTax": 659000000,
    "incomeBeforeTaxRatio": 0.2143089431,
    "incomeTaxExpense": 51992000,
    "netIncome": 508510000,
    "netIncomeRatio": 0.1653691057,
    "eps": 0.64,
    "epsdiluted": 0.64,
    "weightedAverageShsOut": 795077689,
    "weightedAverageShsOutDil": 795390796,
    "link": "https://www.sec.gov/Archives/edgar/data/1300514/000130051417000005/0001300514-17-000005-index.htm",
    "finalLink": "https://www.sec.gov/Archives/edgar/data/1300514/000130051417000005/lvs-20161231x10k.htm"
  },
  {
    "date": "2016-09-30",
    "symbol": "LVS",
    "reportedCurrency": "USD",
    "cik": "0001300514",
    "fillingDate": "2016-11-04",
    "acceptedDate": "2016-11-04 16:31:33",
    "calendarYear": "2016",
    "period": "Q3",
    "revenue": 2969000000,
    "costOfRevenue": 1725132000,
    "grossProfit": 1243410000,
    "grossProfitRatio": 0.4187975749,
    "researchAndDevelopmentExpenses": 2371000,
    "generalAndAdministrativeExpenses": 0,
    "sellingAndMarketingExpenses": 0,
    "sellingGeneralAndAdministrativeExpenses": 429980000,
    "otherExpenses": 0,
    "operatingExpenses": 432351000,
    "costAndExpenses": 2157483000,
    "interestIncome": 2299000,
    "interestExpense": 65189000,
    "depreciationAndAmortization": 277751000,
    "ebitda": 1017725000,
    "ebitdaratio": 0.3427837656,
    "operatingIncome": 811059000,
    "operatingIncomeRatio": 0.2731758168,
    "totalOtherIncomeExpensesNet": -136274000,
    "incomeBeforeTax": 675000000,
    "incomeBeforeTaxRatio": 0.2273492759,
    "incomeTaxExpense": 69272000,
    "netIncome": 513357000,
    "netIncomeRatio": 0.1729056922,
    "eps": 0.65,
    "epsdiluted": 0.65,
    "weightedAverageShsOut": 795000023,
    "weightedAverageShsOutDil": 795136252,
    "link": "https://www.sec.gov/Archives/edgar/data/1300514/000130051416000040/0001300514-16-000040-index.htm",
    "finalLink": "https://www.sec.gov/Archives/edgar/data/1300514/000130051416000040/lvs-09302016x10q.htm"
  },
  {
    "date": "2016-06-30",
    "symbol": "LVS",
    "reportedCurrency": "USD",
    "cik": "0001300514",
    "fillingDate": "2016-08-05",
    "acceptedDate": "2016-08-05 16:34:01",
    "calendarYear": "2016",
    "period": "Q2",
    "revenue": 2649000000,
    "costOfRevenue": 1354000000,
    "grossProfit": 1295000000,
    "grossProfitRatio": 0.4888637222,
    "researchAndDevelopmentExpenses": 2000000,
    "generalAndAdministrativeExpenses": 424000000,
    "sellingAndMarketingExpenses": 2000000,
    "sellingGeneralAndAdministrativeExpenses": 511000000,
    "otherExpenses": -7000000,
    "operatingExpenses": 784000000,
    "costAndExpenses": 2138000000,
    "interestIncome": 2002000,
    "interestExpense": 64037000,
    "depreciationAndAmortization": 264000000,
    "ebitda": 793000000,
    "ebitdaratio": 0.2993582484,
    "operatingIncome": 529000000,
    "operatingIncomeRatio": 0.1996979992,
    "totalOtherIncomeExpensesNet": -69000000,
    "incomeBeforeTax": 449000000,
    "incomeBeforeTaxRatio": 0.1694979237,
    "incomeTaxExpense": 55000000,
    "netIncome": 328000000,
    "netIncomeRatio": 0.1238203096,
    "eps": 0.41,
    "epsdiluted": 0.41,
    "weightedAverageShsOut": 795050014,
    "weightedAverageShsOutDil": 800000000,
    "link": "https://www.sec.gov/Archives/edgar/data/1300514/000130051416000034/0001300514-16-000034-index.htm",
    "finalLink": "https://www.sec.gov/Archives/edgar/data/1300514/000130051416000034/lvs-06302016x10q.htm"
  },
  {
    "date": "2016-03-31",
    "symbol": "LVS",
    "reportedCurrency": "USD",
    "cik": "0001300514",
    "fillingDate": "2016-05-06",
    "acceptedDate": "2016-05-06 16:17:00",
    "calendarYear": "2016",
    "period": "Q1",
    "revenue": 2717000000,
    "costOfRevenue": 1460000000,
    "grossProfit": 1257000000,
    "grossProfitRatio": 0.4626426205,
    "researchAndDevelopmentExpenses": 2000000,
    "generalAndAdministrativeExpenses": 346000000,
    "sellingAndMarketingExpenses": 2000000,
    "sellingGeneralAndAdministrativeExpenses": 412000000,
    "otherExpenses": -47000000,
    "operatingExpenses": 718000000,
    "costAndExpenses": 2178000000,
    "interestIncome": 2027000,
    "interestExpense": 68648000,
    "depreciationAndAmortization": 270000000,
    "ebitda": 855000000,
    "ebitdaratio": 0.3146853147,
    "operatingIncome": 585000000,
    "operatingIncomeRatio": 0.2153110048,
    "totalOtherIncomeExpensesNet": -114000000,
    "incomeBeforeTax": 472000000,
    "incomeBeforeTaxRatio": 0.1737210158,
    "incomeTaxExpense": 63000000,
    "netIncome": 320000000,
    "netIncomeRatio": 0.1177769599,
    "eps": 0.4,
    "epsdiluted": 0.4,
    "weightedAverageShsOut": 795032018,
    "weightedAverageShsOutDil": 800000000,
    "link": "https://www.sec.gov/Archives/edgar/data/1300514/000130051416000028/0001300514-16-000028-index.htm",
    "finalLink": "https://www.sec.gov/Archives/edgar/data/1300514/000130051416000028/lvs-03312016x10q.htm"
  },
  {
    "date": "2015-12-31",
    "symbol": "LVS",
    "reportedCurrency": "USD",
    "cik": "0001300514",
    "fillingDate": "2016-02-26",
    "acceptedDate": "2016-02-26 17:23:25",
    "calendarYear": "2015",
    "period": "Q4",
    "revenue": 2861274000,
    "costOfRevenue": 1837846000,
    "grossProfit": 1023428000,
    "grossProfitRatio": 0.3576826267,
    "researchAndDevelopmentExpenses": 3344000,
    "generalAndAdministrativeExpenses": 361527000,
    "sellingAndMarketingExpenses": 2972000,
    "sellingGeneralAndAdministrativeExpenses": 422416000,
    "otherExpenses": -1047000,
    "operatingExpenses": 3998203000,
    "costAndExpenses": 5836049000,
    "interestIncome": 2487000,
    "interestExpense": 66202000,
    "depreciationAndAmortization": 258728000,
    "ebitda": 976644000,
    "ebitdaratio": 0.3413318683,
    "operatingIncome": 717916000,
    "operatingIncomeRatio": 0.2509078124,
    "totalOtherIncomeExpensesNet": -64762000,
    "incomeBeforeTax": 637337000,
    "incomeBeforeTaxRatio": 0.2227458817,
    "incomeTaxExpense": 62059000,
    "netIncome": 465782000,
    "netIncomeRatio": 0.1627883244,
    "eps": 0.59,
    "epsdiluted": 0.59,
    "weightedAverageShsOut": 794963961,
    "weightedAverageShsOutDil": 795653442,
    "link": "https://www.sec.gov/Archives/edgar/data/1300514/000130051416000023/0001300514-16-000023-index.htm",
    "finalLink": "https://www.sec.gov/Archives/edgar/data/1300514/000130051416000023/lvs-20151231x10k.htm"
  },
  {
    "date": "2015-09-30",
    "symbol": "LVS",
    "reportedCurrency": "USD",
    "cik": "0001300514",
    "fillingDate": "2015-11-05",
    "acceptedDate": "2015-11-05 08:32:01",
    "calendarYear": "2015",
    "period": "Q3",
    "revenue": 2893683000,
    "costOfRevenue": 1499334000,
    "grossProfit": 1394349000,
    "grossProfitRatio": 0.4818596232,
    "researchAndDevelopmentExpenses": 3147000,
    "generalAndAdministrativeExpenses": 351605000,
    "sellingAndMarketingExpenses": 3147000,
    "sellingGeneralAndAdministrativeExpenses": 406873000,
    "otherExpenses": 16275000,
    "operatingExpenses": 639005000,
    "costAndExpenses": 2138339000,
    "interestIncome": 2158000,
    "interestExpense": 66962000,
    "depreciationAndAmortization": 257435000,
    "ebitda": 997213000,
    "ebitdaratio": 0.3446172231,
    "operatingIncome": 739778000,
    "operatingIncomeRatio": 0.2556527443,
    "totalOtherIncomeExpensesNet": -48529000,
    "incomeBeforeTax": 690540000,
    "incomeBeforeTaxRatio": 0.2386370587,
    "incomeTaxExpense": 72347000,
    "netIncome": 519358000,
    "netIncomeRatio": 0.1794799223,
    "eps": 0.65,
    "epsdiluted": 0.65,
    "weightedAverageShsOut": 797302248,
    "weightedAverageShsOutDil": 799013535,
    "link": "https://www.sec.gov/Archives/edgar/data/1300514/000130051415000018/0001300514-15-000018-index.htm",
    "finalLink": "https://www.sec.gov/Archives/edgar/data/1300514/000130051415000018/lvs-09302015x10q.htm"
  },
  {
    "date": "2015-06-30",
    "symbol": "LVS",
    "reportedCurrency": "USD",
    "cik": "0001300514",
    "fillingDate": "2015-08-07",
    "acceptedDate": "2015-08-07 09:06:29",
    "calendarYear": "2015",
    "period": "Q2",
    "revenue": 2921421000,
    "costOfRevenue": 1562251000,
    "grossProfit": 1359170000,
    "grossProfitRatio": 0.4652427706,
    "researchAndDevelopmentExpenses": 2348000,
    "generalAndAdministrativeExpenses": 360167000,
    "sellingAndMarketingExpenses": 2348000,
    "sellingGeneralAndAdministrativeExpenses": 418710000,
    "otherExpenses": -151000,
    "operatingExpenses": 670011000,
    "costAndExpenses": 2232262000,
    "interestIncome": 4062000,
    "interestExpense": 65801000,
    "depreciationAndAmortization": 258077000,
    "ebitda": 949945000,
    "ebitdaratio": 0.3251653904,
    "operatingIncome": 691868000,
    "operatingIncomeRatio": 0.2368258461,
    "totalOtherIncomeExpensesNet": -61890000,
    "incomeBeforeTax": 627420000,
    "incomeBeforeTaxRatio": 0.2147653488,
    "incomeTaxExpense": 45929000,
    "netIncome": 469173000,
    "netIncomeRatio": 0.1605975311,
    "eps": 0.59,
    "epsdiluted": 0.59,
    "weightedAverageShsOut": 797716549,
    "weightedAverageShsOutDil": 798552917,
    "link": "https://www.sec.gov/Archives/edgar/data/1300514/000130051415000013/0001300514-15-000013-index.htm",
    "finalLink": "https://www.sec.gov/Archives/edgar/data/1300514/000130051415000013/lvs-06302015x10q.htm"
  },
  {
    "date": "2015-03-31",
    "symbol": "LVS",
    "reportedCurrency": "USD",
    "cik": "0001300514",
    "fillingDate": "2015-05-07",
    "acceptedDate": "2015-05-07 07:28:31",
    "calendarYear": "2015",
    "period": "Q1",
    "revenue": 3011622000,
    "costOfRevenue": 1583261000,
    "grossProfit": 1428361000,
    "grossProfitRatio": 0.4742829611,
    "researchAndDevelopmentExpenses": 1533000,
    "generalAndAdministrativeExpenses": 369701000,
    "sellingAndMarketingExpenses": 1533000,
    "sellingGeneralAndAdministrativeExpenses": 448001000,
    "otherExpenses": 15465000,
    "operatingExpenses": 701781000,
    "costAndExpenses": 2285042000,
    "interestIncome": 6378000,
    "interestExpense": 66255000,
    "depreciationAndAmortization": 263760000,
    "ebitda": 990198000,
    "ebitdaratio": 0.3287922588,
    "operatingIncome": 726438000,
    "operatingIncomeRatio": 0.2412115465,
    "totalOtherIncomeExpensesNet": -44412000,
    "incomeBeforeTax": 666703000,
    "incomeBeforeTaxRatio": 0.2213767199,
    "incomeTaxExpense": 55665000,
    "netIncome": 511923000,
    "netIncomeRatio": 0.1699824878,
    "eps": 0.64,
    "epsdiluted": 0.64,
    "weightedAverageShsOut": 798877040,
    "weightedAverageShsOutDil": 799879687,
    "link": "https://www.sec.gov/Archives/edgar/data/1300514/000130051415000009/0001300514-15-000009-index.htm",
    "finalLink": "https://www.sec.gov/Archives/edgar/data/1300514/000130051415000009/lvs-03312015x10q.htm"
  },
  {
    "date": "2014-12-31",
    "symbol": "LVS",
    "reportedCurrency": "USD",
    "cik": "0001300514",
    "fillingDate": "2015-02-27",
    "acceptedDate": "2015-02-27 08:29:28",
    "calendarYear": "2014",
    "period": "Q4",
    "revenue": 3415993000,
    "costOfRevenue": 2870886000,
    "grossProfit": 545107000,
    "grossProfitRatio": 0.1595749757,
    "researchAndDevelopmentExpenses": 5373000,
    "generalAndAdministrativeExpenses": 288847000,
    "sellingAndMarketingExpenses": 5373000,
    "sellingGeneralAndAdministrativeExpenses": 356901000,
    "otherExpenses": 4333000,
    "operatingExpenses": 5260026000,
    "costAndExpenses": 8130912000,
    "interestIncome": 8534000,
    "interestExpense": 66686000,
    "depreciationAndAmortization": 265970000,
    "ebitda": 1290424000,
    "ebitdaratio": 0.3777595563,
    "operatingIncome": 1024454000,
    "operatingIncomeRatio": 0.2998993265,
    "totalOtherIncomeExpensesNet": -53819000,
    "incomeBeforeTax": 968701000,
    "incomeBeforeTaxRatio": 0.2835781572,
    "incomeTaxExpense": 90701000,
    "netIncome": 721305000,
    "netIncomeRatio": 0.2111552922,
    "eps": 0.9,
    "epsdiluted": 0.9,
    "weightedAverageShsOut": 801465931,
    "weightedAverageShsOutDil": 801503433,
    "link": "https://www.sec.gov/Archives/edgar/data/1300514/000130051415000005/0001300514-15-000005-index.htm",
    "finalLink": "https://www.sec.gov/Archives/edgar/data/1300514/000130051415000005/lvs-20141231x10k.htm"
  },
  {
    "date": "2014-09-30",
    "symbol": "LVS",
    "reportedCurrency": "USD",
    "cik": "0001300514",
    "fillingDate": "2014-11-05",
    "acceptedDate": "2014-11-05 08:40:21",
    "calendarYear": "2014",
    "period": "Q3",
    "revenue": 3533122000,
    "costOfRevenue": 1883875000,
    "grossProfit": 1649247000,
    "grossProfitRatio": 0.4667959385,
    "researchAndDevelopmentExpenses": 3043000,
    "generalAndAdministrativeExpenses": 384205000,
    "sellingAndMarketingExpenses": 3043000,
    "sellingGeneralAndAdministrativeExpenses": 426023000,
    "otherExpenses": 95000,
    "operatingExpenses": 679709000,
    "costAndExpenses": 2563584000,
    "interestIncome": 5609000,
    "interestExpense": 66779000,
    "depreciationAndAmortization": 261088000,
    "ebitda": 1233310000,
    "ebitdaratio": 0.3490708784,
    "operatingIncome": 972222000,
    "operatingIncomeRatio": 0.2751736283,
    "totalOtherIncomeExpensesNet": -63053000,
    "incomeBeforeTax": 908368000,
    "incomeBeforeTaxRatio": 0.2571006605,
    "incomeTaxExpense": 47869000,
    "netIncome": 671705000,
    "netIncomeRatio": 0.1901165598,
    "eps": 0.84,
    "epsdiluted": 0.83,
    "weightedAverageShsOut": 804810589,
    "weightedAverageShsOutDil": 809283132,
    "link": "https://www.sec.gov/Archives/edgar/data/1300514/000130051414000022/0001300514-14-000022-index.htm",
    "finalLink": "https://www.sec.gov/Archives/edgar/data/1300514/000130051414000022/lvs-09302014x10q.htm"
  },
  {
    "date": "2014-06-30",
    "symbol": "LVS",
    "reportedCurrency": "USD",
    "cik": "0001300514",
    "fillingDate": "2014-08-07",
    "acceptedDate": "2014-08-07 08:37:04",
    "calendarYear": "2014",
    "period": "Q2",
    "revenue": 3624350000,
    "costOfRevenue": 1942556000,
    "grossProfit": 1681794000,
    "grossProfitRatio": 0.4640263771,
    "researchAndDevelopmentExpenses": 4217000,
    "generalAndAdministrativeExpenses": 372655000,
    "sellingAndMarketingExpenses": 4217000,
    "sellingGeneralAndAdministrativeExpenses": 452722000,
    "otherExpenses": 2194000,
    "operatingExpenses": 718140000,
    "costAndExpenses": 2660696000,
    "interestIncome": 5697000,
    "interestExpense": 69590000,
    "depreciationAndAmortization": 274056000,
    "ebitda": 1239112000,
    "ebitdaratio": 0.3418853036,
    "operatingIncome": 965056000,
    "operatingIncomeRatio": 0.2662700898,
    "totalOtherIncomeExpensesNet": -61699000,
    "incomeBeforeTax": 899761000,
    "incomeBeforeTaxRatio": 0.2482544456,
    "incomeTaxExpense": 46917000,
    "netIncome": 671434000,
    "netIncomeRatio": 0.1852563908,
    "eps": 0.83,
    "epsdiluted": 0.83,
    "weightedAverageShsOut": 808957601,
    "weightedAverageShsOutDil": 809224051,
    "link": "https://www.sec.gov/Archives/edgar/data/1300514/000130051414000015/0001300514-14-000015-index.htm",
    "finalLink": "https://www.sec.gov/Archives/edgar/data/1300514/000130051414000015/lvs-06302014x10q.htm"
  },
  {
    "date": "2014-03-31",
    "symbol": "LVS",
    "reportedCurrency": "USD",
    "cik": "0001300514",
    "fillingDate": "2014-05-07",
    "acceptedDate": "2014-05-07 07:28:07",
    "calendarYear": "2014",
    "period": "Q1",
    "revenue": 4010384000,
    "costOfRevenue": 2139875000,
    "grossProfit": 1870509000,
    "grossProfitRatio": 0.4664164329,
    "researchAndDevelopmentExpenses": 1692000,
    "generalAndAdministrativeExpenses": 387176000,
    "sellingAndMarketingExpenses": 1692000,
    "sellingGeneralAndAdministrativeExpenses": 465112000,
    "otherExpenses": -4657000,
    "operatingExpenses": 749305000,
    "costAndExpenses": 2889180000,
    "interestIncome": 5803000,
    "interestExpense": 71126000,
    "depreciationAndAmortization": 271073000,
    "ebitda": 1415423000,
    "ebitdaratio": 0.352939519,
    "operatingIncome": 1144350000,
    "operatingIncomeRatio": 0.2853467399,
    "totalOtherIncomeExpensesNet": -87944000,
    "incomeBeforeTax": 1055881000,
    "incomeBeforeTaxRatio": 0.2632867576,
    "incomeTaxExpense": 59153000,
    "netIncome": 776185000,
    "netIncomeRatio": 0.1935438103,
    "eps": 0.95,
    "epsdiluted": 0.95,
    "weightedAverageShsOut": 817037702,
    "weightedAverageShsOutDil": 817537615,
    "link": "https://www.sec.gov/Archives/edgar/data/1300514/000130051414000010/0001300514-14-000010-index.htm",
    "finalLink": "https://www.sec.gov/Archives/edgar/data/1300514/000130051414000010/lvs-03312014x10q.htm"
  },
  {
    "date": "2013-12-31",
    "symbol": "LVS",
    "reportedCurrency": "USD",
    "cik": "0001300514",
    "fillingDate": "2014-02-28",
    "acceptedDate": "2014-02-28 16:24:12",
    "calendarYear": "2013",
    "period": "Q4",
    "revenue": 3655685000,
    "costOfRevenue": 2496350000,
    "grossProfit": 1159335000,
    "grossProfitRatio": 0.3171320833,
    "researchAndDevelopmentExpenses": 969000,
    "generalAndAdministrativeExpenses": 281106000,
    "sellingAndMarketingExpenses": 118769000,
    "sellingGeneralAndAdministrativeExpenses": 469301000,
    "otherExpenses": -671000,
    "operatingExpenses": 5280811000,
    "costAndExpenses": 7777161000,
    "interestIncome": 5489000,
    "interestExpense": 67086000,
    "depreciationAndAmortization": 264993000,
    "ebitda": 1152789000,
    "ebitdaratio": 0.3153414476,
    "operatingIncome": 887796000,
    "operatingIncomeRatio": 0.2428535281,
    "totalOtherIncomeExpensesNet": -76446000,
    "incomeBeforeTax": 809627000,
    "incomeBeforeTaxRatio": 0.2214706683,
    "incomeTaxExpense": 39896000,
    "netIncome": 577539000,
    "netIncomeRatio": 0.1579837978,
    "eps": 0.71,
    "epsdiluted": 0.7,
    "weightedAverageShsOut": 822314351,
    "weightedAverageShsOutDil": 824718757,
    "link": "https://www.sec.gov/Archives/edgar/data/1300514/000144530514000758/0001445305-14-000758-index.htm",
    "finalLink": "https://www.sec.gov/Archives/edgar/data/1300514/000144530514000758/lvs-20131231x10k.htm"
  },
  {
    "date": "2013-09-30",
    "symbol": "LVS",
    "reportedCurrency": "USD",
    "cik": "0001300514",
    "fillingDate": "2013-11-07",
    "acceptedDate": "2013-11-07 06:10:05",
    "calendarYear": "2013",
    "period": "Q3",
    "revenue": 3568540000,
    "costOfRevenue": 1912059000,
    "grossProfit": 1656481000,
    "grossProfitRatio": 0.464190117,
    "researchAndDevelopmentExpenses": 3487000,
    "generalAndAdministrativeExpenses": 371933000,
    "sellingAndMarketingExpenses": 3487000,
    "sellingGeneralAndAdministrativeExpenses": 442591000,
    "otherExpenses": 3207000,
    "operatingExpenses": 738448000,
    "costAndExpenses": 2650507000,
    "interestIncome": 3819000,
    "interestExpense": 66917000,
    "depreciationAndAmortization": 258947000,
    "ebitda": 1223912000,
    "ebitdaratio": 0.3429727564,
    "operatingIncome": 964965000,
    "operatingIncomeRatio": 0.2704089067,
    "totalOtherIncomeExpensesNet": -59891000,
    "incomeBeforeTax": 854935000,
    "incomeBeforeTaxRatio": 0.2395755687,
    "incomeTaxExpense": 45637000,
    "netIncome": 626744000,
    "netIncomeRatio": 0.1756303698,
    "eps": 0.76,
    "epsdiluted": 0.76,
    "weightedAverageShsOut": 824664242,
    "weightedAverageShsOutDil": 826965340,
    "link": "https://www.sec.gov/Archives/edgar/data/1300514/000119312513431316/0001193125-13-431316-index.htm",
    "finalLink": "https://www.sec.gov/Archives/edgar/data/1300514/000119312513431316/d601184d10q.htm"
  },
  {
    "date": "2013-06-30",
    "symbol": "LVS",
    "reportedCurrency": "USD",
    "cik": "0001300514",
    "fillingDate": "2013-08-09",
    "acceptedDate": "2013-08-09 06:08:33",
    "calendarYear": "2013",
    "period": "Q2",
    "revenue": 3242941000,
    "costOfRevenue": 1772941000,
    "grossProfit": 1470000000,
    "grossProfitRatio": 0.4532922431,
    "researchAndDevelopmentExpenses": 6002000,
    "generalAndAdministrativeExpenses": 354350000,
    "sellingAndMarketingExpenses": 6002000,
    "sellingGeneralAndAdministrativeExpenses": 433549000,
    "otherExpenses": 3893000,
    "operatingExpenses": 685466000,
    "costAndExpenses": 2458407000,
    "interestIncome": 3236000,
    "interestExpense": 68376000,
    "depreciationAndAmortization": 261156000,
    "ebitda": 1048926000,
    "ebitdaratio": 0.3234489928,
    "operatingIncome": 785403000,
    "operatingIncomeRatio": 0.2421884949,
    "totalOtherIncomeExpensesNet": -66009000,
    "incomeBeforeTax": 719394000,
    "incomeBeforeTaxRatio": 0.2218338231,
    "incomeTaxExpense": 47721000,
    "netIncome": 529753000,
    "netIncomeRatio": 0.1633557317,
    "eps": 0.64,
    "epsdiluted": 0.64,
    "weightedAverageShsOut": 827740355,
    "weightedAverageShsOutDil": 827901261,
    "link": "https://www.sec.gov/Archives/edgar/data/1300514/000119312513327904/0001193125-13-327904-index.htm",
    "finalLink": "https://www.sec.gov/Archives/edgar/data/1300514/000119312513327904/d551334d10q.htm"
  },
  {
    "date": "2013-03-31",
    "symbol": "LVS",
    "reportedCurrency": "USD",
    "cik": "0001300514",
    "fillingDate": "2013-05-10",
    "acceptedDate": "2013-05-09 18:01:39",
    "calendarYear": "2013",
    "period": "Q1",
    "revenue": 3302719000,
    "costOfRevenue": 1787807000,
    "grossProfit": 1514912000,
    "grossProfitRatio": 0.4586863127,
    "researchAndDevelopmentExpenses": 5351000,
    "generalAndAdministrativeExpenses": 346686000,
    "sellingAndMarketingExpenses": 5351000,
    "sellingGeneralAndAdministrativeExpenses": 433720000,
    "otherExpenses": -2108000,
    "operatingExpenses": 690317000,
    "costAndExpenses": 2478124000,
    "interestIncome": 3793000,
    "interestExpense": 68832000,
    "depreciationAndAmortization": 262724000,
    "ebitda": 1091112000,
    "ebitdaratio": 0.330367797,
    "operatingIncome": 828635000,
    "operatingIncomeRatio": 0.250894793,
    "totalOtherIncomeExpensesNet": -69079000,
    "incomeBeforeTax": 759556000,
    "incomeBeforeTaxRatio": 0.2299789961,
    "incomeTaxExpense": 55582000,
    "netIncome": 571961000,
    "netIncomeRatio": 0.1731788263,
    "eps": 0.69,
    "epsdiluted": 0.69,
    "weightedAverageShsOut": 827452691,
    "weightedAverageShsOutDil": 828928985,
    "link": "https://www.sec.gov/Archives/edgar/data/1300514/000119312513211576/0001193125-13-211576-index.htm",
    "finalLink": "https://www.sec.gov/Archives/edgar/data/1300514/000119312513211576/d501468d10q.htm"
  },
  {
    "date": "2012-12-31",
    "symbol": "LVS",
    "reportedCurrency": "USD",
    "cik": "0001300514",
    "fillingDate": "2013-03-01",
    "acceptedDate": "2013-03-01 16:44:45",
    "calendarYear": "2012",
    "period": "Q4",
    "revenue": 3077002000,
    "costOfRevenue": 1819387000,
    "grossProfit": 1257615000,
    "grossProfitRatio": 0.4087143915,
    "researchAndDevelopmentExpenses": 7762000,
    "generalAndAdministrativeExpenses": 262414000,
    "sellingAndMarketingExpenses": 105562000,
    "sellingGeneralAndAdministrativeExpenses": 443052000,
    "otherExpenses": 5025000,
    "operatingExpenses": 4219359000,
    "costAndExpenses": 6038746000,
    "interestIncome": 6536000,
    "interestExpense": 67067000,
    "depreciationAndAmortization": 260470000,
    "ebitda": 933486000,
    "ebitdaratio": 0.3033751684,
    "operatingIncome": 673016000,
    "operatingIncomeRatio": 0.2187245897,
    "totalOtherIncomeExpensesNet": -55506000,
    "incomeBeforeTax": 616499000,
    "incomeBeforeTaxRatio": 0.2003570358,
    "incomeTaxExpense": 45156000,
    "netIncome": 434782000,
    "netIncomeRatio": 0.1413005256,
    "eps": 0.53,
    "epsdiluted": 0.53,
    "weightedAverageShsOut": 822215876,
    "weightedAverageShsOutDil": 826662036,
    "link": "https://www.sec.gov/Archives/edgar/data/1300514/000119312513087854/0001193125-13-087854-index.htm",
    "finalLink": "https://www.sec.gov/Archives/edgar/data/1300514/000119312513087854/d448401d10k.htm"
  },
  {
    "date": "2012-09-30",
    "symbol": "LVS",
    "reportedCurrency": "USD",
    "cik": "0001300514",
    "fillingDate": "2012-11-09",
    "acceptedDate": "2012-11-09 06:08:12",
    "calendarYear": "2012",
    "period": "Q3",
    "revenue": 2709482000,
    "costOfRevenue": 1839991000,
    "grossProfit": 869491000,
    "grossProfitRatio": 0.3209067268,
    "researchAndDevelopmentExpenses": 4201000,
    "generalAndAdministrativeExpenses": 268832000,
    "sellingAndMarketingExpenses": -174343000,
    "sellingGeneralAndAdministrativeExpenses": 94489000,
    "otherExpenses": 309357000,
    "operatingExpenses": 335242000,
    "costAndExpenses": 2175233000,
    "interestIncome": 4176000,
    "interestExpense": 62292000,
    "depreciationAndAmortization": 226538000,
    "ebitda": 764963000,
    "ebitdaratio": 0.282328135,
    "operatingIncome": 534095000,
    "operatingIncomeRatio": 0.1971207043,
    "totalOtherIncomeExpensesNet": -55764000,
    "incomeBeforeTax": 478331000,
    "incomeBeforeTaxRatio": 0.1765396485,
    "incomeTaxExpense": 33351000,
    "netIncome": 349782000,
    "netIncomeRatio": 0.1290955245,
    "eps": 0.43,
    "epsdiluted": 0.42,
    "weightedAverageShsOut": 821482154,
    "weightedAverageShsOutDil": 825606248,
    "link": "https://www.sec.gov/Archives/edgar/data/1300514/000119312512461628/0001193125-12-461628-index.htm",
    "finalLink": "https://www.sec.gov/Archives/edgar/data/1300514/000119312512461628/d408984d10q.htm"
  },
  {
    "date": "2012-06-30",
    "symbol": "LVS",
    "reportedCurrency": "USD",
    "cik": "0001300514",
    "fillingDate": "2012-08-09",
    "acceptedDate": "2012-08-09 06:08:14",
    "calendarYear": "2012",
    "period": "Q2",
    "revenue": 2581906000,
    "costOfRevenue": 1743557000,
    "grossProfit": 838349000,
    "grossProfitRatio": 0.3247015964,
    "researchAndDevelopmentExpenses": 6797000,
    "generalAndAdministrativeExpenses": 259038000,
    "sellingAndMarketingExpenses": -156974000,
    "sellingGeneralAndAdministrativeExpenses": 102064000,
    "otherExpenses": 288871000,
    "operatingExpenses": 339358000,
    "costAndExpenses": 2082915000,
    "interestIncome": 6892000,
    "interestExpense": 64533000,
    "depreciationAndAmortization": 220440000,
    "ebitda": 620496000,
    "ebitdaratio": 0.2403247833,
    "operatingIncome": 397728000,
    "operatingIncomeRatio": 0.1540443378,
    "totalOtherIncomeExpensesNet": -72262000,
    "incomeBeforeTax": 325466000,
    "incomeBeforeTaxRatio": 0.126056487,
    "incomeTaxExpense": 39085000,
    "netIncome": 240587000,
    "netIncomeRatio": 0.0931819361,
    "eps": 0.29,
    "epsdiluted": 0.29,
    "weightedAverageShsOut": 821110555,
    "weightedAverageShsOutDil": 826102326,
    "link": "https://www.sec.gov/Archives/edgar/data/1300514/000119312512345360/0001193125-12-345360-index.htm",
    "finalLink": "https://www.sec.gov/Archives/edgar/data/1300514/000119312512345360/d362295d10q.htm"
  },
  {
    "date": "2012-03-31",
    "symbol": "LVS",
    "reportedCurrency": "USD",
    "cik": "0001300514",
    "fillingDate": "2012-05-10",
    "acceptedDate": "2012-05-10 06:10:22",
    "calendarYear": "2012",
    "period": "Q1",
    "revenue": 2762742000,
    "costOfRevenue": 1705398000,
    "grossProfit": 1057344000,
    "grossProfitRatio": 0.3827154327,
    "researchAndDevelopmentExpenses": 1198000,
    "generalAndAdministrativeExpenses": 218717000,
    "sellingAndMarketingExpenses": -118303000,
    "sellingGeneralAndAdministrativeExpenses": 100414000,
    "otherExpenses": 256910000,
    "operatingExpenses": 306304000,
    "costAndExpenses": 2011702000,
    "interestIncome": 5648000,
    "interestExpense": 64672000,
    "depreciationAndAmortization": 194747000,
    "ebitda": 911644000,
    "ebitdaratio": 0.3299779712,
    "operatingIncome": 707554000,
    "operatingIncomeRatio": 0.2561057095,
    "totalOtherIncomeExpensesNet": -65274000,
    "incomeBeforeTax": 642280000,
    "incomeBeforeTaxRatio": 0.2324791819,
    "incomeTaxExpense": 63171000,
    "netIncome": 498942000,
    "netIncomeRatio": 0.1805966681,
    "eps": 0.66,
    "epsdiluted": 0.61,
    "weightedAverageShsOut": 760437437,
    "weightedAverageShsOutDil": 818797155,
    "link": "https://www.sec.gov/Archives/edgar/data/1300514/000119312512223529/0001193125-12-223529-index.htm",
    "finalLink": "https://www.sec.gov/Archives/edgar/data/1300514/000119312512223529/d316142d10q.htm"
  },
  {
    "date": "2011-12-31",
    "symbol": "LVS",
    "reportedCurrency": "USD",
    "cik": "0001300514",
    "fillingDate": "2012-02-29",
    "acceptedDate": "2012-02-29 16:06:03",
    "calendarYear": "2011",
    "period": "Q4",
    "revenue": 2544355000,
    "costOfRevenue": 1372554000,
    "grossProfit": 1171801000,
    "grossProfitRatio": 0.4605493337,
    "researchAndDevelopmentExpenses": 5008000,
    "generalAndAdministrativeExpenses": 246303000,
    "sellingAndMarketingExpenses": 0,
    "sellingGeneralAndAdministrativeExpenses": 246303000,
    "otherExpenses": 257208000,
    "operatingExpenses": 508519000,
    "costAndExpenses": 1881073000,
    "interestIncome": 5950000,
    "interestExpense": 68011000,
    "depreciationAndAmortization": 197935000,
    "ebitda": 867167000,
    "ebitdaratio": 0.3408199721,
    "operatingIncome": 663282000,
    "operatingIncomeRatio": 0.2606876792,
    "totalOtherIncomeExpensesNet": -79186000,
    "incomeBeforeTax": 584096000,
    "incomeBeforeTaxRatio": 0.2295654498,
    "incomeTaxExpense": 59744000,
    "netIncome": 435284000,
    "netIncomeRatio": 0.1710783283,
    "eps": 0.6,
    "epsdiluted": 0.6,
    "weightedAverageShsOut": 729773246,
    "weightedAverageShsOutDil": 729773246,
    "link": "https://www.sec.gov/Archives/edgar/data/1300514/000095012312004305/0000950123-12-004305-index.htm",
    "finalLink": "https://www.sec.gov/Archives/edgar/data/1300514/000095012312004305/c24987e10vk.htm"
  },
  {
    "date": "2011-09-30",
    "symbol": "LVS",
    "reportedCurrency": "USD",
    "cik": "0001300514",
    "fillingDate": "2011-11-09",
    "acceptedDate": "2011-11-09 06:06:44",
    "calendarYear": "2011",
    "period": "Q3",
    "revenue": 2409375000,
    "costOfRevenue": 1492506000,
    "grossProfit": 916869000,
    "grossProfitRatio": 0.3805422568,
    "researchAndDevelopmentExpenses": 3308000,
    "generalAndAdministrativeExpenses": 79997000,
    "sellingAndMarketingExpenses": 0,
    "sellingGeneralAndAdministrativeExpenses": 79997000,
    "otherExpenses": 234961000,
    "operatingExpenses": 284313000,
    "costAndExpenses": 1776819000,
    "interestIncome": 2369000,
    "interestExpense": 70761000,
    "depreciationAndAmortization": 200071000,
    "ebitda": 828379000,
    "ebitdaratio": 0.3438148898,
    "operatingIncome": 632556000,
    "operatingIncomeRatio": 0.2625394553,
    "totalOtherIncomeExpensesNet": -75009000,
    "incomeBeforeTax": 557547000,
    "incomeBeforeTaxRatio": 0.2314073152,
    "incomeTaxExpense": 52375000,
    "netIncome": 424879000,
    "netIncomeRatio": 0.1763440726,
    "eps": 0.48,
    "epsdiluted": 0.44,
    "weightedAverageShsOut": 729773246,
    "weightedAverageShsOutDil": 812543534,
    "link": "https://www.sec.gov/Archives/edgar/data/1300514/000095012311096711/0000950123-11-096711-index.htm",
    "finalLink": "https://www.sec.gov/Archives/edgar/data/1300514/000095012311096711/c22583e10vq.htm"
  },
  {
    "date": "2011-06-30",
    "symbol": "LVS",
    "reportedCurrency": "USD",
    "cik": "0001300514",
    "fillingDate": "2011-08-09",
    "acceptedDate": "2011-08-09 06:01:17",
    "calendarYear": "2011",
    "period": "Q2",
    "revenue": 2345096000,
    "costOfRevenue": 1450362000,
    "grossProfit": 894734000,
    "grossProfitRatio": 0.3815340609,
    "researchAndDevelopmentExpenses": 2420000,
    "generalAndAdministrativeExpenses": 70588000,
    "sellingAndMarketingExpenses": 0,
    "sellingGeneralAndAdministrativeExpenses": 70588000,
    "otherExpenses": 229657000,
    "operatingExpenses": 286612000,
    "costAndExpenses": 1736974000,
    "interestIncome": 4028000,
    "interestExpense": 70592000,
    "depreciationAndAmortization": 206161000,
    "ebitda": 818311000,
    "ebitdaratio": 0.3489456295,
    "operatingIncome": 608122000,
    "operatingIncomeRatio": 0.259316463,
    "totalOtherIncomeExpensesNet": -64656000,
    "incomeBeforeTax": 543466000,
    "incomeBeforeTaxRatio": 0.2317457366,
    "incomeTaxExpense": 54374000,
    "netIncome": 410637000,
    "netIncomeRatio": 0.1751045586,
    "eps": 0.5,
    "epsdiluted": 0.45,
    "weightedAverageShsOut": 728695140,
    "weightedAverageShsOutDil": 811274706,
    "link": "https://www.sec.gov/Archives/edgar/data/1300514/000095012311074643/0000950123-11-074643-index.htm",
    "finalLink": "https://www.sec.gov/Archives/edgar/data/1300514/000095012311074643/c18676e10vq.htm"
  },
  {
    "date": "2011-03-31",
    "symbol": "LVS",
    "reportedCurrency": "USD",
    "cik": "0001300514",
    "fillingDate": "2011-05-10",
    "acceptedDate": "2011-05-09 21:29:40",
    "calendarYear": "2011",
    "period": "Q1",
    "revenue": 2111919000,
    "costOfRevenue": 1374480000,
    "grossProfit": 737439000,
    "grossProfitRatio": 0.349179585,
    "researchAndDevelopmentExpenses": 573000,
    "generalAndAdministrativeExpenses": 60203000,
    "sellingAndMarketingExpenses": 0,
    "sellingGeneralAndAdministrativeExpenses": 60203000,
    "otherExpenses": 225794000,
    "operatingExpenses": 251512000,
    "costAndExpenses": 1625992000,
    "interestIncome": 2047000,
    "interestExpense": 73585000,
    "depreciationAndAmortization": 190237000,
    "ebitda": 686692000,
    "ebitdaratio": 0.3251507278,
    "operatingIncome": 485927000,
    "operatingIncomeRatio": 0.2300878964,
    "totalOtherIncomeExpensesNet": -76213000,
    "incomeBeforeTax": 409714000,
    "incomeBeforeTaxRatio": 0.1940008116,
    "incomeTaxExpense": 45211000,
    "netIncome": 289323000,
    "netIncomeRatio": 0.1369953109,
    "eps": 0.32,
    "epsdiluted": 0.28,
    "weightedAverageShsOut": 723389226,
    "weightedAverageShsOutDil": 811239242,
    "link": "https://www.sec.gov/Archives/edgar/data/1300514/000095012311047689/0000950123-11-047689-index.htm",
    "finalLink": "https://www.sec.gov/Archives/edgar/data/1300514/000095012311047689/c14997e10vq.htm"
  },
  {
    "date": "2010-12-31",
    "symbol": "LVS",
    "reportedCurrency": "USD",
    "cik": "0001300514",
    "fillingDate": "2011-03-30",
    "acceptedDate": "2011-03-30 16:50:11",
    "calendarYear": "2010",
    "period": "Q4",
    "revenue": 2015046000,
    "costOfRevenue": 1069494000,
    "grossProfit": 945552000,
    "grossProfitRatio": 0.4692458634,
    "researchAndDevelopmentExpenses": 525000,
    "generalAndAdministrativeExpenses": 249137000,
    "sellingAndMarketingExpenses": 0,
    "sellingGeneralAndAdministrativeExpenses": 249137000,
    "otherExpenses": 207204000,
    "operatingExpenses": 456866000,
    "costAndExpenses": 1526360000,
    "interestIncome": 2580000,
    "interestExpense": 74938000,
    "depreciationAndAmortization": 184450000,
    "ebitda": 673661000,
    "ebitdaratio": 0.3343154449,
    "operatingIncome": 488686000,
    "operatingIncomeRatio": 0.2425185331,
    "totalOtherIncomeExpensesNet": -74413000,
    "incomeBeforeTax": 414273000,
    "incomeBeforeTaxRatio": 0.2055898476,
    "incomeTaxExpense": 27866000,
    "netIncome": 325509000,
    "netIncomeRatio": 0.1615392403,
    "eps": 0.49,
    "epsdiluted": 0.49,
    "weightedAverageShsOut": 660836841,
    "weightedAverageShsOutDil": 660836841,
    "link": "https://www.sec.gov/Archives/edgar/data/1300514/000095012311030876/0000950123-11-030876-index.htm",
    "finalLink": "https://www.sec.gov/Archives/edgar/data/1300514/000095012311030876/c14631e10vkza.htm"
  },
  {
    "date": "2010-09-30",
    "symbol": "LVS",
    "reportedCurrency": "USD",
    "cik": "0001300514",
    "fillingDate": "2010-11-09",
    "acceptedDate": "2010-11-09 06:02:05",
    "calendarYear": "2010",
    "period": "Q3",
    "revenue": 1908772000,
    "costOfRevenue": 1271862000,
    "grossProfit": 636910000,
    "grossProfitRatio": 0.3336752635,
    "researchAndDevelopmentExpenses": 425000,
    "generalAndAdministrativeExpenses": 47979000,
    "sellingAndMarketingExpenses": 0,
    "sellingGeneralAndAdministrativeExpenses": 47979000,
    "otherExpenses": 226977000,
    "operatingExpenses": 237548000,
    "costAndExpenses": 1509410000,
    "interestIncome": 2661000,
    "interestExpense": 76723000,
    "depreciationAndAmortization": 186738000,
    "ebitda": 588761000,
    "ebitdaratio": 0.3084501449,
    "operatingIncome": 383305000,
    "operatingIncomeRatio": 0.2008123547,
    "totalOtherIncomeExpensesNet": -89310000,
    "incomeBeforeTax": 293995000,
    "incomeBeforeTaxRatio": 0.1540231101,
    "incomeTaxExpense": 25161000,
    "netIncome": 214497000,
    "netIncomeRatio": 0.1123743433,
    "eps": 0.25,
    "epsdiluted": 0.21,
    "weightedAverageShsOut": 660836841,
    "weightedAverageShsOutDil": 789156247,
    "link": "https://www.sec.gov/Archives/edgar/data/1300514/000095012310102774/0000950123-10-102774-index.htm",
    "finalLink": "https://www.sec.gov/Archives/edgar/data/1300514/000095012310102774/c05906e10vq.htm"
  },
  {
    "date": "2010-06-30",
    "symbol": "LVS",
    "reportedCurrency": "USD",
    "cik": "0001300514",
    "fillingDate": "2010-08-09",
    "acceptedDate": "2010-08-06 21:16:06",
    "calendarYear": "2010",
    "period": "Q2",
    "revenue": 1594476000,
    "costOfRevenue": 1129774000,
    "grossProfit": 464702000,
    "grossProfitRatio": 0.2914449637,
    "researchAndDevelopmentExpenses": 676000,
    "generalAndAdministrativeExpenses": 88878000,
    "sellingAndMarketingExpenses": 0,
    "sellingGeneralAndAdministrativeExpenses": 88878000,
    "otherExpenses": 227084000,
    "operatingExpenses": 297927000,
    "costAndExpenses": 1427701000,
    "interestIncome": 2073000,
    "interestExpense": 76987000,
    "depreciationAndAmortization": 170694000,
    "ebitda": 339542000,
    "ebitdaratio": 0.2129489563,
    "operatingIncome": 166775000,
    "operatingIncomeRatio": 0.1045954909,
    "totalOtherIncomeExpensesNet": -80154000,
    "incomeBeforeTax": 86621000,
    "incomeBeforeTaxRatio": 0.0543256844,
    "incomeTaxExpense": 8073000,
    "netIncome": 41807000,
    "netIncomeRatio": 0.0262198992,
    "eps": -0.01,
    "epsdiluted": -0.01,
    "weightedAverageShsOut": 660364559,
    "weightedAverageShsOutDil": 660364559,
    "link": "https://www.sec.gov/Archives/edgar/data/1300514/000095012310074550/0000950123-10-074550-index.htm",
    "finalLink": "https://www.sec.gov/Archives/edgar/data/1300514/000095012310074550/c04251e10vq.htm"
  },
  {
    "date": "2010-03-31",
    "symbol": "LVS",
    "reportedCurrency": "USD",
    "cik": "0001300514",
    "fillingDate": "2010-05-10",
    "acceptedDate": "2010-05-07 20:51:04",
    "calendarYear": "2010",
    "period": "Q1",
    "revenue": 1334888000,
    "costOfRevenue": 969697000,
    "grossProfit": 365191000,
    "grossProfitRatio": 0.2735742624,
    "researchAndDevelopmentExpenses": 157000,
    "generalAndAdministrativeExpenses": 69633000,
    "sellingAndMarketingExpenses": 0,
    "sellingGeneralAndAdministrativeExpenses": 69633000,
    "otherExpenses": 170023000,
    "operatingExpenses": 223371000,
    "costAndExpenses": 1193068000,
    "interestIncome": 1633000,
    "interestExpense": 78165000,
    "depreciationAndAmortization": 153089000,
    "ebitda": 296542000,
    "ebitdaratio": 0.222147476,
    "operatingIncome": 141820000,
    "operatingIncomeRatio": 0.1062411229,
    "totalOtherIncomeExpensesNet": -80804000,
    "incomeBeforeTax": 61016000,
    "incomeBeforeTaxRatio": 0.0457087037,
    "incomeTaxExpense": 13202000,
    "netIncome": 17581000,
    "netIncomeRatio": 0.0131703933,
    "eps": -0.04,
    "epsdiluted": -0.04,
    "weightedAverageShsOut": 660280641,
    "weightedAverageShsOutDil": 660280641,
    "link": "https://www.sec.gov/Archives/edgar/data/1300514/000095012310046667/0000950123-10-046667-index.htm",
    "finalLink": "https://www.sec.gov/Archives/edgar/data/1300514/000095012310046667/c00211e10vq.htm"
  },
  {
    "date": "2009-12-31",
    "symbol": "LVS",
    "reportedCurrency": "USD",
    "cik": "0001300514",
    "fillingDate": "2010-03-01",
    "acceptedDate": "2010-02-26 19:59:58",
    "calendarYear": "2009",
    "period": "Q4",
    "revenue": 1284199000,
    "costOfRevenue": 2876873000,
    "grossProfit": -1592674000,
    "grossProfitRatio": -1.2402080986,
    "researchAndDevelopmentExpenses": 189000,
    "generalAndAdministrativeExpenses": 230269000,
    "sellingAndMarketingExpenses": 0,
    "sellingGeneralAndAdministrativeExpenses": 230269000,
    "otherExpenses": -1885369000,
    "operatingExpenses": -1654911000,
    "costAndExpenses": 1221962000,
    "interestIncome": 1282000,
    "interestExpense": 97367000,
    "depreciationAndAmortization": 181493000,
    "ebitda": 245012000,
    "ebitdaratio": 0.1907897452,
    "operatingIncome": 43944000,
    "operatingIncomeRatio": 0.0342189957,
    "totalOtherIncomeExpensesNet": -122486000,
    "incomeBeforeTax": -78542000,
    "incomeBeforeTaxRatio": -0.061160303,
    "incomeTaxExpense": -4525000,
    "netIncome": -67427000,
    "netIncomeRatio": -0.0525051024,
    "eps": -0.1,
    "epsdiluted": -0.1,
    "weightedAverageShsOut": 660245590,
    "weightedAverageShsOutDil": 660245590,
    "link": "https://www.sec.gov/Archives/edgar/data/1300514/000095012310018509/0000950123-10-018509-index.htm",
    "finalLink": "https://www.sec.gov/Archives/edgar/data/1300514/000095012310018509/c96835e10vk.htm"
  },
  {
    "date": "2009-09-30",
    "symbol": "LVS",
    "reportedCurrency": "USD",
    "cik": "0001300514",
    "fillingDate": "2009-11-09",
    "acceptedDate": "2009-11-06 21:37:42",
    "calendarYear": "2009",
    "period": "Q3",
    "revenue": 1141144000,
    "costOfRevenue": 671105000,
    "grossProfit": 470039000,
    "grossProfitRatio": 0.4119015654,
    "researchAndDevelopmentExpenses": 80000,
    "generalAndAdministrativeExpenses": 180254000,
    "sellingAndMarketingExpenses": 0,
    "sellingGeneralAndAdministrativeExpenses": 180254000,
    "otherExpenses": 898428000,
    "operatingExpenses": 1078762000,
    "costAndExpenses": 1078762000,
    "interestIncome": 1599000,
    "interestExpense": 88514000,
    "depreciationAndAmortization": 148677000,
    "ebitda": 210890000,
    "ebitdaratio": 0.1848057739,
    "operatingIncome": 62382000,
    "operatingIncomeRatio": 0.0546661946,
    "totalOtherIncomeExpensesNet": -88683000,
    "incomeBeforeTax": -26301000,
    "incomeBeforeTaxRatio": -0.0230479238,
    "incomeTaxExpense": 54316000,
    "netIncome": -76506000,
    "netIncomeRatio": -0.0670432478,
    "eps": -0.12,
    "epsdiluted": -0.12,
    "weightedAverageShsOut": 660245590,
    "weightedAverageShsOutDil": 660245590,
    "link": "https://www.sec.gov/Archives/edgar/data/1300514/000095012309059600/0000950123-09-059600-index.htm",
    "finalLink": "https://www.sec.gov/Archives/edgar/data/1300514/000095012309059600/p16230e10vq.htm"
  },
  {
    "date": "2009-06-30",
    "symbol": "LVS",
    "reportedCurrency": "USD",
    "cik": "0001300514",
    "fillingDate": "2009-08-07",
    "acceptedDate": "2009-08-07 16:36:40",
    "calendarYear": "2009",
    "period": "Q2",
    "revenue": 1058700000,
    "costOfRevenue": 616696000,
    "grossProfit": 442004000,
    "grossProfitRatio": 0.4174969302,
    "researchAndDevelopmentExpenses": 10000,
    "generalAndAdministrativeExpenses": 237814000,
    "sellingAndMarketingExpenses": 0,
    "sellingGeneralAndAdministrativeExpenses": 237814000,
    "otherExpenses": 841046000,
    "operatingExpenses": 1078870000,
    "costAndExpenses": 1078870000,
    "interestIncome": 2692000,
    "interestExpense": 64871000,
    "depreciationAndAmortization": 137143000,
    "ebitda": -24247000,
    "ebitdaratio": -0.0229026164,
    "operatingIncome": -171345000,
    "operatingIncomeRatio": -0.1618447152,
    "totalOtherIncomeExpensesNet": -61406000,
    "incomeBeforeTax": -232751000,
    "incomeBeforeTaxRatio": -0.2198460376,
    "incomeTaxExpense": -54488000,
    "netIncome": -175940000,
    "netIncomeRatio": -0.1661849438,
    "eps": -0.27,
    "epsdiluted": -0.27,
    "weightedAverageShsOut": 658877256,
    "weightedAverageShsOutDil": 658877256,
    "link": "https://www.sec.gov/Archives/edgar/data/1300514/000095012309032150/0000950123-09-032150-index.htm",
    "finalLink": "https://www.sec.gov/Archives/edgar/data/1300514/000095012309032150/p15491e10vq.htm"
  },
  {
    "date": "2009-03-31",
    "symbol": "LVS",
    "reportedCurrency": "USD",
    "cik": "0001300514",
    "fillingDate": "2009-05-11",
    "acceptedDate": "2009-05-08 19:55:54",
    "calendarYear": "2009",
    "period": "Q1",
    "revenue": 1079062000,
    "costOfRevenue": 684549000,
    "grossProfit": 394513000,
    "grossProfitRatio": 0.3656073516,
    "researchAndDevelopmentExpenses": 254000,
    "generalAndAdministrativeExpenses": 197590000,
    "sellingAndMarketingExpenses": 0,
    "sellingGeneralAndAdministrativeExpenses": 197590000,
    "otherExpenses": 160390000,
    "operatingExpenses": 358234000,
    "costAndExpenses": 1042783000,
    "interestIncome": 5549000,
    "interestExpense": 71118000,
    "depreciationAndAmortization": 145739000,
    "ebitda": 181824000,
    "ebitdaratio": 0.1685019026,
    "operatingIncome": 36279000,
    "operatingIncomeRatio": 0.033620867,
    "totalOtherIncomeExpensesNet": -71312000,
    "incomeBeforeTax": -35033000,
    "incomeBeforeTaxRatio": -0.0324661604,
    "incomeTaxExpense": 813000,
    "netIncome": -35846000,
    "netIncomeRatio": -0.0332195926,
    "eps": -0.0553,
    "epsdiluted": -0.0553,
    "weightedAverageShsOut": 647802932,
    "weightedAverageShsOutDil": 647802932,
    "link": "https://www.sec.gov/Archives/edgar/data/1300514/000095015309000359/0000950153-09-000359-index.htm",
    "finalLink": "https://www.sec.gov/Archives/edgar/data/1300514/000095015309000359/p14882e10vq.htm"
  },
  {
    "date": "2008-12-31",
    "symbol": "LVS",
    "reportedCurrency": "USD",
    "cik": "0001300514",
    "fillingDate": "2009-03-02",
    "acceptedDate": "2009-02-27 20:34:56",
    "calendarYear": "2008",
    "period": "Q4",
    "revenue": 1093375000,
    "costOfRevenue": 711040000,
    "grossProfit": 382335000,
    "grossProfitRatio": 0.34968332,
    "researchAndDevelopmentExpenses": 1285000,
    "generalAndAdministrativeExpenses": 550529000,
    "sellingAndMarketingExpenses": -315501000,
    "sellingGeneralAndAdministrativeExpenses": 235028000,
    "otherExpenses": 180401000,
    "operatingExpenses": 416714000,
    "costAndExpenses": 1127754000,
    "interestIncome": 0,
    "interestExpense": 0,
    "depreciationAndAmortization": 160816000,
    "ebitda": 126437000,
    "ebitdaratio": 0.1156391906,
    "operatingIncome": -34379000,
    "operatingIncomeRatio": -0.031443009,
    "totalOtherIncomeExpensesNet": -117394000,
    "incomeBeforeTax": -151773000,
    "incomeBeforeTaxRatio": -0.1388114782,
    "incomeTaxExpense": -40167000,
    "netIncome": -111320000,
    "netIncomeRatio": -0.1018131931,
    "eps": -0.31,
    "epsdiluted": -0.31,
    "weightedAverageShsOut": 355393259,
    "weightedAverageShsOutDil": 355393259,
    "link": "https://www.sec.gov/Archives/edgar/data/1300514/000095015309000169/0000950153-09-000169-index.htm",
    "finalLink": "https://www.sec.gov/Archives/edgar/data/1300514/000095015309000169/p14105e10vk.htm"
  },
  {
    "date": "2008-09-30",
    "symbol": "LVS",
    "reportedCurrency": "USD",
    "cik": "0001300514",
    "fillingDate": "2008-11-10",
    "acceptedDate": "2008-11-10 17:26:41",
    "calendarYear": "2008",
    "period": "Q3",
    "revenue": 1105434000,
    "costOfRevenue": 732239000,
    "grossProfit": 373195000,
    "grossProfitRatio": 0.3376004357,
    "researchAndDevelopmentExpenses": 1153000,
    "generalAndAdministrativeExpenses": 130192000,
    "sellingAndMarketingExpenses": 81463000,
    "sellingGeneralAndAdministrativeExpenses": 211655000,
    "otherExpenses": 132192000,
    "operatingExpenses": 345000000,
    "costAndExpenses": 1077239000,
    "interestIncome": 3215000,
    "interestExpense": 90535000,
    "depreciationAndAmortization": 142358000,
    "ebitda": 170858000,
    "ebitdaratio": 0.1545619187,
    "operatingIncome": 28195000,
    "operatingIncomeRatio": 0.0255058194,
    "totalOtherIncomeExpensesNet": -80111000,
    "incomeBeforeTax": -51916000,
    "incomeBeforeTaxRatio": -0.0469643597,
    "incomeTaxExpense": -19425000,
    "netIncome": -32208000,
    "netIncomeRatio": -0.0291360678,
    "eps": -0.0906,
    "epsdiluted": -0.0906,
    "weightedAverageShsOut": 355393259,
    "weightedAverageShsOutDil": 355393259,
    "link": "https://www.sec.gov/Archives/edgar/data/1300514/000095015308001918/0000950153-08-001918-index.htm",
    "finalLink": "https://www.sec.gov/Archives/edgar/data/1300514/000095015308001918/p13331e10vq.htm"
  },
  {
    "date": "2008-06-30",
    "symbol": "LVS",
    "reportedCurrency": "USD",
    "cik": "0001300514",
    "fillingDate": "2008-08-11",
    "acceptedDate": "2008-08-11 08:59:11",
    "calendarYear": "2008",
    "period": "Q2",
    "revenue": 1112114000,
    "costOfRevenue": 679717000,
    "grossProfit": 432397000,
    "grossProfitRatio": 0.3888063634,
    "researchAndDevelopmentExpenses": 4459000,
    "generalAndAdministrativeExpenses": 147906000,
    "sellingAndMarketingExpenses": 85746000,
    "sellingGeneralAndAdministrativeExpenses": 233652000,
    "otherExpenses": 121004000,
    "operatingExpenses": 359115000,
    "costAndExpenses": 1038832000,
    "interestIncome": 3133000,
    "interestExpense": 88474000,
    "depreciationAndAmortization": 134112000,
    "ebitda": 191799000,
    "ebitdaratio": 0.1724634345,
    "operatingIncome": 73282000,
    "operatingIncomeRatio": 0.0658943238,
    "totalOtherIncomeExpensesNet": -89058000,
    "incomeBeforeTax": -15776000,
    "incomeBeforeTaxRatio": -0.0141855961,
    "incomeTaxExpense": -2782000,
    "netIncome": -8796000,
    "netIncomeRatio": -0.0079092611,
    "eps": -0.0248,
    "epsdiluted": -0.0248,
    "weightedAverageShsOut": 355364583,
    "weightedAverageShsOutDil": 355364583,
    "link": "https://www.sec.gov/Archives/edgar/data/1300514/000095015308001398/0000950153-08-001398-index.htm",
    "finalLink": "https://www.sec.gov/Archives/edgar/data/1300514/000095015308001398/p76074e10vq.htm"
  },
  {
    "date": "2008-03-31",
    "symbol": "LVS",
    "reportedCurrency": "USD",
    "cik": "0001300514",
    "fillingDate": "2008-05-09",
    "acceptedDate": "2008-05-09 17:00:32",
    "calendarYear": "2008",
    "period": "Q1",
    "revenue": 1079023000,
    "costOfRevenue": 645756000,
    "grossProfit": 433267000,
    "grossProfitRatio": 0.4015363899,
    "researchAndDevelopmentExpenses": 5892000,
    "generalAndAdministrativeExpenses": 142953000,
    "sellingAndMarketingExpenses": 69323000,
    "sellingGeneralAndAdministrativeExpenses": 212276000,
    "otherExpenses": 118534000,
    "operatingExpenses": 336702000,
    "costAndExpenses": 982458000,
    "interestIncome": 0,
    "interestExpense": 0,
    "depreciationAndAmortization": 128709000,
    "ebitda": 225274000,
    "ebitdaratio": 0.2087759019,
    "operatingIncome": 96565000,
    "operatingIncomeRatio": 0.0894929951,
    "totalOtherIncomeExpensesNet": -105125000,
    "incomeBeforeTax": -8560000,
    "incomeBeforeTaxRatio": -0.0079331024,
    "incomeTaxExpense": 2674000,
    "netIncome": -11234000,
    "netIncomeRatio": -0.0104112702,
    "eps": -0.0316,
    "epsdiluted": -0.0316,
    "weightedAverageShsOut": 355274537,
    "weightedAverageShsOutDil": 355274537,
    "link": "https://www.sec.gov/Archives/edgar/data/1300514/000095015308000939/0000950153-08-000939-index.htm",
    "finalLink": "https://www.sec.gov/Archives/edgar/data/1300514/000095015308000939/p75487e10vq.htm"
  },
  {
    "date": "2007-12-31",
    "symbol": "LVS",
    "reportedCurrency": "USD",
    "cik": "0001300514",
    "fillingDate": "2008-02-29",
    "acceptedDate": "2008-02-29 06:10:18",
    "calendarYear": "2007",
    "period": "Q4",
    "revenue": 1048473000,
    "costOfRevenue": 635662000,
    "grossProfit": 412811000,
    "grossProfitRatio": 0.3937259233,
    "researchAndDevelopmentExpenses": 2501000,
    "generalAndAdministrativeExpenses": 319357000,
    "sellingAndMarketingExpenses": -124503000,
    "sellingGeneralAndAdministrativeExpenses": 194854000,
    "otherExpenses": 81891000,
    "operatingExpenses": 279246000,
    "costAndExpenses": 914908000,
    "interestIncome": 0,
    "interestExpense": 0,
    "depreciationAndAmortization": 95317000,
    "ebitda": 228882000,
    "ebitdaratio": 0.2183003282,
    "operatingIncome": 133565000,
    "operatingIncomeRatio": 0.1273900234,
    "totalOtherIncomeExpensesNet": -88019000,
    "incomeBeforeTax": 45546000,
    "incomeBeforeTaxRatio": 0.0434403175,
    "incomeTaxExpense": 5663000,
    "netIncome": 39883000,
    "netIncomeRatio": 0.0380391293,
    "eps": 0.11,
    "epsdiluted": 0.11,
    "weightedAverageShsOut": 354856121,
    "weightedAverageShsOutDil": 354856121,
    "link": "https://www.sec.gov/Archives/edgar/data/1300514/000095012408000952/0000950124-08-000952-index.htm",
    "finalLink": "https://www.sec.gov/Archives/edgar/data/1300514/000095012408000952/p75030e10vk.htm"
  },
  {
    "date": "2007-09-30",
    "symbol": "LVS",
    "reportedCurrency": "USD",
    "cik": "0001300514",
    "fillingDate": "2007-11-09",
    "acceptedDate": "2007-11-08 21:17:37",
    "calendarYear": "2007",
    "period": "Q3",
    "revenue": 660950000,
    "costOfRevenue": 416973000,
    "grossProfit": 243977000,
    "grossProfitRatio": 0.3691307966,
    "researchAndDevelopmentExpenses": 3621000,
    "generalAndAdministrativeExpenses": 80244000,
    "sellingAndMarketingExpenses": 126310000,
    "sellingGeneralAndAdministrativeExpenses": 206554000,
    "otherExpenses": 54596000,
    "operatingExpenses": 264771000,
    "costAndExpenses": 681744000,
    "interestIncome": 0,
    "interestExpense": 0,
    "depreciationAndAmortization": 66938000,
    "ebitda": 46144000,
    "ebitdaratio": 0.0698146607,
    "operatingIncome": -20794000,
    "operatingIncomeRatio": -0.0314607762,
    "totalOtherIncomeExpensesNet": -28665000,
    "incomeBeforeTax": -49459000,
    "incomeBeforeTaxRatio": -0.0748301687,
    "incomeTaxExpense": -952000,
    "netIncome": -48507000,
    "netIncomeRatio": -0.0733898177,
    "eps": -0.14,
    "epsdiluted": -0.14,
    "weightedAverageShsOut": 354856121,
    "weightedAverageShsOutDil": 354856121,
    "link": "https://www.sec.gov/Archives/edgar/data/1300514/000095015307002356/0000950153-07-002356-index.htm",
    "finalLink": "https://www.sec.gov/Archives/edgar/data/1300514/000095015307002356/p74585e10vq.htm"
  },
  {
    "date": "2007-06-30",
    "symbol": "LVS",
    "reportedCurrency": "USD",
    "cik": "0001300514",
    "fillingDate": "2007-08-09",
    "acceptedDate": "2007-08-08 21:10:56",
    "calendarYear": "2007",
    "period": "Q2",
    "revenue": 612926000,
    "costOfRevenue": 350923000,
    "grossProfit": 262003000,
    "grossProfitRatio": 0.4274626953,
    "researchAndDevelopmentExpenses": 1260000,
    "generalAndAdministrativeExpenses": 60700000,
    "sellingAndMarketingExpenses": 78028000,
    "sellingGeneralAndAdministrativeExpenses": 138728000,
    "otherExpenses": 35782000,
    "operatingExpenses": 175770000,
    "costAndExpenses": 526693000,
    "interestIncome": 0,
    "interestExpense": 0,
    "depreciationAndAmortization": 46509000,
    "ebitda": 132742000,
    "ebitdaratio": 0.2165710053,
    "operatingIncome": 86233000,
    "operatingIncomeRatio": 0.1406907196,
    "totalOtherIncomeExpensesNet": -46066000,
    "incomeBeforeTax": 40167000,
    "incomeBeforeTaxRatio": 0.0655331965,
    "incomeTaxExpense": 5769000,
    "netIncome": 34398000,
    "netIncomeRatio": 0.0561209673,
    "eps": 0.1,
    "epsdiluted": 0.1,
    "weightedAverageShsOut": 354726843,
    "weightedAverageShsOutDil": 355896858,
    "link": "https://www.sec.gov/Archives/edgar/data/1300514/000095015307001718/0000950153-07-001718-index.htm",
    "finalLink": "https://www.sec.gov/Archives/edgar/data/1300514/000095015307001718/p74189e10vq.htm"
  },
  {
    "date": "2007-03-31",
    "symbol": "LVS",
    "reportedCurrency": "USD",
    "cik": "0001300514",
    "fillingDate": "2007-05-10",
    "acceptedDate": "2007-05-09 19:17:31",
    "calendarYear": "2007",
    "period": "Q1",
    "revenue": 628218000,
    "costOfRevenue": 342285000,
    "grossProfit": 285933000,
    "grossProfitRatio": 0.4551493271,
    "researchAndDevelopmentExpenses": 2346000,
    "generalAndAdministrativeExpenses": 57971000,
    "sellingAndMarketingExpenses": 63200000,
    "sellingGeneralAndAdministrativeExpenses": 121171000,
    "otherExpenses": 31410000,
    "operatingExpenses": 154927000,
    "costAndExpenses": 497212000,
    "interestIncome": 0,
    "interestExpense": 0,
    "depreciationAndAmortization": 39326000,
    "ebitda": 170332000,
    "ebitdaratio": 0.2711351792,
    "operatingIncome": 131006000,
    "operatingIncomeRatio": 0.2085358904,
    "totalOtherIncomeExpensesNet": -28981000,
    "incomeBeforeTax": 102025000,
    "incomeBeforeTaxRatio": 0.1624038152,
    "incomeTaxExpense": 11111000,
    "netIncome": 90914000,
    "netIncomeRatio": 0.1447172797,
    "eps": 0.26,
    "epsdiluted": 0.26,
    "weightedAverageShsOut": 354613724,
    "weightedAverageShsOutDil": 356114292,
    "link": "https://www.sec.gov/Archives/edgar/data/1300514/000095015307001052/0000950153-07-001052-index.htm",
    "finalLink": "https://www.sec.gov/Archives/edgar/data/1300514/000095015307001052/p73835e10vq.htm"
  },
  {
    "date": "2006-12-31",
    "symbol": "LVS",
    "reportedCurrency": "USD",
    "cik": "0001300514",
    "fillingDate": "2007-02-28",
    "acceptedDate": "2007-02-28 16:09:56",
    "calendarYear": "2006",
    "period": "Q4",
    "revenue": 636260000,
    "costOfRevenue": 327488000,
    "grossProfit": 308772000,
    "grossProfitRatio": 0.4852921762,
    "researchAndDevelopmentExpenses": -22997000,
    "generalAndAdministrativeExpenses": 230355000,
    "sellingAndMarketingExpenses": -100209000,
    "sellingGeneralAndAdministrativeExpenses": 130146000,
    "otherExpenses": 12302000,
    "operatingExpenses": 142448000,
    "costAndExpenses": 469936000,
    "interestIncome": 0,
    "interestExpense": 0,
    "depreciationAndAmortization": 38829000,
    "ebitda": 205153000,
    "ebitdaratio": 0.3224357967,
    "operatingIncome": 166324000,
    "operatingIncomeRatio": 0.261408858,
    "totalOtherIncomeExpensesNet": -25139000,
    "incomeBeforeTax": 141185000,
    "incomeBeforeTaxRatio": 0.2218982806,
    "incomeTaxExpense": 27545000,
    "netIncome": 113640000,
    "netIncomeRatio": 0.1786062302,
    "eps": 0.32,
    "epsdiluted": 0.32,
    "weightedAverageShsOut": 354296742,
    "weightedAverageShsOutDil": 354296742,
    "link": "https://www.sec.gov/Archives/edgar/data/1300514/000095015307000439/0000950153-07-000439-index.htm",
    "finalLink": "https://www.sec.gov/Archives/edgar/data/1300514/000095015307000439/p73516e10vk.htm"
  },
  {
    "date": "2006-09-30",
    "symbol": "LVS",
    "reportedCurrency": "USD",
    "cik": "0001300514",
    "fillingDate": "2006-11-09",
    "acceptedDate": "2006-11-09 16:18:39",
    "calendarYear": "2006",
    "period": "Q3",
    "revenue": 553228000,
    "costOfRevenue": 291297000,
    "grossProfit": 261931000,
    "grossProfitRatio": 0.4734594055,
    "researchAndDevelopmentExpenses": 5968000,
    "generalAndAdministrativeExpenses": 58045000,
    "sellingAndMarketingExpenses": 37314000,
    "sellingGeneralAndAdministrativeExpenses": 95359000,
    "otherExpenses": 27126000,
    "operatingExpenses": 128453000,
    "costAndExpenses": 419750000,
    "interestIncome": 0,
    "interestExpense": 0,
    "depreciationAndAmortization": 29426000,
    "ebitda": 162904000,
    "ebitdaratio": 0.2944608733,
    "operatingIncome": 133478000,
    "operatingIncomeRatio": 0.2412712299,
    "totalOtherIncomeExpensesNet": -24994000,
    "incomeBeforeTax": 108484000,
    "incomeBeforeTaxRatio": 0.1960927502,
    "incomeTaxExpense": 11233000,
    "netIncome": 97251000,
    "netIncomeRatio": 0.1757882826,
    "eps": 0.27,
    "epsdiluted": 0.27,
    "weightedAverageShsOut": 354296742,
    "weightedAverageShsOutDil": 355220167,
    "link": "https://www.sec.gov/Archives/edgar/data/1300514/000095015306002770/0000950153-06-002770-index.htm",
    "finalLink": "https://www.sec.gov/Archives/edgar/data/1300514/000095015306002770/p73114e10vq.htm"
  },
  {
    "date": "2006-06-30",
    "symbol": "LVS",
    "reportedCurrency": "USD",
    "cik": "0001300514",
    "fillingDate": "2006-08-09",
    "acceptedDate": "2006-08-09 17:21:50",
    "calendarYear": "2006",
    "period": "Q2",
    "revenue": 517007000,
    "costOfRevenue": 277781000,
    "grossProfit": 239226000,
    "grossProfitRatio": 0.4627132708,
    "researchAndDevelopmentExpenses": 7861000,
    "generalAndAdministrativeExpenses": 57337000,
    "sellingAndMarketingExpenses": 23729000,
    "sellingGeneralAndAdministrativeExpenses": 81066000,
    "otherExpenses": 24884000,
    "operatingExpenses": 113811000,
    "costAndExpenses": 391592000,
    "interestIncome": 0,
    "interestExpense": 0,
    "depreciationAndAmortization": 25815000,
    "ebitda": 151230000,
    "ebitdaratio": 0.2925105463,
    "operatingIncome": 125415000,
    "operatingIncomeRatio": 0.2425789206,
    "totalOtherIncomeExpensesNet": -8681000,
    "incomeBeforeTax": 116734000,
    "incomeBeforeTaxRatio": 0.2257880454,
    "incomeTaxExpense": 7405000,
    "netIncome": 109329000,
    "netIncomeRatio": 0.2114652219,
    "eps": 0.31,
    "epsdiluted": 0.31,
    "weightedAverageShsOut": 354255635,
    "weightedAverageShsOutDil": 355259487,
    "link": "https://www.sec.gov/Archives/edgar/data/1300514/000095015306002124/0000950153-06-002124-index.htm",
    "finalLink": "https://www.sec.gov/Archives/edgar/data/1300514/000095015306002124/p72720e10vq.htm"
  },
  {
    "date": "2006-03-31",
    "symbol": "LVS",
    "reportedCurrency": "USD",
    "cik": "0001300514",
    "fillingDate": "2006-05-10",
    "acceptedDate": "2006-05-10 16:07:29",
    "calendarYear": "2006",
    "period": "Q1",
    "revenue": 530364000,
    "costOfRevenue": 267549000,
    "grossProfit": 262815000,
    "grossProfitRatio": 0.4955370274,
    "researchAndDevelopmentExpenses": 9168000,
    "generalAndAdministrativeExpenses": 54812000,
    "sellingAndMarketingExpenses": 23869000,
    "sellingGeneralAndAdministrativeExpenses": 78681000,
    "otherExpenses": 26086000,
    "operatingExpenses": 113935000,
    "costAndExpenses": 381484000,
    "interestIncome": 0,
    "interestExpense": 0,
    "depreciationAndAmortization": 25907000,
    "ebitda": 174787000,
    "ebitdaratio": 0.3295604528,
    "operatingIncome": 148880000,
    "operatingIncomeRatio": 0.2807128689,
    "totalOtherIncomeExpensesNet": -11037000,
    "incomeBeforeTax": 137843000,
    "incomeBeforeTaxRatio": 0.2599026329,
    "incomeTaxExpense": 16060000,
    "netIncome": 121783000,
    "netIncomeRatio": 0.2296215429,
    "eps": 0.34,
    "epsdiluted": 0.34,
    "weightedAverageShsOut": 354199253,
    "weightedAverageShsOutDil": 354592597,
    "link": "https://www.sec.gov/Archives/edgar/data/1300514/000095015306001299/0000950153-06-001299-index.htm",
    "finalLink": "https://www.sec.gov/Archives/edgar/data/1300514/000095015306001299/p72306e10vq.htm"
  },
  {
    "date": "2005-12-31",
    "symbol": "LVS",
    "reportedCurrency": "USD",
    "cik": "0001300514",
    "fillingDate": "2006-03-02",
    "acceptedDate": "2006-03-02 16:48:45",
    "calendarYear": "2005",
    "period": "Q4",
    "revenue": 500675000,
    "costOfRevenue": 258405000,
    "grossProfit": 242270000,
    "grossProfitRatio": 0.4838867529,
    "researchAndDevelopmentExpenses": 0,
    "generalAndAdministrativeExpenses": 192806000,
    "sellingAndMarketingExpenses": -118450000,
    "sellingGeneralAndAdministrativeExpenses": 74356000,
    "otherExpenses": 26426000,
    "operatingExpenses": 100782000,
    "costAndExpenses": 359187000,
    "interestIncome": 0,
    "interestExpense": 0,
    "depreciationAndAmortization": 27430000,
    "ebitda": 168918000,
    "ebitdaratio": 0.3373805363,
    "operatingIncome": 141488000,
    "operatingIncomeRatio": 0.2825944974,
    "totalOtherIncomeExpensesNet": -10884000,
    "incomeBeforeTax": 130604000,
    "incomeBeforeTaxRatio": 0.2608558446,
    "incomeTaxExpense": 20555000,
    "netIncome": 110049000,
    "netIncomeRatio": 0.2198012683,
    "eps": 0.31,
    "epsdiluted": 0.31,
    "weightedAverageShsOut": 354160692,
    "weightedAverageShsOutDil": 354160692,
    "link": "https://www.sec.gov/Archives/edgar/data/1300514/000095012306002497/0000950123-06-002497-index.htm",
    "finalLink": "https://www.sec.gov/Archives/edgar/data/1300514/000095012306002497/p71940e10vk.htm"
  },
  {
    "date": "2005-09-30",
    "symbol": "LVS",
    "reportedCurrency": "USD",
    "cik": "0001300514",
    "fillingDate": "2005-11-14",
    "acceptedDate": "2005-11-14 17:47:23",
    "calendarYear": "2005",
    "period": "Q3",
    "revenue": 437622000,
    "costOfRevenue": 228263000,
    "grossProfit": 209359000,
    "grossProfitRatio": 0.4784014515,
    "researchAndDevelopmentExpenses": 0,
    "generalAndAdministrativeExpenses": 49390000,
    "sellingAndMarketingExpenses": 23241000,
    "sellingGeneralAndAdministrativeExpenses": 72631000,
    "otherExpenses": 28244000,
    "operatingExpenses": 100875000,
    "costAndExpenses": 329138000,
    "interestIncome": 0,
    "interestExpense": 0,
    "depreciationAndAmortization": 28640000,
    "ebitda": 137124000,
    "ebitdaratio": 0.3133389089,
    "operatingIncome": 108484000,
    "operatingIncomeRatio": 0.2478943015,
    "totalOtherIncomeExpensesNet": -21815000,
    "incomeBeforeTax": 86669000,
    "incomeBeforeTaxRatio": 0.1980453451,
    "incomeTaxExpense": 6573000,
    "netIncome": 80096000,
    "netIncomeRatio": 0.1830255335,
    "eps": 0.23,
    "epsdiluted": 0.23,
    "weightedAverageShsOut": 354160692,
    "weightedAverageShsOutDil": 354445509,
    "link": "https://www.sec.gov/Archives/edgar/data/1300514/000130051405000016/0001300514-05-000016-index.htm",
    "finalLink": "https://www.sec.gov/Archives/edgar/data/1300514/000130051405000016/lsvcform10-q_0905.htm"
  },
  {
    "date": "2005-06-30",
    "symbol": "LVS",
    "reportedCurrency": "USD",
    "cik": "0001300514",
    "fillingDate": "2005-08-11",
    "acceptedDate": "2005-08-10 21:29:02",
    "calendarYear": "2005",
    "period": "Q2",
    "revenue": 398821000,
    "costOfRevenue": 198375000,
    "grossProfit": 200446000,
    "grossProfitRatio": 0.5025964029,
    "researchAndDevelopmentExpenses": 0,
    "generalAndAdministrativeExpenses": 48214000,
    "sellingAndMarketingExpenses": 17150000,
    "sellingGeneralAndAdministrativeExpenses": 65364000,
    "otherExpenses": 20939000,
    "operatingExpenses": 86303000,
    "costAndExpenses": 284678000,
    "interestIncome": 0,
    "interestExpense": 0,
    "depreciationAndAmortization": 22211000,
    "ebitda": 136354000,
    "ebitdaratio": 0.3418927288,
    "operatingIncome": 114143000,
    "operatingIncomeRatio": 0.2862010777,
    "totalOtherIncomeExpensesNet": -16293000,
    "incomeBeforeTax": 97850000,
    "incomeBeforeTaxRatio": 0.2453481637,
    "incomeTaxExpense": 11421000,
    "netIncome": 86429000,
    "netIncomeRatio": 0.2167112564,
    "eps": 0.24,
    "epsdiluted": 0.24,
    "weightedAverageShsOut": 354160692,
    "weightedAverageShsOutDil": 354795833,
    "link": "https://www.sec.gov/Archives/edgar/data/1300514/000130051405000010/0001300514-05-000010-index.htm",
    "finalLink": "https://www.sec.gov/Archives/edgar/data/1300514/000130051405000010/lsvcform10-q_0605.htm"
  },
  {
    "date": "2005-03-31",
    "symbol": "LVS",
    "reportedCurrency": "USD",
    "cik": "0001300514",
    "fillingDate": "2005-05-16",
    "acceptedDate": "2005-05-16 13:29:28",
    "calendarYear": "2005",
    "period": "Q1",
    "revenue": 403794000,
    "costOfRevenue": 188409000,
    "grossProfit": 215385000,
    "grossProfitRatio": 0.5334031709,
    "researchAndDevelopmentExpenses": 5175000,
    "generalAndAdministrativeExpenses": 45773000,
    "sellingAndMarketingExpenses": 23148000,
    "sellingGeneralAndAdministrativeExpenses": 68921000,
    "otherExpenses": 21128000,
    "operatingExpenses": 90049000,
    "costAndExpenses": 278458000,
    "interestIncome": 0,
    "interestExpense": 0,
    "depreciationAndAmortization": 21515000,
    "ebitda": 146851000,
    "ebitdaratio": 0.363678014,
    "operatingIncome": 125336000,
    "operatingIncomeRatio": 0.3103958949,
    "totalOtherIncomeExpensesNet": -152523000,
    "incomeBeforeTax": -27187000,
    "incomeBeforeTaxRatio": -0.0673288855,
    "incomeTaxExpense": -34299000,
    "netIncome": 7112000,
    "netIncomeRatio": 0.0176129413,
    "eps": 0.02,
    "epsdiluted": 0.02,
    "weightedAverageShsOut": 354160692,
    "weightedAverageShsOutDil": 355029968,
    "link": "https://www.sec.gov/Archives/edgar/data/1300514/000119312505108519/0001193125-05-108519-index.htm",
    "finalLink": "https://www.sec.gov/Archives/edgar/data/1300514/000119312505108519/d10q.htm"
  },
  {
    "date": "2004-12-31",
    "symbol": "LVS",
    "reportedCurrency": "USD",
    "cik": "0001300514",
    "fillingDate": "2005-03-31",
    "acceptedDate": "2005-04-01 06:27:46",
    "calendarYear": "2004",
    "period": "Q4",
    "revenue": 347577000,
    "costOfRevenue": 0,
    "grossProfit": 347577000,
    "grossProfitRatio": 1,
    "researchAndDevelopmentExpenses": -7329000,
    "generalAndAdministrativeExpenses": 173088000,
    "sellingAndMarketingExpenses": 58486000,
    "sellingGeneralAndAdministrativeExpenses": 231574000,
    "otherExpenses": -515214000,
    "operatingExpenses": -283640000,
    "costAndExpenses": 258081000,
    "interestIncome": 0,
    "interestExpense": 0,
    "depreciationAndAmortization": 25979000,
    "ebitda": 115475000,
    "ebitdaratio": 0.3322285422,
    "operatingIncome": 89496000,
    "operatingIncomeRatio": 0.2574853917,
    "totalOtherIncomeExpensesNet": -33976000,
    "incomeBeforeTax": 55520000,
    "incomeBeforeTaxRatio": 0.1597343898,
    "incomeTaxExpense": -13736000,
    "netIncome": 69256000,
    "netIncomeRatio": 0.1992536905,
    "eps": 0.21,
    "epsdiluted": 0.21,
    "weightedAverageShsOut": 325679693,
    "weightedAverageShsOutDil": 325679693,
    "link": "https://www.sec.gov/Archives/edgar/data/1300514/000119312505067595/0001193125-05-067595-index.htm",
    "finalLink": "https://www.sec.gov/Archives/edgar/data/1300514/000119312505067595/d10k.htm"
  },
  {
    "date": "2004-09-30",
    "symbol": "LVS",
    "reportedCurrency": "USD",
    "cik": "0001300514",
    "fillingDate": "2004-09-30",
    "acceptedDate": "2004-09-29 20:00:00",
    "calendarYear": "2004",
    "period": "Q3",
    "revenue": 343636000,
    "costOfRevenue": 0,
    "grossProfit": 343636000,
    "grossProfitRatio": 1,
    "researchAndDevelopmentExpenses": 4567000,
    "generalAndAdministrativeExpenses": 0,
    "sellingAndMarketingExpenses": 0,
    "sellingGeneralAndAdministrativeExpenses": 45040000,
    "otherExpenses": 342440000,
    "operatingExpenses": 392047000,
    "costAndExpenses": 392047000,
    "interestIncome": 0,
    "interestExpense": 0,
    "depreciationAndAmortization": 17962000,
    "ebitda": -29065000,
    "ebitdaratio": -0.0845807773,
    "operatingIncome": -48411000,
    "operatingIncomeRatio": -0.1408787205,
    "totalOtherIncomeExpensesNet": -37468000,
    "incomeBeforeTax": -85879000,
    "incomeBeforeTaxRatio": -0.2499126983,
    "incomeTaxExpense": 0,
    "netIncome": -85879000,
    "netIncomeRatio": -0.2499126983,
    "eps": -0.26,
    "epsdiluted": -0.26,
    "weightedAverageShsOut": 325679693,
    "weightedAverageShsOutDil": 325679693,
    "link": "",
    "finalLink": ""
  },
  {
    "date": "2004-06-30",
    "symbol": "LVS",
    "reportedCurrency": "USD",
    "cik": "0001300514",
    "fillingDate": "2004-06-30",
    "acceptedDate": "2004-06-29 20:00:00",
    "calendarYear": "2004",
    "period": "Q2",
    "revenue": 266657000,
    "costOfRevenue": 0,
    "grossProfit": 266657000,
    "grossProfitRatio": 1,
    "researchAndDevelopmentExpenses": 2226000,
    "generalAndAdministrativeExpenses": 0,
    "sellingAndMarketingExpenses": 0,
    "sellingGeneralAndAdministrativeExpenses": 39799000,
    "otherExpenses": 186405000,
    "operatingExpenses": 228430000,
    "costAndExpenses": 228430000,
    "interestIncome": 0,
    "interestExpense": 0,
    "depreciationAndAmortization": 16856000,
    "ebitda": 55083000,
    "ebitdaratio": 0.2065687381,
    "operatingIncome": 495087000,
    "operatingIncomeRatio": 1.8566435533,
    "totalOtherIncomeExpensesNet": -33197000,
    "incomeBeforeTax": 461890000,
    "incomeBeforeTaxRatio": 1.7321502904,
    "incomeTaxExpense": 0,
    "netIncome": 461890000,
    "netIncomeRatio": 1.7321502904,
    "eps": 1.42,
    "epsdiluted": 1.42,
    "weightedAverageShsOut": 324658394,
    "weightedAverageShsOutDil": 325040683,
    "link": "",
    "finalLink": ""
  },
  {
    "date": "2004-03-31",
    "symbol": "LVS",
    "reportedCurrency": "USD",
    "cik": "0001300514",
    "fillingDate": "2004-03-31",
    "acceptedDate": "2004-03-30 19:00:00",
    "calendarYear": "2004",
    "period": "Q1",
    "revenue": 239186000,
    "costOfRevenue": 0,
    "grossProfit": 239186000,
    "grossProfitRatio": 1,
    "researchAndDevelopmentExpenses": 536000,
    "generalAndAdministrativeExpenses": 0,
    "sellingAndMarketingExpenses": 0,
    "sellingGeneralAndAdministrativeExpenses": 36393000,
    "otherExpenses": 119961000,
    "operatingExpenses": 156890000,
    "costAndExpenses": 156890000,
    "interestIncome": 0,
    "interestExpense": 0,
    "depreciationAndAmortization": 15527000,
    "ebitda": 97823000,
    "ebitdaratio": 0.4089829672,
    "operatingIncome": 82296000,
    "operatingIncomeRatio": 0.3440669604,
    "totalOtherIncomeExpensesNet": -32380000,
    "incomeBeforeTax": 49916000,
    "incomeBeforeTaxRatio": 0.2086911441,
    "incomeTaxExpense": 0,
    "netIncome": 49916000,
    "netIncomeRatio": 0.2086911441,
    "eps": 0.15,
    "epsdiluted": 0.15,
    "weightedAverageShsOut": 324658394,
    "weightedAverageShsOutDil": 325190459,
    "link": "",
    "finalLink": ""
  }
]