[
  {
    "date": "2025-08-24",
    "symbol": "LW",
    "reportedCurrency": "USD",
    "cik": "0001679273",
    "fillingDate": "2025-09-30",
    "acceptedDate": "2025-09-30 13:03:59",
    "calendarYear": "2026",
    "period": "Q1",
    "revenue": 1659300000,
    "costOfRevenue": 1316900000,
    "grossProfit": 342400000,
    "grossProfitRatio": 0.2063520762,
    "researchAndDevelopmentExpenses": 0,
    "generalAndAdministrativeExpenses": 0,
    "sellingAndMarketingExpenses": 0,
    "sellingGeneralAndAdministrativeExpenses": 153600000,
    "otherExpenses": 0,
    "operatingExpenses": 153600000,
    "costAndExpenses": 1480100000,
    "interestIncome": 0,
    "interestExpense": 43700000,
    "depreciationAndAmortization": 96300000,
    "ebitda": 252800000,
    "ebitdaratio": 0.152353402,
    "operatingIncome": 156500000,
    "operatingIncomeRatio": 0.0943168806,
    "totalOtherIncomeExpensesNet": -43700000,
    "incomeBeforeTax": 112800000,
    "incomeBeforeTaxRatio": 0.0679804737,
    "incomeTaxExpense": 47900000,
    "netIncome": 64300000,
    "netIncomeRatio": 0.0387512807,
    "eps": 0.46,
    "epsdiluted": 0.46,
    "weightedAverageShsOut": 139500000,
    "weightedAverageShsOutDil": 139800000,
    "link": "https://www.sec.gov/Archives/edgar/data/1679273/000167927325000070/0001679273-25-000070-index.htm",
    "finalLink": "https://www.sec.gov/Archives/edgar/data/1679273/000167927325000070/lw-20250824.htm"
  },
  {
    "date": "2025-05-25",
    "symbol": "LW",
    "reportedCurrency": "USD",
    "cik": "0001679273",
    "fillingDate": "2025-07-23",
    "acceptedDate": "2025-07-23 13:42:11",
    "calendarYear": "2025",
    "period": "Q4",
    "revenue": 1675800000,
    "costOfRevenue": 1347700000,
    "grossProfit": 328100000,
    "grossProfitRatio": 0.1957870868,
    "researchAndDevelopmentExpenses": 22000000,
    "generalAndAdministrativeExpenses": 52700000,
    "sellingAndMarketingExpenses": 35800000,
    "sellingGeneralAndAdministrativeExpenses": 145500000,
    "otherExpenses": -22000000,
    "operatingExpenses": 145500000,
    "costAndExpenses": 1493200000,
    "interestIncome": 0,
    "interestExpense": 44200000,
    "depreciationAndAmortization": 94300000,
    "ebitda": 280100000,
    "ebitdaratio": 0.1671440506,
    "operatingIncome": 182600000,
    "operatingIncomeRatio": 0.1089628834,
    "totalOtherIncomeExpensesNet": -41300000,
    "incomeBeforeTax": 141300000,
    "incomeBeforeTaxRatio": 0.0843179377,
    "incomeTaxExpense": 21400000,
    "netIncome": 119900000,
    "netIncomeRatio": 0.0715479174,
    "eps": 0.85,
    "epsdiluted": 0.85,
    "weightedAverageShsOut": 140600000,
    "weightedAverageShsOutDil": 141000000,
    "link": "https://www.sec.gov/Archives/edgar/data/1679273/000167927325000049/0001679273-25-000049-index.htm",
    "finalLink": "https://www.sec.gov/Archives/edgar/data/1679273/000167927325000049/lw-20250525.htm"
  },
  {
    "date": "2025-02-23",
    "symbol": "LW",
    "reportedCurrency": "USD",
    "cik": "0001679273",
    "fillingDate": "2025-04-03",
    "acceptedDate": "2025-04-03 13:05:29",
    "calendarYear": "2025",
    "period": "Q3",
    "revenue": 1520500000,
    "costOfRevenue": 1107800000,
    "grossProfit": 412700000,
    "grossProfitRatio": 0.2714238737,
    "researchAndDevelopmentExpenses": 0,
    "generalAndAdministrativeExpenses": 0,
    "sellingAndMarketingExpenses": 0,
    "sellingGeneralAndAdministrativeExpenses": 147600000,
    "otherExpenses": 0,
    "operatingExpenses": 147600000,
    "costAndExpenses": 1255400000,
    "interestIncome": 0,
    "interestExpense": 47300000,
    "depreciationAndAmortization": 101000000,
    "ebitda": 350900000,
    "ebitdaratio": 0.2307793489,
    "operatingIncome": 265100000,
    "operatingIncomeRatio": 0.1743505426,
    "totalOtherIncomeExpensesNet": -61600000,
    "incomeBeforeTax": 203500000,
    "incomeBeforeTaxRatio": 0.1338375534,
    "incomeTaxExpense": 57500000,
    "netIncome": 146000000,
    "netIncomeRatio": 0.0960210457,
    "eps": 1.03,
    "epsdiluted": 1.03,
    "weightedAverageShsOut": 141900000,
    "weightedAverageShsOutDil": 142400000,
    "link": "https://www.sec.gov/Archives/edgar/data/1679273/000167927325000026/0001679273-25-000026-index.htm",
    "finalLink": "https://www.sec.gov/Archives/edgar/data/1679273/000167927325000026/lw-20250223.htm"
  },
  {
    "date": "2024-11-24",
    "symbol": "LW",
    "reportedCurrency": "USD",
    "cik": "0001679273",
    "fillingDate": "2024-12-20",
    "acceptedDate": "2024-12-20 10:28:42",
    "calendarYear": "2025",
    "period": "Q2",
    "revenue": 1600900000,
    "costOfRevenue": 1324200000,
    "grossProfit": 276700000,
    "grossProfitRatio": 0.1728402773,
    "researchAndDevelopmentExpenses": 0,
    "generalAndAdministrativeExpenses": 0,
    "sellingAndMarketingExpenses": 0,
    "sellingGeneralAndAdministrativeExpenses": 79200000,
    "otherExpenses": 0,
    "operatingExpenses": 79200000,
    "costAndExpenses": 1403400000,
    "interestIncome": 0,
    "interestExpense": 43300000,
    "depreciationAndAmortization": 120500000,
    "ebitda": 139000000,
    "ebitdaratio": 0.0868261603,
    "operatingIncome": 197500000,
    "operatingIncomeRatio": 0.1233681054,
    "totalOtherIncomeExpensesNet": -220200000,
    "incomeBeforeTax": -22700000,
    "incomeBeforeTaxRatio": -0.014179524,
    "incomeTaxExpense": 13400000,
    "netIncome": -36100000,
    "netIncomeRatio": -0.0225498157,
    "eps": -0.25,
    "epsdiluted": -0.25,
    "weightedAverageShsOut": 142800000,
    "weightedAverageShsOutDil": 143200000,
    "link": "https://www.sec.gov/Archives/edgar/data/1679273/000167927324000087/0001679273-24-000087-index.htm",
    "finalLink": "https://www.sec.gov/Archives/edgar/data/1679273/000167927324000087/lw-20241124.htm"
  },
  {
    "date": "2024-08-25",
    "symbol": "LW",
    "reportedCurrency": "USD",
    "cik": "0001679273",
    "fillingDate": "2024-10-02",
    "acceptedDate": "2024-10-02 12:45:35",
    "calendarYear": "2025",
    "period": "Q1",
    "revenue": 1654100000,
    "costOfRevenue": 1306000000,
    "grossProfit": 348100000,
    "grossProfitRatio": 0.2104467686,
    "researchAndDevelopmentExpenses": 0,
    "generalAndAdministrativeExpenses": 0,
    "sellingAndMarketingExpenses": 0,
    "sellingGeneralAndAdministrativeExpenses": 155100000,
    "otherExpenses": 0,
    "operatingExpenses": 155100000,
    "costAndExpenses": 1461100000,
    "interestIncome": 0,
    "interestExpense": 45200000,
    "depreciationAndAmortization": 90500000,
    "ebitda": 302600000,
    "ebitdaratio": 0.1829393628,
    "operatingIncome": 193000000,
    "operatingIncomeRatio": 0.1166797654,
    "totalOtherIncomeExpensesNet": -14800000,
    "incomeBeforeTax": 178200000,
    "incomeBeforeTaxRatio": 0.1077323016,
    "incomeTaxExpense": 50800000,
    "netIncome": 127400000,
    "netIncomeRatio": 0.0770207364,
    "eps": 0.89,
    "epsdiluted": 0.88,
    "weightedAverageShsOut": 143600000,
    "weightedAverageShsOutDil": 144200000,
    "link": "https://www.sec.gov/Archives/edgar/data/1679273/000167927324000073/0001679273-24-000073-index.htm",
    "finalLink": "https://www.sec.gov/Archives/edgar/data/1679273/000167927324000073/lw-20240825.htm"
  },
  {
    "date": "2024-05-26",
    "symbol": "LW",
    "reportedCurrency": "USD",
    "cik": "0001679273",
    "fillingDate": "2024-07-24",
    "acceptedDate": "2024-07-24 13:29:21",
    "calendarYear": "2024",
    "period": "Q4",
    "revenue": 1611900000,
    "costOfRevenue": 1199100000,
    "grossProfit": 412800000,
    "grossProfitRatio": 0.2560952913,
    "researchAndDevelopmentExpenses": 0,
    "generalAndAdministrativeExpenses": 0,
    "sellingAndMarketingExpenses": 0,
    "sellingGeneralAndAdministrativeExpenses": 168800000,
    "otherExpenses": 0,
    "operatingExpenses": 168800000,
    "costAndExpenses": 1367900000,
    "interestIncome": 0,
    "interestExpense": 40300000,
    "depreciationAndAmortization": 86800000,
    "ebitda": 299300000,
    "ebitdaratio": 0.1856814939,
    "operatingIncome": 244000000,
    "operatingIncomeRatio": 0.1513741547,
    "totalOtherIncomeExpensesNet": -63600000,
    "incomeBeforeTax": 180399999,
    "incomeBeforeTaxRatio": 0.1119176121,
    "incomeTaxExpense": 50700000,
    "netIncome": 129700000,
    "netIncomeRatio": 0.0804640486,
    "eps": 0.9,
    "epsdiluted": 0.89,
    "weightedAverageShsOut": 144300000,
    "weightedAverageShsOutDil": 145000000,
    "link": "https://www.sec.gov/Archives/edgar/data/1679273/000167927324000036/0001679273-24-000036-index.htm",
    "finalLink": "https://www.sec.gov/Archives/edgar/data/1679273/000167927324000036/lw-20240526.htm"
  },
  {
    "date": "2024-02-25",
    "symbol": "LW",
    "reportedCurrency": "USD",
    "cik": "0001679273",
    "fillingDate": "2024-04-04",
    "acceptedDate": "2024-04-04 14:02:56",
    "calendarYear": "2024",
    "period": "Q3",
    "revenue": 1458300000,
    "costOfRevenue": 1054599999,
    "grossProfit": 403700000,
    "grossProfitRatio": 0.2768291847,
    "researchAndDevelopmentExpenses": 0,
    "generalAndAdministrativeExpenses": 0,
    "sellingAndMarketingExpenses": 0,
    "sellingGeneralAndAdministrativeExpenses": 164400000,
    "otherExpenses": 0,
    "operatingExpenses": 164400000,
    "costAndExpenses": 1219000000,
    "interestIncome": 0,
    "interestExpense": 35700000,
    "depreciationAndAmortization": 79300000,
    "ebitda": 303200000,
    "ebitdaratio": 0.2079133237,
    "operatingIncome": 239300000,
    "operatingIncomeRatio": 0.1640951793,
    "totalOtherIncomeExpensesNet": -50100000,
    "incomeBeforeTax": 189200000,
    "incomeBeforeTaxRatio": 0.1297401083,
    "incomeTaxExpense": 43100000,
    "netIncome": 146100000,
    "netIncomeRatio": 0.1001851471,
    "eps": 1.01,
    "epsdiluted": 1.01,
    "weightedAverageShsOut": 144500000,
    "weightedAverageShsOutDil": 145300000,
    "link": "https://www.sec.gov/Archives/edgar/data/1679273/000167927324000021/0001679273-24-000021-index.htm",
    "finalLink": "https://www.sec.gov/Archives/edgar/data/1679273/000167927324000021/lw-20240225.htm"
  },
  {
    "date": "2023-11-26",
    "symbol": "LW",
    "reportedCurrency": "USD",
    "cik": "0001679273",
    "fillingDate": "2024-01-04",
    "acceptedDate": "2024-01-04 14:03:17",
    "calendarYear": "2024",
    "period": "Q2",
    "revenue": 1732100000,
    "costOfRevenue": 1256500000,
    "grossProfit": 475600000,
    "grossProfitRatio": 0.2745799896,
    "researchAndDevelopmentExpenses": 0,
    "generalAndAdministrativeExpenses": 0,
    "sellingAndMarketingExpenses": 0,
    "sellingGeneralAndAdministrativeExpenses": 177400000,
    "otherExpenses": 0,
    "operatingExpenses": 177400000,
    "costAndExpenses": 1433900000,
    "interestIncome": 0,
    "interestExpense": 29100000,
    "depreciationAndAmortization": 70600000,
    "ebitda": 376200000,
    "ebitdaratio": 0.2171930027,
    "operatingIncome": 298200000,
    "operatingIncomeRatio": 0.1721609607,
    "totalOtherIncomeExpensesNet": -17000000,
    "incomeBeforeTax": 281200000,
    "incomeBeforeTaxRatio": 0.1623462849,
    "incomeTaxExpense": 66200000,
    "netIncome": 215000000,
    "netIncomeRatio": 0.1241267825,
    "eps": 1.48,
    "epsdiluted": 1.48,
    "weightedAverageShsOut": 144900000,
    "weightedAverageShsOutDil": 145500000,
    "link": "https://www.sec.gov/Archives/edgar/data/1679273/000155837024000050/0001558370-24-000050-index.htm",
    "finalLink": "https://www.sec.gov/Archives/edgar/data/1679273/000155837024000050/lw-20231126x10q.htm"
  },
  {
    "date": "2023-08-27",
    "symbol": "LW",
    "reportedCurrency": "USD",
    "cik": "0001679273",
    "fillingDate": "2023-10-05",
    "acceptedDate": "2023-10-05 14:15:29",
    "calendarYear": "2024",
    "period": "Q1",
    "revenue": 1665300000,
    "costOfRevenue": 1165800000,
    "grossProfit": 499500000,
    "grossProfitRatio": 0.2999459557,
    "researchAndDevelopmentExpenses": 0,
    "generalAndAdministrativeExpenses": 0,
    "sellingAndMarketingExpenses": 0,
    "sellingGeneralAndAdministrativeExpenses": 160400000,
    "otherExpenses": 0,
    "operatingExpenses": 160400000,
    "costAndExpenses": 1326200000,
    "interestIncome": 0,
    "interestExpense": 30700000,
    "depreciationAndAmortization": 70100000,
    "ebitda": 393400000,
    "ebitdaratio": 0.2362337116,
    "operatingIncome": 339100000,
    "operatingIncomeRatio": 0.2036269741,
    "totalOtherIncomeExpensesNet": -34400000,
    "incomeBeforeTax": 304700000,
    "incomeBeforeTaxRatio": 0.1829700354,
    "incomeTaxExpense": 69900000,
    "netIncome": 234800000,
    "netIncomeRatio": 0.1409956164,
    "eps": 1.61,
    "epsdiluted": 1.6,
    "weightedAverageShsOut": 145700000,
    "weightedAverageShsOutDil": 146600000,
    "link": "https://www.sec.gov/Archives/edgar/data/1679273/000155837023016256/0001558370-23-016256-index.htm",
    "finalLink": "https://www.sec.gov/Archives/edgar/data/1679273/000155837023016256/lw-20230827x10q.htm"
  },
  {
    "date": "2023-05-28",
    "symbol": "LW",
    "reportedCurrency": "USD",
    "cik": "0001679273",
    "fillingDate": "2023-07-25",
    "acceptedDate": "2023-07-25 14:13:42",
    "calendarYear": "2023",
    "period": "Q4",
    "revenue": 1694900000,
    "costOfRevenue": 1315500000,
    "grossProfit": 379400000,
    "grossProfitRatio": 0.2238480146,
    "researchAndDevelopmentExpenses": 0,
    "generalAndAdministrativeExpenses": 0,
    "sellingAndMarketingExpenses": 0,
    "sellingGeneralAndAdministrativeExpenses": 183400000,
    "otherExpenses": 0,
    "operatingExpenses": 183400000,
    "costAndExpenses": 1498900000,
    "interestIncome": 0,
    "interestExpense": 32800000,
    "depreciationAndAmortization": 69500000,
    "ebitda": 256500000,
    "ebitdaratio": 0.151336362,
    "operatingIncome": 196000000,
    "operatingIncomeRatio": 0.1156410408,
    "totalOtherIncomeExpensesNet": 374800000,
    "incomeBeforeTax": 570800000,
    "incomeBeforeTaxRatio": 0.336775031,
    "incomeTaxExpense": 72000000,
    "netIncome": 498800000,
    "netIncomeRatio": 0.2942946487,
    "eps": 3.42,
    "epsdiluted": 3.4,
    "weightedAverageShsOut": 145900000,
    "weightedAverageShsOutDil": 146800000,
    "link": "https://www.sec.gov/Archives/edgar/data/1679273/000155837023012203/0001558370-23-012203-index.htm",
    "finalLink": "https://www.sec.gov/Archives/edgar/data/1679273/000155837023012203/lw-20230528x10k.htm"
  },
  {
    "date": "2023-02-26",
    "symbol": "LW",
    "reportedCurrency": "USD",
    "cik": "0001679273",
    "fillingDate": "2023-04-06",
    "acceptedDate": "2023-04-06 13:43:11",
    "calendarYear": "2023",
    "period": "Q3",
    "revenue": 1253600000,
    "costOfRevenue": 855800000,
    "grossProfit": 397800000,
    "grossProfitRatio": 0.3173261008,
    "researchAndDevelopmentExpenses": 0,
    "generalAndAdministrativeExpenses": 0,
    "sellingAndMarketingExpenses": 0,
    "sellingGeneralAndAdministrativeExpenses": 135800000,
    "otherExpenses": 0,
    "operatingExpenses": 135800000,
    "costAndExpenses": 991600000,
    "interestIncome": 0,
    "interestExpense": 25800000,
    "depreciationAndAmortization": 51300000,
    "ebitda": 317600000,
    "ebitdaratio": 0.253350351,
    "operatingIncome": 262000000,
    "operatingIncomeRatio": 0.2089980855,
    "totalOtherIncomeExpensesNet": -44800000,
    "incomeBeforeTax": 217200000,
    "incomeBeforeTaxRatio": 0.1732610083,
    "incomeTaxExpense": 42100000,
    "netIncome": 175100000,
    "netIncomeRatio": 0.1396777281,
    "eps": 1.22,
    "epsdiluted": 1.21,
    "weightedAverageShsOut": 144000000,
    "weightedAverageShsOutDil": 144800000,
    "link": "https://www.sec.gov/Archives/edgar/data/1679273/000155837023005546/0001558370-23-005546-index.htm",
    "finalLink": "https://www.sec.gov/Archives/edgar/data/1679273/000155837023005546/lw-20230226x10q.htm"
  },
  {
    "date": "2022-11-27",
    "symbol": "LW",
    "reportedCurrency": "USD",
    "cik": "0001679273",
    "fillingDate": "2023-01-05",
    "acceptedDate": "2023-01-05 12:59:33",
    "calendarYear": "2023",
    "period": "Q2",
    "revenue": 1276500000,
    "costOfRevenue": 894900000,
    "grossProfit": 381600000,
    "grossProfitRatio": 0.2989424207,
    "researchAndDevelopmentExpenses": 0,
    "generalAndAdministrativeExpenses": 0,
    "sellingAndMarketingExpenses": 0,
    "sellingGeneralAndAdministrativeExpenses": 136300000,
    "otherExpenses": 0,
    "operatingExpenses": 136300000,
    "costAndExpenses": 1031200000,
    "interestIncome": 0,
    "interestExpense": 24600000,
    "depreciationAndAmortization": 52200000,
    "ebitda": 324000000,
    "ebitdaratio": 0.2538190364,
    "operatingIncome": 245300000,
    "operatingIncomeRatio": 0.1921660791,
    "totalOtherIncomeExpensesNet": -105400000,
    "incomeBeforeTax": 139900000,
    "incomeBeforeTaxRatio": 0.1095965531,
    "incomeTaxExpense": 36800000,
    "netIncome": 103100000,
    "netIncomeRatio": 0.0807677242,
    "eps": 0.72,
    "epsdiluted": 0.71,
    "weightedAverageShsOut": 144000000,
    "weightedAverageShsOutDil": 144600000,
    "link": "https://www.sec.gov/Archives/edgar/data/1679273/000155837023000048/0001558370-23-000048-index.htm",
    "finalLink": "https://www.sec.gov/Archives/edgar/data/1679273/000155837023000048/lw-20221127x10q.htm"
  },
  {
    "date": "2022-08-28",
    "symbol": "LW",
    "reportedCurrency": "USD",
    "cik": "0001679273",
    "fillingDate": "2022-10-05",
    "acceptedDate": "2022-10-05 13:04:08",
    "calendarYear": "2023",
    "period": "Q1",
    "revenue": 1125600000,
    "costOfRevenue": 852300000,
    "grossProfit": 273300000,
    "grossProfitRatio": 0.242803838,
    "researchAndDevelopmentExpenses": 0,
    "generalAndAdministrativeExpenses": 0,
    "sellingAndMarketingExpenses": 0,
    "sellingGeneralAndAdministrativeExpenses": 116300000,
    "otherExpenses": 0,
    "operatingExpenses": 116300000,
    "costAndExpenses": 968600000,
    "interestIncome": 0,
    "interestExpense": 26000000,
    "depreciationAndAmortization": 49800000,
    "ebitda": 206800000,
    "ebitdaratio": 0.183724236,
    "operatingIncome": 157000000,
    "operatingIncomeRatio": 0.1394811656,
    "totalOtherIncomeExpensesNet": 148600000,
    "incomeBeforeTax": 305600000,
    "incomeBeforeTaxRatio": 0.2714996446,
    "incomeTaxExpense": 73700000,
    "netIncome": 231900000,
    "netIncomeRatio": 0.2060234542,
    "eps": 1.61,
    "epsdiluted": 1.6,
    "weightedAverageShsOut": 144000000,
    "weightedAverageShsOutDil": 144600000,
    "link": "https://www.sec.gov/Archives/edgar/data/1679273/000155837022014848/0001558370-22-014848-index.htm",
    "finalLink": "https://www.sec.gov/Archives/edgar/data/1679273/000155837022014848/lw-20220828x10q.htm"
  },
  {
    "date": "2022-05-29",
    "symbol": "LW",
    "reportedCurrency": "USD",
    "cik": "0001679273",
    "fillingDate": "2022-07-27",
    "acceptedDate": "2022-07-27 14:09:53",
    "calendarYear": "2022",
    "period": "Q4",
    "revenue": 1153100000,
    "costOfRevenue": 898900000,
    "grossProfit": 254200000,
    "grossProfitRatio": 0.2204492238,
    "researchAndDevelopmentExpenses": 0,
    "generalAndAdministrativeExpenses": 0,
    "sellingAndMarketingExpenses": 0,
    "sellingGeneralAndAdministrativeExpenses": 118200000,
    "otherExpenses": 0,
    "operatingExpenses": 118200000,
    "costAndExpenses": 1017100000,
    "interestIncome": 0,
    "interestExpense": 24900000,
    "depreciationAndAmortization": 49700000,
    "ebitda": 185700000,
    "ebitdaratio": 0.1610441419,
    "operatingIncome": 136000000,
    "operatingIncomeRatio": 0.1179429364,
    "totalOtherIncomeExpensesNet": -81600000,
    "incomeBeforeTax": 54400000,
    "incomeBeforeTaxRatio": 0.0471771746,
    "incomeTaxExpense": 22400000,
    "netIncome": 32000000,
    "netIncomeRatio": 0.0277512792,
    "eps": 0.22,
    "epsdiluted": 0.22,
    "weightedAverageShsOut": 144500000,
    "weightedAverageShsOutDil": 145000000,
    "link": "https://www.sec.gov/Archives/edgar/data/1679273/000155837022011121/0001558370-22-011121-index.htm",
    "finalLink": "https://www.sec.gov/Archives/edgar/data/1679273/000155837022011121/lw-20220529x10k.htm"
  },
  {
    "date": "2022-02-27",
    "symbol": "LW",
    "reportedCurrency": "USD",
    "cik": "0001679273",
    "fillingDate": "2022-04-07",
    "acceptedDate": "2022-04-07 13:09:25",
    "calendarYear": "2022",
    "period": "Q3",
    "revenue": 955000000,
    "costOfRevenue": 734000000,
    "grossProfit": 221000000,
    "grossProfitRatio": 0.2314136126,
    "researchAndDevelopmentExpenses": 0,
    "generalAndAdministrativeExpenses": 0,
    "sellingAndMarketingExpenses": 0,
    "sellingGeneralAndAdministrativeExpenses": 87200000,
    "otherExpenses": 0,
    "operatingExpenses": 87200000,
    "costAndExpenses": 821200000,
    "interestIncome": 0,
    "interestExpense": 25800000,
    "depreciationAndAmortization": 47500000,
    "ebitda": 181300000,
    "ebitdaratio": 0.1898429319,
    "operatingIncome": 133800000,
    "operatingIncomeRatio": 0.140104712,
    "totalOtherIncomeExpensesNet": 3900000,
    "incomeBeforeTax": 137700000,
    "incomeBeforeTaxRatio": 0.1441884817,
    "incomeTaxExpense": 31100000,
    "netIncome": 106600000,
    "netIncomeRatio": 0.1116230366,
    "eps": 0.73,
    "epsdiluted": 0.73,
    "weightedAverageShsOut": 145100000,
    "weightedAverageShsOutDil": 145500000,
    "link": "https://www.sec.gov/Archives/edgar/data/1679273/000155837022005152/0001558370-22-005152-index.htm",
    "finalLink": "https://www.sec.gov/Archives/edgar/data/1679273/000155837022005152/lw-20220227x10q.htm"
  },
  {
    "date": "2021-11-28",
    "symbol": "LW",
    "reportedCurrency": "USD",
    "cik": "0001679273",
    "fillingDate": "2022-01-06",
    "acceptedDate": "2022-01-06 13:04:56",
    "calendarYear": "2022",
    "period": "Q2",
    "revenue": 1006600000,
    "costOfRevenue": 801100000,
    "grossProfit": 205500000,
    "grossProfitRatio": 0.2041525929,
    "researchAndDevelopmentExpenses": 0,
    "generalAndAdministrativeExpenses": 0,
    "sellingAndMarketingExpenses": 0,
    "sellingGeneralAndAdministrativeExpenses": 91100000,
    "otherExpenses": 0,
    "operatingExpenses": 91100000,
    "costAndExpenses": 892200000,
    "interestIncome": 0,
    "interestExpense": 82400000,
    "depreciationAndAmortization": 47600000,
    "ebitda": 162000000,
    "ebitdaratio": 0.1609378105,
    "operatingIncome": 114400000,
    "operatingIncomeRatio": 0.1136499106,
    "totalOtherIncomeExpensesNet": -72300000,
    "incomeBeforeTax": 42100000,
    "incomeBeforeTaxRatio": 0.0418239619,
    "incomeTaxExpense": 9600000,
    "netIncome": 32500000,
    "netIncomeRatio": 0.0322869064,
    "eps": 0.23,
    "epsdiluted": 0.22,
    "weightedAverageShsOut": 146000000,
    "weightedAverageShsOutDil": 146300000,
    "link": "https://www.sec.gov/Archives/edgar/data/1679273/000155837022000090/0001558370-22-000090-index.htm",
    "finalLink": "https://www.sec.gov/Archives/edgar/data/1679273/000155837022000090/lw-20211128x10q.htm"
  },
  {
    "date": "2021-08-29",
    "symbol": "LW",
    "reportedCurrency": "USD",
    "cik": "0001679273",
    "fillingDate": "2021-10-07",
    "acceptedDate": "2021-10-07 14:26:59",
    "calendarYear": "2022",
    "period": "Q1",
    "revenue": 984200000,
    "costOfRevenue": 832900000,
    "grossProfit": 151300000,
    "grossProfitRatio": 0.1537289169,
    "researchAndDevelopmentExpenses": 0,
    "generalAndAdministrativeExpenses": 0,
    "sellingAndMarketingExpenses": 0,
    "sellingGeneralAndAdministrativeExpenses": 91100000,
    "otherExpenses": 0,
    "operatingExpenses": 91100000,
    "costAndExpenses": 924000000,
    "interestIncome": 0,
    "interestExpense": 27900000,
    "depreciationAndAmortization": 47300000,
    "ebitda": 107500000,
    "ebitdaratio": 0.1092257671,
    "operatingIncome": 60200000,
    "operatingIncomeRatio": 0.0611664296,
    "totalOtherIncomeExpensesNet": -21700000,
    "incomeBeforeTax": 38499999,
    "incomeBeforeTaxRatio": 0.0391180644,
    "incomeTaxExpense": 8700000,
    "netIncome": 29800000,
    "netIncomeRatio": 0.0302783987,
    "eps": 0.2,
    "epsdiluted": 0.2,
    "weightedAverageShsOut": 146300000,
    "weightedAverageShsOutDil": 146900000,
    "link": "https://www.sec.gov/Archives/edgar/data/1679273/000155837021013063/0001558370-21-013063-index.htm",
    "finalLink": "https://www.sec.gov/Archives/edgar/data/1679273/000155837021013063/lw-20210829x10q.htm"
  },
  {
    "date": "2021-05-30",
    "symbol": "LW",
    "reportedCurrency": "USD",
    "cik": "0001679273",
    "fillingDate": "2021-07-27",
    "acceptedDate": "2021-07-27 13:36:37",
    "calendarYear": "2021",
    "period": "Q4",
    "revenue": 1007500000,
    "costOfRevenue": 809500000,
    "grossProfit": 198000000,
    "grossProfitRatio": 0.1965260546,
    "researchAndDevelopmentExpenses": 0,
    "generalAndAdministrativeExpenses": 0,
    "sellingAndMarketingExpenses": 0,
    "sellingGeneralAndAdministrativeExpenses": 99100000,
    "otherExpenses": 0,
    "operatingExpenses": 99100000,
    "costAndExpenses": 908600000,
    "interestIncome": 0,
    "interestExpense": 28700000,
    "depreciationAndAmortization": 45500000,
    "ebitda": 144400000,
    "ebitdaratio": 0.143325062,
    "operatingIncome": 98900000,
    "operatingIncomeRatio": 0.0981637717,
    "totalOtherIncomeExpensesNet": -19100000,
    "incomeBeforeTax": 79800000,
    "incomeBeforeTaxRatio": 0.0792059553,
    "incomeTaxExpense": 14300000,
    "netIncome": 65500000,
    "netIncomeRatio": 0.0650124069,
    "eps": 0.45,
    "epsdiluted": 0.44,
    "weightedAverageShsOut": 145555556,
    "weightedAverageShsOutDil": 147100000,
    "link": "https://www.sec.gov/Archives/edgar/data/1679273/000155837021009330/0001558370-21-009330-index.htm",
    "finalLink": "https://www.sec.gov/Archives/edgar/data/1679273/000155837021009330/lw-20210530x10k.htm"
  },
  {
    "date": "2021-02-28",
    "symbol": "LW",
    "reportedCurrency": "USD",
    "cik": "0001679273",
    "fillingDate": "2021-04-07",
    "acceptedDate": "2021-04-07 14:00:11",
    "calendarYear": "2021",
    "period": "Q3",
    "revenue": 895800000,
    "costOfRevenue": 699100000,
    "grossProfit": 196700000,
    "grossProfitRatio": 0.2195802635,
    "researchAndDevelopmentExpenses": 0,
    "generalAndAdministrativeExpenses": 0,
    "sellingAndMarketingExpenses": 0,
    "sellingGeneralAndAdministrativeExpenses": 96100000,
    "otherExpenses": 0,
    "operatingExpenses": 96100000,
    "costAndExpenses": 795200000,
    "interestIncome": 0,
    "interestExpense": 29300000,
    "depreciationAndAmortization": 47600000,
    "ebitda": 148200000,
    "ebitdaratio": 0.165438714,
    "operatingIncome": 100600000,
    "operatingIncomeRatio": 0.1123018531,
    "totalOtherIncomeExpensesNet": -18200000,
    "incomeBeforeTax": 82400000,
    "incomeBeforeTaxRatio": 0.091984818,
    "incomeTaxExpense": 16300000,
    "netIncome": 66100000,
    "netIncomeRatio": 0.0737887921,
    "eps": 0.45,
    "epsdiluted": 0.45,
    "weightedAverageShsOut": 146500000,
    "weightedAverageShsOutDil": 147200000,
    "link": "https://www.sec.gov/Archives/edgar/data/1679273/000155837021004037/0001558370-21-004037-index.htm",
    "finalLink": "https://www.sec.gov/Archives/edgar/data/1679273/000155837021004037/lw-20210228x10q.htm"
  },
  {
    "date": "2020-11-29",
    "symbol": "LW",
    "reportedCurrency": "USD",
    "cik": "0001679273",
    "fillingDate": "2021-01-07",
    "acceptedDate": "2021-01-07 14:10:07",
    "calendarYear": "2021",
    "period": "Q2",
    "revenue": 896100000,
    "costOfRevenue": 672600000,
    "grossProfit": 223500000,
    "grossProfitRatio": 0.2494141279,
    "researchAndDevelopmentExpenses": 0,
    "generalAndAdministrativeExpenses": 0,
    "sellingAndMarketingExpenses": 0,
    "sellingGeneralAndAdministrativeExpenses": 83900000,
    "otherExpenses": 0,
    "operatingExpenses": 83900000,
    "costAndExpenses": 756500000,
    "interestIncome": 0,
    "interestExpense": 30000000,
    "depreciationAndAmortization": 47800000,
    "ebitda": 187400000,
    "ebitdaratio": 0.2091284455,
    "operatingIncome": 139600000,
    "operatingIncomeRatio": 0.1557861846,
    "totalOtherIncomeExpensesNet": -10800000,
    "incomeBeforeTax": 128800000,
    "incomeBeforeTaxRatio": 0.1437339583,
    "incomeTaxExpense": 31900000,
    "netIncome": 96900000,
    "netIncomeRatio": 0.1081352528,
    "eps": 0.66,
    "epsdiluted": 0.66,
    "weightedAverageShsOut": 146500000,
    "weightedAverageShsOutDil": 147100000,
    "link": "https://www.sec.gov/Archives/edgar/data/1679273/000155837021000077/0001558370-21-000077-index.htm",
    "finalLink": "https://www.sec.gov/Archives/edgar/data/1679273/000155837021000077/lw-20201129x10q.htm"
  },
  {
    "date": "2020-08-30",
    "symbol": "LW",
    "reportedCurrency": "USD",
    "cik": "0001679273",
    "fillingDate": "2020-10-07",
    "acceptedDate": "2020-10-07 12:50:33",
    "calendarYear": "2021",
    "period": "Q1",
    "revenue": 871500000,
    "costOfRevenue": 657700000,
    "grossProfit": 213800000,
    "grossProfitRatio": 0.2453241538,
    "researchAndDevelopmentExpenses": 0,
    "generalAndAdministrativeExpenses": 0,
    "sellingAndMarketingExpenses": 0,
    "sellingGeneralAndAdministrativeExpenses": 78100000,
    "otherExpenses": 0,
    "operatingExpenses": 78100000,
    "costAndExpenses": 735800000,
    "interestIncome": 0,
    "interestExpense": 30300000,
    "depreciationAndAmortization": 46900000,
    "ebitda": 182600000,
    "ebitdaratio": 0.2095238095,
    "operatingIncome": 135700000,
    "operatingIncomeRatio": 0.1557085485,
    "totalOtherIncomeExpensesNet": -18400000,
    "incomeBeforeTax": 117300000,
    "incomeBeforeTaxRatio": 0.134595525,
    "incomeTaxExpense": 28000000,
    "netIncome": 89300000,
    "netIncomeRatio": 0.1024670109,
    "eps": 0.61,
    "epsdiluted": 0.61,
    "weightedAverageShsOut": 146300000,
    "weightedAverageShsOutDil": 147100000,
    "link": "https://www.sec.gov/Archives/edgar/data/1679273/000155837020011400/0001558370-20-011400-index.htm",
    "finalLink": "https://www.sec.gov/Archives/edgar/data/1679273/000155837020011400/lw-20200830x10q.htm"
  },
  {
    "date": "2020-05-31",
    "symbol": "LW",
    "reportedCurrency": "USD",
    "cik": "0001679273",
    "fillingDate": "2020-07-28",
    "acceptedDate": "2020-07-28 15:23:45",
    "calendarYear": "2020",
    "period": "Q4",
    "revenue": 846900000,
    "costOfRevenue": 735800000,
    "grossProfit": 111100000,
    "grossProfitRatio": 0.1311843193,
    "researchAndDevelopmentExpenses": 0,
    "generalAndAdministrativeExpenses": 0,
    "sellingAndMarketingExpenses": 0,
    "sellingGeneralAndAdministrativeExpenses": 80200000,
    "otherExpenses": 0,
    "operatingExpenses": 80200000,
    "costAndExpenses": 816000000,
    "interestIncome": 0,
    "interestExpense": 29200000,
    "depreciationAndAmortization": 46500000,
    "ebitda": 77400000,
    "ebitdaratio": 0.091392136,
    "operatingIncome": 30900000,
    "operatingIncomeRatio": 0.0364860078,
    "totalOtherIncomeExpensesNet": -35300000,
    "incomeBeforeTax": -4400000,
    "incomeBeforeTaxRatio": -0.0051954186,
    "incomeTaxExpense": -2800000,
    "netIncome": -1600000,
    "netIncomeRatio": -0.0018892431,
    "eps": -0.0109,
    "epsdiluted": -0.0109,
    "weightedAverageShsOut": 146200000,
    "weightedAverageShsOutDil": 147100000,
    "link": "https://www.sec.gov/Archives/edgar/data/1679273/000155837020008501/0001558370-20-008501-index.htm",
    "finalLink": "https://www.sec.gov/Archives/edgar/data/1679273/000155837020008501/lw-20200531x10k.htm"
  },
  {
    "date": "2020-02-23",
    "symbol": "LW",
    "reportedCurrency": "USD",
    "cik": "0001679273",
    "fillingDate": "2020-04-01",
    "acceptedDate": "2020-04-01 13:58:19",
    "calendarYear": "2020",
    "period": "Q3",
    "revenue": 937300000,
    "costOfRevenue": 686900000,
    "grossProfit": 250400000,
    "grossProfitRatio": 0.2671503254,
    "researchAndDevelopmentExpenses": 0,
    "generalAndAdministrativeExpenses": 0,
    "sellingAndMarketingExpenses": 0,
    "sellingGeneralAndAdministrativeExpenses": 87900000,
    "otherExpenses": 0,
    "operatingExpenses": 87900000,
    "costAndExpenses": 774800000,
    "interestIncome": 0,
    "interestExpense": 25200000,
    "depreciationAndAmortization": 45800000,
    "ebitda": 208300000,
    "ebitdaratio": 0.2222340766,
    "operatingIncome": 162500000,
    "operatingIncomeRatio": 0.173370319,
    "totalOtherIncomeExpensesNet": -15400000,
    "incomeBeforeTax": 147100000,
    "incomeBeforeTaxRatio": 0.1569401472,
    "incomeTaxExpense": 35700000,
    "netIncome": 111400000,
    "netIncomeRatio": 0.1188520218,
    "eps": 0.76,
    "epsdiluted": 0.76,
    "weightedAverageShsOut": 146200000,
    "weightedAverageShsOutDil": 147200000,
    "link": "https://www.sec.gov/Archives/edgar/data/1679273/000155837020003511/0001558370-20-003511-index.htm",
    "finalLink": "https://www.sec.gov/Archives/edgar/data/1679273/000155837020003511/lw-20200223x10qb2da03.htm"
  },
  {
    "date": "2019-11-24",
    "symbol": "LW",
    "reportedCurrency": "USD",
    "cik": "0001679273",
    "fillingDate": "2020-01-03",
    "acceptedDate": "2020-01-03 13:54:04",
    "calendarYear": "2020",
    "period": "Q2",
    "revenue": 1019200000,
    "costOfRevenue": 734100000,
    "grossProfit": 285100000,
    "grossProfitRatio": 0.2797291994,
    "researchAndDevelopmentExpenses": 0,
    "generalAndAdministrativeExpenses": 0,
    "sellingAndMarketingExpenses": 0,
    "sellingGeneralAndAdministrativeExpenses": 91600000,
    "otherExpenses": 0,
    "operatingExpenses": 91600000,
    "costAndExpenses": 825700000,
    "interestIncome": 0,
    "interestExpense": 25400000,
    "depreciationAndAmortization": 45700000,
    "ebitda": 239200000,
    "ebitdaratio": 0.2346938776,
    "operatingIncome": 193500000,
    "operatingIncomeRatio": 0.1898547881,
    "totalOtherIncomeExpensesNet": -10400000,
    "incomeBeforeTax": 183100000,
    "incomeBeforeTaxRatio": 0.1796507064,
    "incomeTaxExpense": 42700000,
    "netIncome": 140400000,
    "netIncomeRatio": 0.137755102,
    "eps": 0.96,
    "epsdiluted": 0.95,
    "weightedAverageShsOut": 146200000,
    "weightedAverageShsOutDil": 147100000,
    "link": "https://www.sec.gov/Archives/edgar/data/1679273/000155837020000031/0001558370-20-000031-index.htm",
    "finalLink": "https://www.sec.gov/Archives/edgar/data/1679273/000155837020000031/lw-20191124x10q986f46.htm"
  },
  {
    "date": "2019-08-25",
    "symbol": "LW",
    "reportedCurrency": "USD",
    "cik": "0001679273",
    "fillingDate": "2019-10-02",
    "acceptedDate": "2019-10-02 12:50:23",
    "calendarYear": "2020",
    "period": "Q1",
    "revenue": 989000000,
    "costOfRevenue": 740400000,
    "grossProfit": 248600000,
    "grossProfitRatio": 0.2513650152,
    "researchAndDevelopmentExpenses": 0,
    "generalAndAdministrativeExpenses": 0,
    "sellingAndMarketingExpenses": 0,
    "sellingGeneralAndAdministrativeExpenses": 78600000,
    "otherExpenses": 0,
    "operatingExpenses": 78600000,
    "costAndExpenses": 819000000,
    "interestIncome": 0,
    "interestExpense": 28200000,
    "depreciationAndAmortization": 46000000,
    "ebitda": 216000000,
    "ebitdaratio": 0.2184024267,
    "operatingIncome": 170000000,
    "operatingIncomeRatio": 0.1718907988,
    "totalOtherIncomeExpensesNet": -17600000,
    "incomeBeforeTax": 152400000,
    "incomeBeforeTaxRatio": 0.1540950455,
    "incomeTaxExpense": 36700000,
    "netIncome": 115700000,
    "netIncomeRatio": 0.1169868554,
    "eps": 0.79,
    "epsdiluted": 0.79,
    "weightedAverageShsOut": 146200000,
    "weightedAverageShsOutDil": 147000000,
    "link": "https://www.sec.gov/Archives/edgar/data/1679273/000155837019008763/0001558370-19-008763-index.htm",
    "finalLink": "https://www.sec.gov/Archives/edgar/data/1679273/000155837019008763/lw-20190825x10q.htm"
  },
  {
    "date": "2019-05-26",
    "symbol": "LW",
    "reportedCurrency": "USD",
    "cik": "0001679273",
    "fillingDate": "2019-07-25",
    "acceptedDate": "2019-07-25 13:44:43",
    "calendarYear": "2019",
    "period": "Q4",
    "revenue": 1003400000,
    "costOfRevenue": 752900000,
    "grossProfit": 250500000,
    "grossProfitRatio": 0.249651186,
    "researchAndDevelopmentExpenses": 0,
    "generalAndAdministrativeExpenses": 0,
    "sellingAndMarketingExpenses": 0,
    "sellingGeneralAndAdministrativeExpenses": 102500000,
    "otherExpenses": 0,
    "operatingExpenses": 102500000,
    "costAndExpenses": 855400000,
    "interestIncome": 0,
    "interestExpense": 27100000,
    "depreciationAndAmortization": 44900000,
    "ebitda": 192900000,
    "ebitdaratio": 0.1922463624,
    "operatingIncome": 148000000,
    "operatingIncomeRatio": 0.1474985051,
    "totalOtherIncomeExpensesNet": -11900000,
    "incomeBeforeTax": 136100000,
    "incomeBeforeTaxRatio": 0.135638828,
    "incomeTaxExpense": 25700000,
    "netIncome": 110400000,
    "netIncomeRatio": 0.1100259119,
    "eps": 0.76,
    "epsdiluted": 0.75,
    "weightedAverageShsOut": 146052632,
    "weightedAverageShsOutDil": 147200000,
    "link": "https://www.sec.gov/Archives/edgar/data/1679273/000155837019006311/0001558370-19-006311-index.htm",
    "finalLink": "https://www.sec.gov/Archives/edgar/data/1679273/000155837019006311/lw-20190526x10k.htm"
  },
  {
    "date": "2019-02-24",
    "symbol": "LW",
    "reportedCurrency": "USD",
    "cik": "0001679273",
    "fillingDate": "2019-04-02",
    "acceptedDate": "2019-04-02 13:38:18",
    "calendarYear": "2019",
    "period": "Q3",
    "revenue": 926800000,
    "costOfRevenue": 653400000,
    "grossProfit": 273400000,
    "grossProfitRatio": 0.2949935261,
    "researchAndDevelopmentExpenses": 0,
    "generalAndAdministrativeExpenses": 0,
    "sellingAndMarketingExpenses": 0,
    "sellingGeneralAndAdministrativeExpenses": 79600000,
    "otherExpenses": 0,
    "operatingExpenses": 79600000,
    "costAndExpenses": 733000000,
    "interestIncome": 0,
    "interestExpense": 27000000,
    "depreciationAndAmortization": 40300000,
    "ebitda": 234100000,
    "ebitdaratio": 0.2525895555,
    "operatingIncome": 193800000,
    "operatingIncomeRatio": 0.2091066034,
    "totalOtherIncomeExpensesNet": -12800000,
    "incomeBeforeTax": 181000000,
    "incomeBeforeTaxRatio": 0.1952956409,
    "incomeTaxExpense": 39600000,
    "netIncome": 141400000,
    "netIncomeRatio": 0.1525679758,
    "eps": 0.96,
    "epsdiluted": 0.95,
    "weightedAverageShsOut": 146600000,
    "weightedAverageShsOutDil": 147400000,
    "link": "https://www.sec.gov/Archives/edgar/data/1679273/000155837019002742/0001558370-19-002742-index.htm",
    "finalLink": "https://www.sec.gov/Archives/edgar/data/1679273/000155837019002742/lw-20190224x10q.htm"
  },
  {
    "date": "2018-11-25",
    "symbol": "LW",
    "reportedCurrency": "USD",
    "cik": "0001679273",
    "fillingDate": "2019-01-04",
    "acceptedDate": "2019-01-04 14:26:04",
    "calendarYear": "2019",
    "period": "Q2",
    "revenue": 911400000,
    "costOfRevenue": 662400000,
    "grossProfit": 249000000,
    "grossProfitRatio": 0.2732060566,
    "researchAndDevelopmentExpenses": 0,
    "generalAndAdministrativeExpenses": 0,
    "sellingAndMarketingExpenses": 0,
    "sellingGeneralAndAdministrativeExpenses": 75000000,
    "otherExpenses": 0,
    "operatingExpenses": 75000000,
    "costAndExpenses": 737400000,
    "interestIncome": 0,
    "interestExpense": 26200000,
    "depreciationAndAmortization": 38600000,
    "ebitda": 212600000,
    "ebitdaratio": 0.2332675005,
    "operatingIncome": 174000000,
    "operatingIncomeRatio": 0.1909150757,
    "totalOtherIncomeExpensesNet": -16000000,
    "incomeBeforeTax": 158000000,
    "incomeBeforeTaxRatio": 0.1733596664,
    "incomeTaxExpense": 34000000,
    "netIncome": 119000000,
    "netIncomeRatio": 0.1305683564,
    "eps": 0.74,
    "epsdiluted": 0.74,
    "weightedAverageShsOut": 146600000,
    "weightedAverageShsOutDil": 147400000,
    "link": "https://www.sec.gov/Archives/edgar/data/1679273/000155837019000033/0001558370-19-000033-index.htm",
    "finalLink": "https://www.sec.gov/Archives/edgar/data/1679273/000155837019000033/lw-20181125x10q.htm"
  },
  {
    "date": "2018-08-26",
    "symbol": "LW",
    "reportedCurrency": "USD",
    "cik": "0001679273",
    "fillingDate": "2018-10-02",
    "acceptedDate": "2018-10-02 13:57:40",
    "calendarYear": "2019",
    "period": "Q1",
    "revenue": 914900000,
    "costOfRevenue": 684300000,
    "grossProfit": 230600000,
    "grossProfitRatio": 0.2520494043,
    "researchAndDevelopmentExpenses": 0,
    "generalAndAdministrativeExpenses": 0,
    "sellingAndMarketingExpenses": 0,
    "sellingGeneralAndAdministrativeExpenses": 78000000,
    "otherExpenses": 0,
    "operatingExpenses": 78000000,
    "costAndExpenses": 762300000,
    "interestIncome": 0,
    "interestExpense": 26800000,
    "depreciationAndAmortization": 38600000,
    "ebitda": 191200000,
    "ebitdaratio": 0.2089845885,
    "operatingIncome": 152600000,
    "operatingIncomeRatio": 0.1667941852,
    "totalOtherIncomeExpensesNet": -6900000,
    "incomeBeforeTax": 145700000,
    "incomeBeforeTaxRatio": 0.1592523773,
    "incomeTaxExpense": 34300000,
    "netIncome": 107800000,
    "netIncomeRatio": 0.1178270849,
    "eps": 0.73,
    "epsdiluted": 0.73,
    "weightedAverageShsOut": 146500000,
    "weightedAverageShsOutDil": 147200000,
    "link": "https://www.sec.gov/Archives/edgar/data/1679273/000155837018007616/0001558370-18-007616-index.htm",
    "finalLink": "https://www.sec.gov/Archives/edgar/data/1679273/000155837018007616/lw-20180826x10q.htm"
  },
  {
    "date": "2018-05-27",
    "symbol": "LW",
    "reportedCurrency": "USD",
    "cik": "0001679273",
    "fillingDate": "2018-07-26",
    "acceptedDate": "2018-07-25 17:59:46",
    "calendarYear": "2018",
    "period": "Q4",
    "revenue": 918200000,
    "costOfRevenue": 685500000,
    "grossProfit": 232700000,
    "grossProfitRatio": 0.2534306251,
    "researchAndDevelopmentExpenses": 0,
    "generalAndAdministrativeExpenses": 0,
    "sellingAndMarketingExpenses": 0,
    "sellingGeneralAndAdministrativeExpenses": 98400000,
    "otherExpenses": 0,
    "operatingExpenses": 98400000,
    "costAndExpenses": 783900000,
    "interestIncome": 0,
    "interestExpense": 27700000,
    "depreciationAndAmortization": 39200000,
    "ebitda": 172700000,
    "ebitdaratio": 0.1880853844,
    "operatingIncome": 134300000,
    "operatingIncomeRatio": 0.1462644304,
    "totalOtherIncomeExpensesNet": -3400000,
    "incomeBeforeTax": 130900000,
    "incomeBeforeTaxRatio": 0.1425615334,
    "incomeTaxExpense": 28100000,
    "netIncome": 100000000,
    "netIncomeRatio": 0.1089087345,
    "eps": 0.68,
    "epsdiluted": 0.68,
    "weightedAverageShsOut": 146323529,
    "weightedAverageShsOutDil": 147100000,
    "link": "https://www.sec.gov/Archives/edgar/data/1679273/000155837018005726/0001558370-18-005726-index.htm",
    "finalLink": "https://www.sec.gov/Archives/edgar/data/1679273/000155837018005726/lw-20180527x10k.htm"
  },
  {
    "date": "2018-02-25",
    "symbol": "LW",
    "reportedCurrency": "USD",
    "cik": "0001679273",
    "fillingDate": "2018-04-05",
    "acceptedDate": "2018-04-05 13:57:11",
    "calendarYear": "2018",
    "period": "Q3",
    "revenue": 863400000,
    "costOfRevenue": 621100000,
    "grossProfit": 242300000,
    "grossProfitRatio": 0.2806347,
    "researchAndDevelopmentExpenses": 0,
    "generalAndAdministrativeExpenses": 0,
    "sellingAndMarketingExpenses": 0,
    "sellingGeneralAndAdministrativeExpenses": 73100000,
    "otherExpenses": 0,
    "operatingExpenses": 73100000,
    "costAndExpenses": 694200000,
    "interestIncome": 0,
    "interestExpense": 28500000,
    "depreciationAndAmortization": 37500000,
    "ebitda": 206700000,
    "ebitdaratio": 0.2394023628,
    "operatingIncome": 169200000,
    "operatingIncomeRatio": 0.1959694232,
    "totalOtherIncomeExpensesNet": -2100000,
    "incomeBeforeTax": 167100000,
    "incomeBeforeTaxRatio": 0.1935371786,
    "incomeTaxExpense": 7500000,
    "netIncome": 156800000,
    "netIncomeRatio": 0.1816075979,
    "eps": 1.07,
    "epsdiluted": 1.06,
    "weightedAverageShsOut": 146300000,
    "weightedAverageShsOutDil": 147100000,
    "link": "https://www.sec.gov/Archives/edgar/data/1679273/000155837018002794/0001558370-18-002794-index.htm",
    "finalLink": "https://www.sec.gov/Archives/edgar/data/1679273/000155837018002794/lw-20180225x10q.htm"
  },
  {
    "date": "2017-11-26",
    "symbol": "LW",
    "reportedCurrency": "USD",
    "cik": "0001679273",
    "fillingDate": "2018-01-04",
    "acceptedDate": "2018-01-04 12:50:09",
    "calendarYear": "2018",
    "period": "Q2",
    "revenue": 824600000,
    "costOfRevenue": 614700000,
    "grossProfit": 209900000,
    "grossProfitRatio": 0.2545476595,
    "researchAndDevelopmentExpenses": 0,
    "generalAndAdministrativeExpenses": 0,
    "sellingAndMarketingExpenses": 0,
    "sellingGeneralAndAdministrativeExpenses": 65400000,
    "otherExpenses": 0,
    "operatingExpenses": 65400000,
    "costAndExpenses": 680100000,
    "interestIncome": 0,
    "interestExpense": 27400000,
    "depreciationAndAmortization": 35600000,
    "ebitda": 175400000,
    "ebitdaratio": 0.2127091923,
    "operatingIncome": 144500000,
    "operatingIncomeRatio": 0.1752364783,
    "totalOtherIncomeExpensesNet": -20000000,
    "incomeBeforeTax": 124500000,
    "incomeBeforeTaxRatio": 0.1509822944,
    "incomeTaxExpense": 41500000,
    "netIncome": 76600000,
    "netIncomeRatio": 0.0928935241,
    "eps": 0.52,
    "epsdiluted": 0.52,
    "weightedAverageShsOut": 146300000,
    "weightedAverageShsOutDil": 146900000,
    "link": "https://www.sec.gov/Archives/edgar/data/1679273/000155837018000022/0001558370-18-000022-index.htm",
    "finalLink": "https://www.sec.gov/Archives/edgar/data/1679273/000155837018000022/lw-20171126x10q.htm"
  },
  {
    "date": "2017-08-27",
    "symbol": "LW",
    "reportedCurrency": "USD",
    "cik": "0001679273",
    "fillingDate": "2017-10-04",
    "acceptedDate": "2017-10-04 15:36:18",
    "calendarYear": "2018",
    "period": "Q1",
    "revenue": 817500000,
    "costOfRevenue": 624000000,
    "grossProfit": 193500000,
    "grossProfitRatio": 0.2366972477,
    "researchAndDevelopmentExpenses": 0,
    "generalAndAdministrativeExpenses": 0,
    "sellingAndMarketingExpenses": 0,
    "sellingGeneralAndAdministrativeExpenses": 56900000,
    "otherExpenses": 0,
    "operatingExpenses": 56900000,
    "costAndExpenses": 680900000,
    "interestIncome": 0,
    "interestExpense": 25200000,
    "depreciationAndAmortization": 31000000,
    "ebitda": 168600000,
    "ebitdaratio": 0.2062385321,
    "operatingIncome": 136600000,
    "operatingIncomeRatio": 0.1670948012,
    "totalOtherIncomeExpensesNet": -4200000,
    "incomeBeforeTax": 132400000,
    "incomeBeforeTaxRatio": 0.1619571865,
    "incomeTaxExpense": 44100000,
    "netIncome": 83400000,
    "netIncomeRatio": 0.1020183486,
    "eps": 0.56,
    "epsdiluted": 0.56,
    "weightedAverageShsOut": 146200000,
    "weightedAverageShsOutDil": 146800000,
    "link": "https://www.sec.gov/Archives/edgar/data/1679273/000155837017007269/0001558370-17-007269-index.htm",
    "finalLink": "https://www.sec.gov/Archives/edgar/data/1679273/000155837017007269/lw-20170827x10q.htm"
  },
  {
    "date": "2017-05-28",
    "symbol": "LW",
    "reportedCurrency": "USD",
    "cik": "0001679273",
    "fillingDate": "2017-07-25",
    "acceptedDate": "2017-07-25 15:35:50",
    "calendarYear": "2017",
    "period": "Q4",
    "revenue": 832500000,
    "costOfRevenue": 632500000,
    "grossProfit": 200000000,
    "grossProfitRatio": 0.2402402402,
    "researchAndDevelopmentExpenses": 0,
    "generalAndAdministrativeExpenses": 0,
    "sellingAndMarketingExpenses": 0,
    "sellingGeneralAndAdministrativeExpenses": 74700000,
    "otherExpenses": 0,
    "operatingExpenses": 74700000,
    "costAndExpenses": 707200000,
    "interestIncome": 0,
    "interestExpense": 26700000,
    "depreciationAndAmortization": 29500000,
    "ebitda": 152100000,
    "ebitdaratio": 0.1827027027,
    "operatingIncome": 125300000,
    "operatingIncomeRatio": 0.1505105105,
    "totalOtherIncomeExpensesNet": -5600000,
    "incomeBeforeTax": 119700000,
    "incomeBeforeTaxRatio": 0.1437837838,
    "incomeTaxExpense": 41200000,
    "netIncome": 75900000,
    "netIncomeRatio": 0.0911711712,
    "eps": 0.52,
    "epsdiluted": 0.51,
    "weightedAverageShsOut": 145000000,
    "weightedAverageShsOutDil": 146700000,
    "link": "https://www.sec.gov/Archives/edgar/data/1679273/000155837017005308/0001558370-17-005308-index.htm",
    "finalLink": "https://www.sec.gov/Archives/edgar/data/1679273/000155837017005308/lw-20170528x10k.htm"
  },
  {
    "date": "2017-02-26",
    "symbol": "LW",
    "reportedCurrency": "USD",
    "cik": "0001679273",
    "fillingDate": "2017-04-06",
    "acceptedDate": "2017-04-06 13:01:04",
    "calendarYear": "2017",
    "period": "Q3",
    "revenue": 768500000,
    "costOfRevenue": 559600000,
    "grossProfit": 208900000,
    "grossProfitRatio": 0.2718282368,
    "researchAndDevelopmentExpenses": 0,
    "generalAndAdministrativeExpenses": 0,
    "sellingAndMarketingExpenses": 0,
    "sellingGeneralAndAdministrativeExpenses": 56700000,
    "otherExpenses": 0,
    "operatingExpenses": 56700000,
    "costAndExpenses": 616300000,
    "interestIncome": 0,
    "interestExpense": 26300000,
    "depreciationAndAmortization": 27500000,
    "ebitda": 172700000,
    "ebitdaratio": 0.2247234873,
    "operatingIncome": 152200000,
    "operatingIncomeRatio": 0.1980481457,
    "totalOtherIncomeExpensesNet": -33300000,
    "incomeBeforeTax": 118900000,
    "incomeBeforeTaxRatio": 0.1547169811,
    "incomeTaxExpense": 44000000,
    "netIncome": 84200000,
    "netIncomeRatio": 0.1095640859,
    "eps": 0.57,
    "epsdiluted": 0.57,
    "weightedAverageShsOut": 146100000,
    "weightedAverageShsOutDil": 146500000,
    "link": "https://www.sec.gov/Archives/edgar/data/1679273/000155837017002479/0001558370-17-002479-index.htm",
    "finalLink": "https://www.sec.gov/Archives/edgar/data/1679273/000155837017002479/lw-20170226x10q.htm"
  },
  {
    "date": "2016-11-27",
    "symbol": "LW",
    "reportedCurrency": "USD",
    "cik": "0001679273",
    "fillingDate": "2017-01-10",
    "acceptedDate": "2017-01-10 13:36:02",
    "calendarYear": "2017",
    "period": "Q2",
    "revenue": 790700000,
    "costOfRevenue": 591300000,
    "grossProfit": 199400000,
    "grossProfitRatio": 0.2521816112,
    "researchAndDevelopmentExpenses": 0,
    "generalAndAdministrativeExpenses": 0,
    "sellingAndMarketingExpenses": 0,
    "sellingGeneralAndAdministrativeExpenses": 64300000,
    "otherExpenses": 0,
    "operatingExpenses": 64300000,
    "costAndExpenses": 655600000,
    "interestIncome": 0,
    "interestExpense": 6800000,
    "depreciationAndAmortization": 26600000,
    "ebitda": 152100000,
    "ebitdaratio": 0.1923611989,
    "operatingIncome": 135100000,
    "operatingIncomeRatio": 0.1708612622,
    "totalOtherIncomeExpensesNet": -16400000,
    "incomeBeforeTax": 118700000,
    "incomeBeforeTaxRatio": 0.1501201467,
    "incomeTaxExpense": 33900000,
    "netIncome": 87200000,
    "netIncomeRatio": 0.1102820286,
    "eps": 0.59,
    "epsdiluted": 0.59,
    "weightedAverageShsOut": 146000000,
    "weightedAverageShsOutDil": 146300000,
    "link": "https://www.sec.gov/Archives/edgar/data/1679273/000155837017000080/0001558370-17-000080-index.htm",
    "finalLink": "https://www.sec.gov/Archives/edgar/data/1679273/000155837017000080/lw-20161127x10q.htm"
  },
  {
    "date": "2016-08-31",
    "symbol": "LW",
    "reportedCurrency": "USD",
    "cik": "0001679273",
    "fillingDate": "2016-08-31",
    "acceptedDate": "2016-08-31 00:00:00",
    "calendarYear": "2017",
    "period": "Q1",
    "revenue": 776300000,
    "costOfRevenue": 596200000,
    "grossProfit": 180100000,
    "grossProfitRatio": 0.2319979389,
    "researchAndDevelopmentExpenses": 0,
    "generalAndAdministrativeExpenses": 0,
    "sellingAndMarketingExpenses": 0,
    "sellingGeneralAndAdministrativeExpenses": 45900000,
    "otherExpenses": 0,
    "operatingExpenses": 45900000,
    "costAndExpenses": 642100000,
    "interestIncome": 100000,
    "interestExpense": 1600000,
    "depreciationAndAmortization": 25500000,
    "ebitda": 150500000,
    "ebitdaratio": 0.1938683499,
    "operatingIncome": 134199999,
    "operatingIncomeRatio": 0.1728713113,
    "totalOtherIncomeExpensesNet": -10699999,
    "incomeBeforeTax": 123500000,
    "incomeBeforeTaxRatio": 0.1590879815,
    "incomeTaxExpense": 51000000,
    "netIncome": 79600000,
    "netIncomeRatio": 0.1025376787,
    "eps": 0.54,
    "epsdiluted": 0.54,
    "weightedAverageShsOut": 146000000,
    "weightedAverageShsOutDil": 146000000,
    "link": null,
    "finalLink": null
  },
  {
    "date": "2016-05-31",
    "symbol": "LW",
    "reportedCurrency": "USD",
    "cik": "0001679273",
    "fillingDate": "2016-05-31",
    "acceptedDate": "2016-05-31 00:00:00",
    "calendarYear": "2016",
    "period": "Q4",
    "revenue": 777000000,
    "costOfRevenue": 594600000,
    "grossProfit": 182400000,
    "grossProfitRatio": 0.2347490347,
    "researchAndDevelopmentExpenses": 0,
    "generalAndAdministrativeExpenses": 0,
    "sellingAndMarketingExpenses": 0,
    "sellingGeneralAndAdministrativeExpenses": 130500000,
    "otherExpenses": 51900000,
    "operatingExpenses": 182400000,
    "costAndExpenses": 777000000,
    "interestIncome": 100000,
    "interestExpense": 1700000,
    "depreciationAndAmortization": 24400000,
    "ebitda": 76400000,
    "ebitdaratio": 0.0983268983,
    "operatingIncome": 51900000,
    "operatingIncomeRatio": 0.0667953668,
    "totalOtherIncomeExpensesNet": -1600000,
    "incomeBeforeTax": 50300000,
    "incomeBeforeTaxRatio": 0.0647361647,
    "incomeTaxExpense": 20300000,
    "netIncome": 42600000,
    "netIncomeRatio": 0.0548262548,
    "eps": 0.29,
    "epsdiluted": 0.29,
    "weightedAverageShsOut": 146300000,
    "weightedAverageShsOutDil": 146400000,
    "link": "",
    "finalLink": ""
  },
  {
    "date": "2016-02-29",
    "symbol": "LW",
    "reportedCurrency": "USD",
    "cik": "0001679273",
    "fillingDate": "2016-02-29",
    "acceptedDate": "2016-02-29 00:00:00",
    "calendarYear": "2016",
    "period": "Q3",
    "revenue": 728700000,
    "costOfRevenue": 546800000,
    "grossProfit": 181900000,
    "grossProfitRatio": 0.2496226156,
    "researchAndDevelopmentExpenses": 0,
    "generalAndAdministrativeExpenses": 0,
    "sellingAndMarketingExpenses": 0,
    "sellingGeneralAndAdministrativeExpenses": 54600000,
    "otherExpenses": 0,
    "operatingExpenses": 54600000,
    "costAndExpenses": 601400000,
    "interestIncome": 0,
    "interestExpense": 1500000,
    "depreciationAndAmortization": 23600000,
    "ebitda": 150900000,
    "ebitdaratio": 0.2070811033,
    "operatingIncome": 127300000,
    "operatingIncomeRatio": 0.1746946617,
    "totalOtherIncomeExpensesNet": -1500000,
    "incomeBeforeTax": 125800000,
    "incomeBeforeTaxRatio": 0.1726362015,
    "incomeTaxExpense": 53200000,
    "netIncome": 107400000,
    "netIncomeRatio": 0.1473857555,
    "eps": 0.71,
    "epsdiluted": 0.71,
    "weightedAverageShsOut": 146300000,
    "weightedAverageShsOutDil": 146400000,
    "link": "",
    "finalLink": ""
  },
  {
    "date": "2015-11-30",
    "symbol": "LW",
    "reportedCurrency": "USD",
    "cik": "0001679273",
    "fillingDate": "2015-11-30",
    "acceptedDate": "2015-11-29 19:00:00",
    "calendarYear": "2016",
    "period": "Q2",
    "revenue": 740300000,
    "costOfRevenue": 578500000,
    "grossProfit": 161800000,
    "grossProfitRatio": 0.2185600432,
    "researchAndDevelopmentExpenses": 0,
    "generalAndAdministrativeExpenses": 0,
    "sellingAndMarketingExpenses": 0,
    "sellingGeneralAndAdministrativeExpenses": 52300000,
    "otherExpenses": 0,
    "operatingExpenses": 52300000,
    "costAndExpenses": 630800000,
    "interestIncome": 0,
    "interestExpense": 1500000,
    "depreciationAndAmortization": 24100000,
    "ebitda": 133600000,
    "ebitdaratio": 0.1804673781,
    "operatingIncome": 109500000,
    "operatingIncomeRatio": 0.1479130082,
    "totalOtherIncomeExpensesNet": -1500000,
    "incomeBeforeTax": 108000000,
    "incomeBeforeTaxRatio": 0.1458868026,
    "incomeTaxExpense": 38700000,
    "netIncome": 73300000,
    "netIncomeRatio": 0.0990139133,
    "eps": 0.5,
    "epsdiluted": 0.5,
    "weightedAverageShsOut": 146300000,
    "weightedAverageShsOutDil": 146400000,
    "link": "",
    "finalLink": ""
  },
  {
    "date": "2015-08-31",
    "symbol": "LW",
    "reportedCurrency": "USD",
    "cik": "0001679273",
    "fillingDate": "2015-08-31",
    "acceptedDate": "2015-08-30 20:00:00",
    "calendarYear": "2016",
    "period": "Q1",
    "revenue": 747800000,
    "costOfRevenue": 606500000,
    "grossProfit": 141300000,
    "grossProfitRatio": 0.1889542658,
    "researchAndDevelopmentExpenses": 0,
    "generalAndAdministrativeExpenses": 0,
    "sellingAndMarketingExpenses": 0,
    "sellingGeneralAndAdministrativeExpenses": 56700000,
    "otherExpenses": 84600000,
    "operatingExpenses": 141300000,
    "costAndExpenses": 747800000,
    "interestIncome": 100000,
    "interestExpense": 1400000,
    "depreciationAndAmortization": 23800000,
    "ebitda": 108500000,
    "ebitdaratio": 0.1450922707,
    "operatingIncome": 84600000,
    "operatingIncomeRatio": 0.1131318534,
    "totalOtherIncomeExpensesNet": -1300000,
    "incomeBeforeTax": 83300000,
    "incomeBeforeTaxRatio": 0.1113934207,
    "incomeTaxExpense": 32300000,
    "netIncome": 62000000,
    "netIncomeRatio": 0.0829098689,
    "eps": 0.42,
    "epsdiluted": 0.42,
    "weightedAverageShsOut": 146300000,
    "weightedAverageShsOutDil": 146400000,
    "link": "",
    "finalLink": ""
  },
  {
    "date": "2015-05-31",
    "symbol": "LW",
    "reportedCurrency": "USD",
    "cik": "0001679273",
    "fillingDate": "2015-05-31",
    "acceptedDate": "2015-05-31 00:00:00",
    "calendarYear": "2015",
    "period": "Q4",
    "revenue": 820300000,
    "costOfRevenue": 648700000,
    "grossProfit": 171600000,
    "grossProfitRatio": 0.2091917591,
    "researchAndDevelopmentExpenses": 0,
    "generalAndAdministrativeExpenses": 0,
    "sellingAndMarketingExpenses": 0,
    "sellingGeneralAndAdministrativeExpenses": 57900000,
    "otherExpenses": 113700000,
    "operatingExpenses": 171600000,
    "costAndExpenses": 820300000,
    "interestIncome": 0,
    "interestExpense": 1300000,
    "depreciationAndAmortization": 27000000,
    "ebitda": 140500000,
    "ebitdaratio": 0.1712788004,
    "operatingIncome": 113700000,
    "operatingIncomeRatio": 0.1386078264,
    "totalOtherIncomeExpensesNet": -1500000,
    "incomeBeforeTax": 112200000,
    "incomeBeforeTaxRatio": 0.1367792271,
    "incomeTaxExpense": 41700000,
    "netIncome": 83900000,
    "netIncomeRatio": 0.1022796538,
    "eps": 0.56,
    "epsdiluted": 0.56,
    "weightedAverageShsOut": 146300000,
    "weightedAverageShsOutDil": 146400000,
    "link": "",
    "finalLink": ""
  }
]