[
  {
    "date": "2025-05-25",
    "symbol": "LW",
    "reportedCurrency": "USD",
    "cik": "0001679273",
    "fillingDate": "2025-07-23",
    "acceptedDate": "2025-07-23 13:42:11",
    "calendarYear": "2025",
    "period": "FY",
    "revenue": 6451300000,
    "costOfRevenue": 5085700000,
    "grossProfit": 1365600000,
    "grossProfitRatio": 0.2116782664,
    "researchAndDevelopmentExpenses": 22000000,
    "generalAndAdministrativeExpenses": 545500000,
    "sellingAndMarketingExpenses": 35800000,
    "sellingGeneralAndAdministrativeExpenses": 581300000,
    "otherExpenses": -75900000,
    "operatingExpenses": 527400000,
    "costAndExpenses": 5613100000,
    "interestIncome": 0,
    "interestExpense": 180000000,
    "depreciationAndAmortization": 407500000,
    "ebitda": 1072600000,
    "ebitdaratio": 0.1662610637,
    "operatingIncome": 838200000,
    "operatingIncomeRatio": 0.1299273015,
    "totalOtherIncomeExpensesNet": -337900000,
    "incomeBeforeTax": 500300000,
    "incomeBeforeTaxRatio": 0.0775502612,
    "incomeTaxExpense": 143100000,
    "netIncome": 357200000,
    "netIncomeRatio": 0.0553686854,
    "eps": 2.51,
    "epsdiluted": 2.5,
    "weightedAverageShsOut": 142200000,
    "weightedAverageShsOutDil": 142700000,
    "link": "https://www.sec.gov/Archives/edgar/data/1679273/000167927325000049/0001679273-25-000049-index.htm",
    "finalLink": "https://www.sec.gov/Archives/edgar/data/1679273/000167927325000049/lw-20250525.htm"
  },
  {
    "date": "2024-05-26",
    "symbol": "LW",
    "reportedCurrency": "USD",
    "cik": "0001679273",
    "fillingDate": "2024-07-24",
    "acceptedDate": "2024-07-24 13:29:21",
    "calendarYear": "2024",
    "period": "FY",
    "revenue": 6467600000,
    "costOfRevenue": 4702900000,
    "grossProfit": 1764700000,
    "grossProfitRatio": 0.2728523718,
    "researchAndDevelopmentExpenses": 26400000,
    "generalAndAdministrativeExpenses": 0,
    "sellingAndMarketingExpenses": 0,
    "sellingGeneralAndAdministrativeExpenses": 617100000,
    "otherExpenses": 0,
    "operatingExpenses": 643500000,
    "costAndExpenses": 5346400000,
    "interestIncome": 0,
    "interestExpense": 135800000,
    "depreciationAndAmortization": 306800000,
    "ebitda": 1372100000,
    "ebitdaratio": 0.2121497928,
    "operatingIncome": 1121200000,
    "operatingIncomeRatio": 0.1733564228,
    "totalOtherIncomeExpensesNet": -165700000,
    "incomeBeforeTax": 955500000,
    "incomeBeforeTaxRatio": 0.1477364092,
    "incomeTaxExpense": 230000000,
    "netIncome": 725500000,
    "netIncomeRatio": 0.1121745315,
    "eps": 5.01,
    "epsdiluted": 4.98,
    "weightedAverageShsOut": 144900000,
    "weightedAverageShsOutDil": 145600000,
    "link": "https://www.sec.gov/Archives/edgar/data/1679273/000167927324000036/0001679273-24-000036-index.htm",
    "finalLink": "https://www.sec.gov/Archives/edgar/data/1679273/000167927324000036/lw-20240526.htm"
  },
  {
    "date": "2023-05-28",
    "symbol": "LW",
    "reportedCurrency": "USD",
    "cik": "0001679273",
    "fillingDate": "2023-07-25",
    "acceptedDate": "2023-07-25 14:13:42",
    "calendarYear": "2023",
    "period": "FY",
    "revenue": 5350600000,
    "costOfRevenue": 3918500000,
    "grossProfit": 1432100000,
    "grossProfitRatio": 0.2676522259,
    "researchAndDevelopmentExpenses": 17200000,
    "generalAndAdministrativeExpenses": 0,
    "sellingAndMarketingExpenses": 0,
    "sellingGeneralAndAdministrativeExpenses": 574300000,
    "otherExpenses": 0,
    "operatingExpenses": 591500000,
    "costAndExpenses": 4510000000,
    "interestIncome": 0,
    "interestExpense": 109200000,
    "depreciationAndAmortization": 222800000,
    "ebitda": 1104900000,
    "ebitdaratio": 0.2065002056,
    "operatingIncome": 840600000,
    "operatingIncomeRatio": 0.1571038762,
    "totalOtherIncomeExpensesNet": 392900000,
    "incomeBeforeTax": 1233500000,
    "incomeBeforeTaxRatio": 0.2305348933,
    "incomeTaxExpense": 224600000,
    "netIncome": 1008900000,
    "netIncomeRatio": 0.1885582925,
    "eps": 6.98,
    "epsdiluted": 6.95,
    "weightedAverageShsOut": 144500000,
    "weightedAverageShsOutDil": 145200000,
    "link": "https://www.sec.gov/Archives/edgar/data/1679273/000155837023012203/0001558370-23-012203-index.htm",
    "finalLink": "https://www.sec.gov/Archives/edgar/data/1679273/000155837023012203/lw-20230528x10k.htm"
  },
  {
    "date": "2022-05-29",
    "symbol": "LW",
    "reportedCurrency": "USD",
    "cik": "0001679273",
    "fillingDate": "2022-07-27",
    "acceptedDate": "2022-07-27 14:09:53",
    "calendarYear": "2022",
    "period": "FY",
    "revenue": 4098900000,
    "costOfRevenue": 3266900000,
    "grossProfit": 832000000,
    "grossProfitRatio": 0.2029812877,
    "researchAndDevelopmentExpenses": 16200000,
    "generalAndAdministrativeExpenses": 0,
    "sellingAndMarketingExpenses": 0,
    "sellingGeneralAndAdministrativeExpenses": 368100000,
    "otherExpenses": 0,
    "operatingExpenses": 384300000,
    "costAndExpenses": 3651200000,
    "interestIncome": 0,
    "interestExpense": 161000000,
    "depreciationAndAmortization": 192100000,
    "ebitda": 636500000,
    "ebitdaratio": 0.1552855644,
    "operatingIncome": 447700000,
    "operatingIncomeRatio": 0.1092244261,
    "totalOtherIncomeExpensesNet": -175000000,
    "incomeBeforeTax": 272700000,
    "incomeBeforeTaxRatio": 0.0665300446,
    "incomeTaxExpense": 71800000,
    "netIncome": 200900000,
    "netIncomeRatio": 0.0490131499,
    "eps": 1.38,
    "epsdiluted": 1.38,
    "weightedAverageShsOut": 145500000,
    "weightedAverageShsOutDil": 145900000,
    "link": "https://www.sec.gov/Archives/edgar/data/1679273/000155837022011121/0001558370-22-011121-index.htm",
    "finalLink": "https://www.sec.gov/Archives/edgar/data/1679273/000155837022011121/lw-20220529x10k.htm"
  },
  {
    "date": "2021-05-30",
    "symbol": "LW",
    "reportedCurrency": "USD",
    "cik": "0001679273",
    "fillingDate": "2021-07-27",
    "acceptedDate": "2021-07-27 13:36:37",
    "calendarYear": "2021",
    "period": "FY",
    "revenue": 3670900000,
    "costOfRevenue": 2838900000,
    "grossProfit": 832000000,
    "grossProfitRatio": 0.2266474162,
    "researchAndDevelopmentExpenses": 12900000,
    "generalAndAdministrativeExpenses": 0,
    "sellingAndMarketingExpenses": 0,
    "sellingGeneralAndAdministrativeExpenses": 344300000,
    "otherExpenses": 0,
    "operatingExpenses": 357200000,
    "costAndExpenses": 3196100000,
    "interestIncome": 0,
    "interestExpense": 118300000,
    "depreciationAndAmortization": 187800000,
    "ebitda": 662600000,
    "ebitdaratio": 0.1805006947,
    "operatingIncome": 474800000,
    "operatingIncomeRatio": 0.1293415784,
    "totalOtherIncomeExpensesNet": -66500000,
    "incomeBeforeTax": 408300000,
    "incomeBeforeTaxRatio": 0.1112261298,
    "incomeTaxExpense": 90500000,
    "netIncome": 317800000,
    "netIncomeRatio": 0.0865727751,
    "eps": 2.17,
    "epsdiluted": 2.16,
    "weightedAverageShsOut": 146400000,
    "weightedAverageShsOutDil": 147100000,
    "link": "https://www.sec.gov/Archives/edgar/data/1679273/000155837021009330/0001558370-21-009330-index.htm",
    "finalLink": "https://www.sec.gov/Archives/edgar/data/1679273/000155837021009330/lw-20210530x10k.htm"
  },
  {
    "date": "2020-05-31",
    "symbol": "LW",
    "reportedCurrency": "USD",
    "cik": "0001679273",
    "fillingDate": "2020-07-28",
    "acceptedDate": "2020-07-28 15:23:45",
    "calendarYear": "2020",
    "period": "FY",
    "revenue": 3792400000,
    "costOfRevenue": 2897200000,
    "grossProfit": 895200000,
    "grossProfitRatio": 0.2360510495,
    "researchAndDevelopmentExpenses": 15400000,
    "generalAndAdministrativeExpenses": 0,
    "sellingAndMarketingExpenses": 0,
    "sellingGeneralAndAdministrativeExpenses": 322800000,
    "otherExpenses": 0,
    "operatingExpenses": 338200000,
    "costAndExpenses": 3235400000,
    "interestIncome": 0,
    "interestExpense": 108000000,
    "depreciationAndAmortization": 182300000,
    "ebitda": 739200000,
    "ebitdaratio": 0.1949161481,
    "operatingIncome": 557000000,
    "operatingIncomeRatio": 0.1468726928,
    "totalOtherIncomeExpensesNet": -78800000,
    "incomeBeforeTax": 478200000,
    "incomeBeforeTaxRatio": 0.1260942939,
    "incomeTaxExpense": 112300000,
    "netIncome": 365900000,
    "netIncomeRatio": 0.0964824386,
    "eps": 2.5,
    "epsdiluted": 2.49,
    "weightedAverageShsOut": 146200000,
    "weightedAverageShsOutDil": 147100000,
    "link": "https://www.sec.gov/Archives/edgar/data/1679273/000155837020008501/0001558370-20-008501-index.htm",
    "finalLink": "https://www.sec.gov/Archives/edgar/data/1679273/000155837020008501/lw-20200531x10k.htm"
  },
  {
    "date": "2019-05-26",
    "symbol": "LW",
    "reportedCurrency": "USD",
    "cik": "0001679273",
    "fillingDate": "2019-07-25",
    "acceptedDate": "2019-07-25 13:44:43",
    "calendarYear": "2019",
    "period": "FY",
    "revenue": 3756500000,
    "costOfRevenue": 2753000000,
    "grossProfit": 1003500000,
    "grossProfitRatio": 0.2671369626,
    "researchAndDevelopmentExpenses": 15400000,
    "generalAndAdministrativeExpenses": 0,
    "sellingAndMarketingExpenses": 0,
    "sellingGeneralAndAdministrativeExpenses": 316400000,
    "otherExpenses": 0,
    "operatingExpenses": 331800000,
    "costAndExpenses": 3084800000,
    "interestIncome": 0,
    "interestExpense": 107100000,
    "depreciationAndAmortization": 162400000,
    "ebitda": 830800000,
    "ebitdaratio": 0.2211633169,
    "operatingIncome": 671700000,
    "operatingIncomeRatio": 0.1788100626,
    "totalOtherIncomeExpensesNet": -50900000,
    "incomeBeforeTax": 620800000,
    "incomeBeforeTaxRatio": 0.1652602156,
    "incomeTaxExpense": 133600000,
    "netIncome": 478600000,
    "netIncomeRatio": 0.1274058299,
    "eps": 3.19,
    "epsdiluted": 3.18,
    "weightedAverageShsOut": 146500000,
    "weightedAverageShsOutDil": 147300000,
    "link": "https://www.sec.gov/Archives/edgar/data/1679273/000155837019006311/0001558370-19-006311-index.htm",
    "finalLink": "https://www.sec.gov/Archives/edgar/data/1679273/000155837019006311/lw-20190526x10k.htm"
  },
  {
    "date": "2018-05-27",
    "symbol": "LW",
    "reportedCurrency": "USD",
    "cik": "0001679273",
    "fillingDate": "2018-07-26",
    "acceptedDate": "2018-07-25 17:59:46",
    "calendarYear": "2018",
    "period": "FY",
    "revenue": 3423700000,
    "costOfRevenue": 2544200000,
    "grossProfit": 879500000,
    "grossProfitRatio": 0.2568858253,
    "researchAndDevelopmentExpenses": 13500000,
    "generalAndAdministrativeExpenses": 0,
    "sellingAndMarketingExpenses": 0,
    "sellingGeneralAndAdministrativeExpenses": 281900000,
    "otherExpenses": 0,
    "operatingExpenses": 295400000,
    "costAndExpenses": 2839600000,
    "interestIncome": 0,
    "interestExpense": 108800000,
    "depreciationAndAmortization": 143300000,
    "ebitda": 723400000,
    "ebitdaratio": 0.2112918772,
    "operatingIncome": 584100000,
    "operatingIncomeRatio": 0.1706049011,
    "totalOtherIncomeExpensesNet": -29200000,
    "incomeBeforeTax": 554900000,
    "incomeBeforeTaxRatio": 0.1620761165,
    "incomeTaxExpense": 121200000,
    "netIncome": 416800000,
    "netIncomeRatio": 0.1217396384,
    "eps": 2.83,
    "epsdiluted": 2.82,
    "weightedAverageShsOut": 146300000,
    "weightedAverageShsOutDil": 147000000,
    "link": "https://www.sec.gov/Archives/edgar/data/1679273/000155837018005726/0001558370-18-005726-index.htm",
    "finalLink": "https://www.sec.gov/Archives/edgar/data/1679273/000155837018005726/lw-20180527x10k.htm"
  },
  {
    "date": "2017-05-28",
    "symbol": "LW",
    "reportedCurrency": "USD",
    "cik": "0001679273",
    "fillingDate": "2017-07-25",
    "acceptedDate": "2017-07-25 15:35:50",
    "calendarYear": "2017",
    "period": "FY",
    "revenue": 3168000000,
    "costOfRevenue": 2379500000,
    "grossProfit": 788500000,
    "grossProfitRatio": 0.248895202,
    "researchAndDevelopmentExpenses": 10600000,
    "generalAndAdministrativeExpenses": 0,
    "sellingAndMarketingExpenses": 0,
    "sellingGeneralAndAdministrativeExpenses": 228300000,
    "otherExpenses": 0,
    "operatingExpenses": 238900000,
    "costAndExpenses": 2618400000,
    "interestIncome": 0,
    "interestExpense": 61200000,
    "depreciationAndAmortization": 109100000,
    "ebitda": 627400000,
    "ebitdaratio": 0.1980429293,
    "operatingIncome": 549600000,
    "operatingIncomeRatio": 0.1734848485,
    "totalOtherIncomeExpensesNet": -39200000,
    "incomeBeforeTax": 510400000,
    "incomeBeforeTaxRatio": 0.1611111111,
    "incomeTaxExpense": 170200000,
    "netIncome": 326900000,
    "netIncomeRatio": 0.1031881313,
    "eps": 2.22,
    "epsdiluted": 2.22,
    "weightedAverageShsOut": 146100000,
    "weightedAverageShsOutDil": 146600000,
    "link": "https://www.sec.gov/Archives/edgar/data/1679273/000155837017005308/0001558370-17-005308-index.htm",
    "finalLink": "https://www.sec.gov/Archives/edgar/data/1679273/000155837017005308/lw-20170528x10k.htm"
  },
  {
    "date": "2016-05-31",
    "symbol": "LW",
    "reportedCurrency": "USD",
    "cik": "0001679273",
    "fillingDate": "2016-05-31",
    "acceptedDate": "2016-05-30 20:00:00",
    "calendarYear": "2016",
    "period": "FY",
    "revenue": 2993800000,
    "costOfRevenue": 2321000000,
    "grossProfit": 672800000,
    "grossProfitRatio": 0.224731111,
    "researchAndDevelopmentExpenses": 6700000,
    "generalAndAdministrativeExpenses": 0,
    "sellingAndMarketingExpenses": 0,
    "sellingGeneralAndAdministrativeExpenses": 288000000,
    "otherExpenses": 0,
    "operatingExpenses": 294700000,
    "costAndExpenses": 2615700000,
    "interestIncome": 200000,
    "interestExpense": 6100000,
    "depreciationAndAmortization": 95900000,
    "ebitda": 469200000,
    "ebitdaratio": 0.1567238961,
    "operatingIncome": 378100000,
    "operatingIncomeRatio": 0.1262943416,
    "totalOtherIncomeExpensesNet": 61000000,
    "incomeBeforeTax": 439100000,
    "incomeBeforeTaxRatio": 0.1466697842,
    "incomeTaxExpense": 144500000,
    "netIncome": 285300000,
    "netIncomeRatio": 0.095296947,
    "eps": 1.92,
    "epsdiluted": 1.92,
    "weightedAverageShsOut": 146300000,
    "weightedAverageShsOutDil": 146400000,
    "link": "",
    "finalLink": ""
  },
  {
    "date": "2015-05-31",
    "symbol": "LW",
    "reportedCurrency": "USD",
    "cik": "0001679273",
    "fillingDate": "2015-05-31",
    "acceptedDate": "2015-05-30 20:00:00",
    "calendarYear": "2015",
    "period": "FY",
    "revenue": 2925000000,
    "costOfRevenue": 2326300000,
    "grossProfit": 598700000,
    "grossProfitRatio": 0.2046837607,
    "researchAndDevelopmentExpenses": 7200000,
    "generalAndAdministrativeExpenses": 0,
    "sellingAndMarketingExpenses": 0,
    "sellingGeneralAndAdministrativeExpenses": 200300000,
    "otherExpenses": 0,
    "operatingExpenses": 207500000,
    "costAndExpenses": 2533800000,
    "interestIncome": 0,
    "interestExpense": 6100000,
    "depreciationAndAmortization": 96400000,
    "ebitda": 477800000,
    "ebitdaratio": 0.1633504274,
    "operatingIncome": 391200000,
    "operatingIncomeRatio": 0.1337435897,
    "totalOtherIncomeExpensesNet": 26800000,
    "incomeBeforeTax": 418000000,
    "incomeBeforeTaxRatio": 0.1429059829,
    "incomeTaxExpense": 140400000,
    "netIncome": 268300000,
    "netIncomeRatio": 0.0917264957,
    "eps": 1.82,
    "epsdiluted": 1.82,
    "weightedAverageShsOut": 146300000,
    "weightedAverageShsOutDil": 146400000,
    "link": "",
    "finalLink": ""
  },
  {
    "date": "2014-05-31",
    "symbol": "LW",
    "reportedCurrency": "USD",
    "cik": "0001679273",
    "fillingDate": "2014-05-31",
    "acceptedDate": "2014-05-30 20:00:00",
    "calendarYear": "2014",
    "period": "FY",
    "revenue": 2815200000,
    "costOfRevenue": 2227700000,
    "grossProfit": 587500000,
    "grossProfitRatio": 0.2086885479,
    "researchAndDevelopmentExpenses": 7600000,
    "generalAndAdministrativeExpenses": 0,
    "sellingAndMarketingExpenses": 0,
    "sellingGeneralAndAdministrativeExpenses": 213200000,
    "otherExpenses": 0,
    "operatingExpenses": 220800000,
    "costAndExpenses": 2448500000,
    "interestIncome": 300000,
    "interestExpense": 5600000,
    "depreciationAndAmortization": 79200000,
    "ebitda": 443200000,
    "ebitdaratio": 0.1574310884,
    "operatingIncome": 366700000,
    "operatingIncomeRatio": 0.1302571753,
    "totalOtherIncomeExpensesNet": 21300000,
    "incomeBeforeTax": 388000000,
    "incomeBeforeTaxRatio": 0.1378232452,
    "incomeTaxExpense": 117700000,
    "netIncome": 260900000,
    "netIncomeRatio": 0.092675476,
    "eps": 1.78,
    "epsdiluted": 1.78,
    "weightedAverageShsOut": 146300000,
    "weightedAverageShsOutDil": 146400000,
    "link": "",
    "finalLink": ""
  },
  {
    "date": "2013-05-26",
    "symbol": "LW",
    "reportedCurrency": "USD",
    "cik": "0001679273",
    "fillingDate": "2013-05-26",
    "acceptedDate": "2013-05-25 20:00:00",
    "calendarYear": "2013",
    "period": "FY",
    "revenue": 2778400000,
    "costOfRevenue": 2086199999,
    "grossProfit": 692200000,
    "grossProfitRatio": 0.2491361935,
    "researchAndDevelopmentExpenses": 8700000,
    "generalAndAdministrativeExpenses": 0,
    "sellingAndMarketingExpenses": 27500000,
    "sellingGeneralAndAdministrativeExpenses": 282500000,
    "otherExpenses": 0,
    "operatingExpenses": 291200000,
    "costAndExpenses": 2377400000,
    "interestIncome": 5300000,
    "interestExpense": 0,
    "depreciationAndAmortization": 77900000,
    "ebitda": 517200000,
    "ebitdaratio": 0.1861503023,
    "operatingIncome": 401000000,
    "operatingIncomeRatio": 0.1443276706,
    "totalOtherIncomeExpensesNet": 58200000,
    "incomeBeforeTax": 459200000,
    "incomeBeforeTaxRatio": 0.1652749784,
    "incomeTaxExpense": 151900000,
    "netIncome": 298300000,
    "netIncomeRatio": 0.1073639505,
    "eps": 2.04,
    "epsdiluted": 2.04,
    "weightedAverageShsOut": 146300000,
    "weightedAverageShsOutDil": 146400000,
    "link": null,
    "finalLink": null
  }
]