[
  {
    "date": "2025-06-30",
    "symbol": "LYB",
    "reportedCurrency": "USD",
    "cik": "0001489393",
    "fillingDate": "2025-08-01",
    "acceptedDate": "2025-08-01 12:58:46",
    "calendarYear": "2025",
    "period": "Q2",
    "revenue": 7658000000,
    "costOfRevenue": 6858000000,
    "grossProfit": 800000000,
    "grossProfitRatio": 0.104465918,
    "researchAndDevelopmentExpenses": 35000000,
    "generalAndAdministrativeExpenses": 0,
    "sellingAndMarketingExpenses": 0,
    "sellingGeneralAndAdministrativeExpenses": 435000000,
    "otherExpenses": 0,
    "operatingExpenses": 470000000,
    "costAndExpenses": 7328000000,
    "interestIncome": 21000000,
    "interestExpense": 163000000,
    "depreciationAndAmortization": 332000000,
    "ebitda": 719000000,
    "ebitdaratio": 0.0938887438,
    "operatingIncome": 330000000,
    "operatingIncomeRatio": 0.0430921912,
    "totalOtherIncomeExpensesNet": -106000000,
    "incomeBeforeTax": 224000000,
    "incomeBeforeTaxRatio": 0.029250457,
    "incomeTaxExpense": 69000000,
    "netIncome": 114000000,
    "netIncomeRatio": 0.0148863933,
    "eps": 0.34,
    "epsdiluted": 0.34,
    "weightedAverageShsOut": 322000000,
    "weightedAverageShsOutDil": 322000000,
    "link": "https://www.sec.gov/Archives/edgar/data/1489393/000148939325000041/0001489393-25-000041-index.htm",
    "finalLink": "https://www.sec.gov/Archives/edgar/data/1489393/000148939325000041/lyb-20250630.htm"
  },
  {
    "date": "2025-03-31",
    "symbol": "LYB",
    "reportedCurrency": "USD",
    "cik": "0001489393",
    "fillingDate": "2025-04-25",
    "acceptedDate": "2025-04-25 12:18:02",
    "calendarYear": "2025",
    "period": "Q1",
    "revenue": 7677000000,
    "costOfRevenue": 7128000000,
    "grossProfit": 549000000,
    "grossProfitRatio": 0.0715123095,
    "researchAndDevelopmentExpenses": 34000000,
    "generalAndAdministrativeExpenses": 0,
    "sellingAndMarketingExpenses": 0,
    "sellingGeneralAndAdministrativeExpenses": 401000000,
    "otherExpenses": 0,
    "operatingExpenses": 435000000,
    "costAndExpenses": 7563000000,
    "interestIncome": 30000000,
    "interestExpense": 107000000,
    "depreciationAndAmortization": 323000000,
    "ebitda": 489000000,
    "ebitdaratio": 0.0636967565,
    "operatingIncome": 114000000,
    "operatingIncomeRatio": 0.0148495506,
    "totalOtherIncomeExpensesNet": -55000000,
    "incomeBeforeTax": 59000000,
    "incomeBeforeTaxRatio": 0.0076852937,
    "incomeTaxExpense": 36000000,
    "netIncome": 175000000,
    "netIncomeRatio": 0.0227953628,
    "eps": 0.54,
    "epsdiluted": 0.54,
    "weightedAverageShsOut": 324000000,
    "weightedAverageShsOutDil": 324000000,
    "link": "https://www.sec.gov/Archives/edgar/data/1489393/000148939325000022/0001489393-25-000022-index.htm",
    "finalLink": "https://www.sec.gov/Archives/edgar/data/1489393/000148939325000022/lyb-20250331.htm"
  },
  {
    "date": "2024-12-31",
    "symbol": "LYB",
    "reportedCurrency": "USD",
    "cik": "0001489393",
    "fillingDate": "2025-02-27",
    "acceptedDate": "2025-02-27 14:10:24",
    "calendarYear": "2024",
    "period": "Q4",
    "revenue": 9497000000,
    "costOfRevenue": 8747000000,
    "grossProfit": 750000000,
    "grossProfitRatio": 0.078972307,
    "researchAndDevelopmentExpenses": 39000000,
    "generalAndAdministrativeExpenses": 0,
    "sellingAndMarketingExpenses": 0,
    "sellingGeneralAndAdministrativeExpenses": 426000000,
    "otherExpenses": 944000000,
    "operatingExpenses": 1409000000,
    "costAndExpenses": 10156000000,
    "interestIncome": 36000000,
    "interestExpense": 116000000,
    "depreciationAndAmortization": 389000000,
    "ebitda": -373000000,
    "ebitdaratio": -0.0392755607,
    "operatingIncome": -659000000,
    "operatingIncomeRatio": -0.0693903338,
    "totalOtherIncomeExpensesNet": -219000000,
    "incomeBeforeTax": -878000000,
    "incomeBeforeTaxRatio": -0.0924502474,
    "incomeTaxExpense": -265000000,
    "netIncome": -598000000,
    "netIncomeRatio": -0.0629672528,
    "eps": -1.88,
    "epsdiluted": -1.87,
    "weightedAverageShsOut": 325000000,
    "weightedAverageShsOutDil": 326000000,
    "link": "https://www.sec.gov/Archives/edgar/data/1489393/000148939325000008/0001489393-25-000008-index.htm",
    "finalLink": "https://www.sec.gov/Archives/edgar/data/1489393/000148939325000008/lyb-20241231.htm"
  },
  {
    "date": "2024-09-30",
    "symbol": "LYB",
    "reportedCurrency": "USD",
    "cik": "0001489393",
    "fillingDate": "2024-11-01",
    "acceptedDate": "2024-11-01 14:29:12",
    "calendarYear": "2024",
    "period": "Q3",
    "revenue": 10322000000,
    "costOfRevenue": 9080000000,
    "grossProfit": 1242000000,
    "grossProfitRatio": 0.1203255183,
    "researchAndDevelopmentExpenses": 31000000,
    "generalAndAdministrativeExpenses": 0,
    "sellingAndMarketingExpenses": 0,
    "sellingGeneralAndAdministrativeExpenses": 404000000,
    "otherExpenses": 5000000,
    "operatingExpenses": 440000000,
    "costAndExpenses": 9520000000,
    "interestIncome": 36000000,
    "interestExpense": 118000000,
    "depreciationAndAmortization": 381000000,
    "ebitda": 1210000000,
    "ebitdaratio": 0.1172253439,
    "operatingIncome": 802000000,
    "operatingIncomeRatio": 0.0776981205,
    "totalOtherIncomeExpensesNet": -91000000,
    "incomeBeforeTax": 711000000,
    "incomeBeforeTaxRatio": 0.0688819996,
    "incomeTaxExpense": 134000000,
    "netIncome": 570000000,
    "netIncomeRatio": 0.0552218562,
    "eps": 1.77,
    "epsdiluted": 1.76,
    "weightedAverageShsOut": 325000000,
    "weightedAverageShsOutDil": 326000000,
    "link": "https://www.sec.gov/Archives/edgar/data/1489393/000148939324000046/0001489393-24-000046-index.htm",
    "finalLink": "https://www.sec.gov/Archives/edgar/data/1489393/000148939324000046/lyb-20240930.htm"
  },
  {
    "date": "2024-06-30",
    "symbol": "LYB",
    "reportedCurrency": "USD",
    "cik": "0001489393",
    "fillingDate": "2024-08-02",
    "acceptedDate": "2024-08-02 12:22:42",
    "calendarYear": "2024",
    "period": "Q2",
    "revenue": 10558000000,
    "costOfRevenue": 9148000000,
    "grossProfit": 1410000000,
    "grossProfitRatio": 0.1335480205,
    "researchAndDevelopmentExpenses": 33000000,
    "generalAndAdministrativeExpenses": 0,
    "sellingAndMarketingExpenses": 0,
    "sellingGeneralAndAdministrativeExpenses": 407000000,
    "otherExpenses": 0,
    "operatingExpenses": 440000000,
    "costAndExpenses": 9588000000,
    "interestIncome": 37000000,
    "interestExpense": 120000000,
    "depreciationAndAmortization": 387000000,
    "ebitda": 1681000000,
    "ebitdaratio": 0.1592157606,
    "operatingIncome": 970000000,
    "operatingIncomeRatio": 0.0918734609,
    "totalOtherIncomeExpensesNet": 204000000,
    "incomeBeforeTax": 1174000000,
    "incomeBeforeTaxRatio": 0.1111953021,
    "incomeTaxExpense": 249000000,
    "netIncome": 923000000,
    "netIncomeRatio": 0.0874218602,
    "eps": 2.82,
    "epsdiluted": 2.82,
    "weightedAverageShsOut": 326000000,
    "weightedAverageShsOutDil": 326000000,
    "link": "https://www.sec.gov/Archives/edgar/data/1489393/000148939324000037/0001489393-24-000037-index.htm",
    "finalLink": "https://www.sec.gov/Archives/edgar/data/1489393/000148939324000037/lyb-20240630.htm"
  },
  {
    "date": "2024-03-31",
    "symbol": "LYB",
    "reportedCurrency": "USD",
    "cik": "0001489393",
    "fillingDate": "2024-04-26",
    "acceptedDate": "2024-04-26 13:56:11",
    "calendarYear": "2024",
    "period": "Q1",
    "revenue": 8304000000,
    "costOfRevenue": 7200000000,
    "grossProfit": 1104000000,
    "grossProfitRatio": 0.1329479769,
    "researchAndDevelopmentExpenses": 32000000,
    "generalAndAdministrativeExpenses": 0,
    "sellingAndMarketingExpenses": 0,
    "sellingGeneralAndAdministrativeExpenses": 421000000,
    "otherExpenses": 0,
    "operatingExpenses": 453000000,
    "costAndExpenses": 7653000000,
    "interestIncome": 41000000,
    "interestExpense": 127000000,
    "depreciationAndAmortization": 365000000,
    "ebitda": 1035000000,
    "ebitdaratio": 0.1246387283,
    "operatingIncome": 651000000,
    "operatingIncomeRatio": 0.0783959538,
    "totalOtherIncomeExpensesNet": -108000000,
    "incomeBeforeTax": 543000000,
    "incomeBeforeTaxRatio": 0.0653901734,
    "incomeTaxExpense": 110000000,
    "netIncome": 471000000,
    "netIncomeRatio": 0.0567196532,
    "eps": 1.45,
    "epsdiluted": 1.44,
    "weightedAverageShsOut": 325000000,
    "weightedAverageShsOutDil": 326000000,
    "link": "https://www.sec.gov/Archives/edgar/data/1489393/000148939324000020/0001489393-24-000020-index.htm",
    "finalLink": "https://www.sec.gov/Archives/edgar/data/1489393/000148939324000020/lyb-20240331.htm"
  },
  {
    "date": "2023-12-31",
    "symbol": "LYB",
    "reportedCurrency": "USD",
    "cik": "0001489393",
    "fillingDate": "2024-02-22",
    "acceptedDate": "2024-02-22 15:28:32",
    "calendarYear": "2023",
    "period": "Q4",
    "revenue": 9929000000,
    "costOfRevenue": 8940000000,
    "grossProfit": 989000000,
    "grossProfitRatio": 0.0996072112,
    "researchAndDevelopmentExpenses": 34000000,
    "generalAndAdministrativeExpenses": 0,
    "sellingAndMarketingExpenses": 0,
    "sellingGeneralAndAdministrativeExpenses": 399000000,
    "otherExpenses": 241000000,
    "operatingExpenses": 674000000,
    "costAndExpenses": 9614000000,
    "interestIncome": 41000000,
    "interestExpense": 121000000,
    "depreciationAndAmortization": 380000000,
    "ebitda": 680000000,
    "ebitdaratio": 0.0684862524,
    "operatingIncome": 315000000,
    "operatingIncomeRatio": 0.0317252493,
    "totalOtherIncomeExpensesNet": -136000000,
    "incomeBeforeTax": 179000000,
    "incomeBeforeTaxRatio": 0.0180279988,
    "incomeTaxExpense": -7000000,
    "netIncome": 183000000,
    "netIncomeRatio": 0.0184308591,
    "eps": 0.56,
    "epsdiluted": 0.56,
    "weightedAverageShsOut": 324483402,
    "weightedAverageShsOutDil": 326000000,
    "link": "https://www.sec.gov/Archives/edgar/data/1489393/000148939324000012/0001489393-24-000012-index.htm",
    "finalLink": "https://www.sec.gov/Archives/edgar/data/1489393/000148939324000012/lyb-20231231.htm"
  },
  {
    "date": "2023-09-30",
    "symbol": "LYB",
    "reportedCurrency": "USD",
    "cik": "0001489393",
    "fillingDate": "2023-10-27",
    "acceptedDate": "2023-10-27 13:45:50",
    "calendarYear": "2023",
    "period": "Q3",
    "revenue": 10625000000,
    "costOfRevenue": 9177000000,
    "grossProfit": 1448000000,
    "grossProfitRatio": 0.1362823529,
    "researchAndDevelopmentExpenses": 31000000,
    "generalAndAdministrativeExpenses": 0,
    "sellingAndMarketingExpenses": 0,
    "sellingGeneralAndAdministrativeExpenses": 378000000,
    "otherExpenses": 25000000,
    "operatingExpenses": 434000000,
    "costAndExpenses": 9611000000,
    "interestIncome": 37000000,
    "interestExpense": 125000000,
    "depreciationAndAmortization": 367000000,
    "ebitda": 1393000000,
    "ebitdaratio": 0.1311058824,
    "operatingIncome": 1014000000,
    "operatingIncomeRatio": 0.0954352941,
    "totalOtherIncomeExpensesNet": -113000000,
    "incomeBeforeTax": 901000000,
    "incomeBeforeTaxRatio": 0.0848,
    "incomeTaxExpense": 153000000,
    "netIncome": 745000000,
    "netIncomeRatio": 0.0701176471,
    "eps": 2.29,
    "epsdiluted": 2.29,
    "weightedAverageShsOut": 324000000,
    "weightedAverageShsOutDil": 325000000,
    "link": "https://www.sec.gov/Archives/edgar/data/1489393/000148939323000043/0001489393-23-000043-index.htm",
    "finalLink": "https://www.sec.gov/Archives/edgar/data/1489393/000148939323000043/lyb-20230930.htm"
  },
  {
    "date": "2023-06-30",
    "symbol": "LYB",
    "reportedCurrency": "USD",
    "cik": "0001489393",
    "fillingDate": "2023-08-04",
    "acceptedDate": "2023-08-04 13:48:01",
    "calendarYear": "2023",
    "period": "Q2",
    "revenue": 10306000000,
    "costOfRevenue": 8868000000,
    "grossProfit": 1438000000,
    "grossProfitRatio": 0.1395303707,
    "researchAndDevelopmentExpenses": 32000000,
    "generalAndAdministrativeExpenses": 0,
    "sellingAndMarketingExpenses": 0,
    "sellingGeneralAndAdministrativeExpenses": 395000000,
    "otherExpenses": 0,
    "operatingExpenses": 427000000,
    "costAndExpenses": 9295000000,
    "interestIncome": 28000000,
    "interestExpense": 115000000,
    "depreciationAndAmortization": 391000000,
    "ebitda": 1411000000,
    "ebitdaratio": 0.1369105376,
    "operatingIncome": 1011000000,
    "operatingIncomeRatio": 0.0980981952,
    "totalOtherIncomeExpensesNet": -106000000,
    "incomeBeforeTax": 905000000,
    "incomeBeforeTaxRatio": 0.0878129245,
    "incomeTaxExpense": 188000000,
    "netIncome": 714000000,
    "netIncomeRatio": 0.069280031,
    "eps": 2.18,
    "epsdiluted": 2.18,
    "weightedAverageShsOut": 325000000,
    "weightedAverageShsOutDil": 326000000,
    "link": "https://www.sec.gov/Archives/edgar/data/1489393/000148939323000037/0001489393-23-000037-index.htm",
    "finalLink": "https://www.sec.gov/Archives/edgar/data/1489393/000148939323000037/lyb-20230630.htm"
  },
  {
    "date": "2023-03-31",
    "symbol": "LYB",
    "reportedCurrency": "USD",
    "cik": "0001489393",
    "fillingDate": "2023-04-28",
    "acceptedDate": "2023-04-28 12:58:56",
    "calendarYear": "2023",
    "period": "Q1",
    "revenue": 10247000000,
    "costOfRevenue": 8864000000,
    "grossProfit": 1383000000,
    "grossProfitRatio": 0.1349663316,
    "researchAndDevelopmentExpenses": 33000000,
    "generalAndAdministrativeExpenses": 0,
    "sellingAndMarketingExpenses": 0,
    "sellingGeneralAndAdministrativeExpenses": 385000000,
    "otherExpenses": 252000000,
    "operatingExpenses": 670000000,
    "costAndExpenses": 9534000000,
    "interestIncome": 23000000,
    "interestExpense": 116000000,
    "depreciationAndAmortization": 396000000,
    "ebitda": 1154000000,
    "ebitdaratio": 0.1126183273,
    "operatingIncome": 713000000,
    "operatingIncomeRatio": 0.0695813409,
    "totalOtherIncomeExpensesNet": -71000000,
    "incomeBeforeTax": 642000000,
    "incomeBeforeTaxRatio": 0.0626524837,
    "incomeTaxExpense": 167000000,
    "netIncome": 472000000,
    "netIncomeRatio": 0.0460622621,
    "eps": 1.44,
    "epsdiluted": 1.44,
    "weightedAverageShsOut": 326000000,
    "weightedAverageShsOutDil": 327000000,
    "link": "https://www.sec.gov/Archives/edgar/data/1489393/000148939323000025/0001489393-23-000025-index.htm",
    "finalLink": "https://www.sec.gov/Archives/edgar/data/1489393/000148939323000025/lyb-20230331.htm"
  },
  {
    "date": "2022-12-31",
    "symbol": "LYB",
    "reportedCurrency": "USD",
    "cik": "0001489393",
    "fillingDate": "2023-02-23",
    "acceptedDate": "2023-02-23 13:54:39",
    "calendarYear": "2022",
    "period": "Q4",
    "revenue": 10206000000,
    "costOfRevenue": 9356000000,
    "grossProfit": 850000000,
    "grossProfitRatio": 0.0832843425,
    "researchAndDevelopmentExpenses": 29000000,
    "generalAndAdministrativeExpenses": 0,
    "sellingAndMarketingExpenses": 0,
    "sellingGeneralAndAdministrativeExpenses": 334000000,
    "otherExpenses": 0,
    "operatingExpenses": 363000000,
    "costAndExpenses": 9719000000,
    "interestIncome": 16000000,
    "interestExpense": 85000000,
    "depreciationAndAmortization": 334000000,
    "ebitda": 808000000,
    "ebitdaratio": 0.0791691162,
    "operatingIncome": 487000000,
    "operatingIncomeRatio": 0.0477170292,
    "totalOtherIncomeExpensesNet": -98000000,
    "incomeBeforeTax": 389000000,
    "incomeBeforeTaxRatio": 0.0381148344,
    "incomeTaxExpense": 34000000,
    "netIncome": 351000000,
    "netIncomeRatio": 0.0343915344,
    "eps": 1.07,
    "epsdiluted": 1.07,
    "weightedAverageShsOut": 325723567,
    "weightedAverageShsOutDil": 327000000,
    "link": "https://www.sec.gov/Archives/edgar/data/1489393/000148939323000006/0001489393-23-000006-index.htm",
    "finalLink": "https://www.sec.gov/Archives/edgar/data/1489393/000148939323000006/lyb-20221231.htm"
  },
  {
    "date": "2022-09-30",
    "symbol": "LYB",
    "reportedCurrency": "USD",
    "cik": "0001489393",
    "fillingDate": "2022-10-28",
    "acceptedDate": "2022-10-28 12:35:16",
    "calendarYear": "2022",
    "period": "Q3",
    "revenue": 12250000000,
    "costOfRevenue": 11088000000,
    "grossProfit": 1162000000,
    "grossProfitRatio": 0.0948571429,
    "researchAndDevelopmentExpenses": 31000000,
    "generalAndAdministrativeExpenses": 0,
    "sellingAndMarketingExpenses": 0,
    "sellingGeneralAndAdministrativeExpenses": 319000000,
    "otherExpenses": 0,
    "operatingExpenses": 350000000,
    "costAndExpenses": 11438000000,
    "interestIncome": 7000000,
    "interestExpense": 70000000,
    "depreciationAndAmortization": 318000000,
    "ebitda": 1115000000,
    "ebitdaratio": 0.0910204082,
    "operatingIncome": 812000000,
    "operatingIncomeRatio": 0.0662857143,
    "totalOtherIncomeExpensesNet": -85000000,
    "incomeBeforeTax": 727000000,
    "incomeBeforeTaxRatio": 0.0593469388,
    "incomeTaxExpense": 154000000,
    "netIncome": 570000000,
    "netIncomeRatio": 0.0465306122,
    "eps": 1.75,
    "epsdiluted": 1.74,
    "weightedAverageShsOut": 326000000,
    "weightedAverageShsOutDil": 327000000,
    "link": "https://www.sec.gov/Archives/edgar/data/1489393/000148939322000046/0001489393-22-000046-index.htm",
    "finalLink": "https://www.sec.gov/Archives/edgar/data/1489393/000148939322000046/lyb-20220930.htm"
  },
  {
    "date": "2022-06-30",
    "symbol": "LYB",
    "reportedCurrency": "USD",
    "cik": "0001489393",
    "fillingDate": "2022-07-29",
    "acceptedDate": "2022-07-29 12:28:32",
    "calendarYear": "2022",
    "period": "Q2",
    "revenue": 14838000000,
    "costOfRevenue": 12267000000,
    "grossProfit": 2571000000,
    "grossProfitRatio": 0.1732713304,
    "researchAndDevelopmentExpenses": 32000000,
    "generalAndAdministrativeExpenses": 0,
    "sellingAndMarketingExpenses": 0,
    "sellingGeneralAndAdministrativeExpenses": 329000000,
    "otherExpenses": 69000000,
    "operatingExpenses": 430000000,
    "costAndExpenses": 12697000000,
    "interestIncome": 4000000,
    "interestExpense": 58000000,
    "depreciationAndAmortization": 304000000,
    "ebitda": 2385000000,
    "ebitdaratio": 0.1607359482,
    "operatingIncome": 2141000000,
    "operatingIncomeRatio": 0.1442916835,
    "totalOtherIncomeExpensesNet": -118000000,
    "incomeBeforeTax": 2023000000,
    "incomeBeforeTaxRatio": 0.1363391293,
    "incomeTaxExpense": 378000000,
    "netIncome": 1643000000,
    "netIncomeRatio": 0.1107292088,
    "eps": 5.06,
    "epsdiluted": 4.99,
    "weightedAverageShsOut": 325000000,
    "weightedAverageShsOutDil": 329000000,
    "link": "https://www.sec.gov/Archives/edgar/data/1489393/000148939322000037/0001489393-22-000037-index.htm",
    "finalLink": "https://www.sec.gov/Archives/edgar/data/1489393/000148939322000037/lyb-20220630.htm"
  },
  {
    "date": "2022-03-31",
    "symbol": "LYB",
    "reportedCurrency": "USD",
    "cik": "0001489393",
    "fillingDate": "2022-04-29",
    "acceptedDate": "2022-04-29 12:48:22",
    "calendarYear": "2022",
    "period": "Q1",
    "revenue": 13157000000,
    "costOfRevenue": 11136000000,
    "grossProfit": 2021000000,
    "grossProfitRatio": 0.1536064452,
    "researchAndDevelopmentExpenses": 32000000,
    "generalAndAdministrativeExpenses": 0,
    "sellingAndMarketingExpenses": 0,
    "sellingGeneralAndAdministrativeExpenses": 328000000,
    "otherExpenses": 0,
    "operatingExpenses": 360000000,
    "costAndExpenses": 11496000000,
    "interestIncome": 2000000,
    "interestExpense": 74000000,
    "depreciationAndAmortization": 311000000,
    "ebitda": 2022000000,
    "ebitdaratio": 0.1536824504,
    "operatingIncome": 1661000000,
    "operatingIncomeRatio": 0.1262445846,
    "totalOtherIncomeExpensesNet": -24000000,
    "incomeBeforeTax": 1637000000,
    "incomeBeforeTaxRatio": 0.1244204606,
    "incomeTaxExpense": 316000000,
    "netIncome": 1318000000,
    "netIncomeRatio": 0.1001748119,
    "eps": 4.02,
    "epsdiluted": 4.01,
    "weightedAverageShsOut": 328000000,
    "weightedAverageShsOutDil": 329000000,
    "link": "https://www.sec.gov/Archives/edgar/data/1489393/000148939322000020/0001489393-22-000020-index.htm",
    "finalLink": "https://www.sec.gov/Archives/edgar/data/1489393/000148939322000020/lyb-20220331.htm"
  },
  {
    "date": "2021-12-31",
    "symbol": "LYB",
    "reportedCurrency": "USD",
    "cik": "0001489393",
    "fillingDate": "2022-02-24",
    "acceptedDate": "2022-02-24 16:32:58",
    "calendarYear": "2021",
    "period": "Q4",
    "revenue": 12830000000,
    "costOfRevenue": 10934000000,
    "grossProfit": 1896000000,
    "grossProfitRatio": 0.1477786438,
    "researchAndDevelopmentExpenses": 33000000,
    "generalAndAdministrativeExpenses": 0,
    "sellingAndMarketingExpenses": 0,
    "sellingGeneralAndAdministrativeExpenses": 328000000,
    "otherExpenses": 624000000,
    "operatingExpenses": 985000000,
    "costAndExpenses": 11919000000,
    "interestIncome": 1000000,
    "interestExpense": 153000000,
    "depreciationAndAmortization": 377000000,
    "ebitda": 1396000000,
    "ebitdaratio": 0.1088074825,
    "operatingIncome": 911000000,
    "operatingIncomeRatio": 0.071005456,
    "totalOtherIncomeExpensesNet": -45000000,
    "incomeBeforeTax": 866000000,
    "incomeBeforeTaxRatio": 0.0674980514,
    "incomeTaxExpense": 135000000,
    "netIncome": 724000000,
    "netIncomeRatio": 0.0564302416,
    "eps": 2.19,
    "epsdiluted": 2.19,
    "weightedAverageShsOut": 332000000,
    "weightedAverageShsOutDil": 334000000,
    "link": "https://www.sec.gov/Archives/edgar/data/1489393/000148939322000009/0001489393-22-000009-index.htm",
    "finalLink": "https://www.sec.gov/Archives/edgar/data/1489393/000148939322000009/lyb-20211231.htm"
  },
  {
    "date": "2021-09-30",
    "symbol": "LYB",
    "reportedCurrency": "USD",
    "cik": "0001489393",
    "fillingDate": "2021-10-29",
    "acceptedDate": "2021-10-29 12:55:39",
    "calendarYear": "2021",
    "period": "Q3",
    "revenue": 12700000000,
    "costOfRevenue": 10109000000,
    "grossProfit": 2591000000,
    "grossProfitRatio": 0.204015748,
    "researchAndDevelopmentExpenses": 30000000,
    "generalAndAdministrativeExpenses": 0,
    "sellingAndMarketingExpenses": 0,
    "sellingGeneralAndAdministrativeExpenses": 313000000,
    "otherExpenses": 0,
    "operatingExpenses": 343000000,
    "costAndExpenses": 10452000000,
    "interestIncome": 1000000,
    "interestExpense": 126000000,
    "depreciationAndAmortization": 351000000,
    "ebitda": 2692000000,
    "ebitdaratio": 0.2119685039,
    "operatingIncome": 2248000000,
    "operatingIncomeRatio": 0.177007874,
    "totalOtherIncomeExpensesNet": -33000000,
    "incomeBeforeTax": 2215000000,
    "incomeBeforeTaxRatio": 0.1744094488,
    "incomeTaxExpense": 452000000,
    "netIncome": 1760000000,
    "netIncomeRatio": 0.1385826772,
    "eps": 5.25,
    "epsdiluted": 5.25,
    "weightedAverageShsOut": 334000000,
    "weightedAverageShsOutDil": 334000000,
    "link": "https://www.sec.gov/Archives/edgar/data/1489393/000148939321000046/0001489393-21-000046-index.htm",
    "finalLink": "https://www.sec.gov/Archives/edgar/data/1489393/000148939321000046/lyb-20210930.htm"
  },
  {
    "date": "2021-06-30",
    "symbol": "LYB",
    "reportedCurrency": "USD",
    "cik": "0001489393",
    "fillingDate": "2021-07-30",
    "acceptedDate": "2021-07-30 14:32:05",
    "calendarYear": "2021",
    "period": "Q2",
    "revenue": 11561000000,
    "costOfRevenue": 8676000000,
    "grossProfit": 2885000000,
    "grossProfitRatio": 0.249545887,
    "researchAndDevelopmentExpenses": 32000000,
    "generalAndAdministrativeExpenses": 0,
    "sellingAndMarketingExpenses": 0,
    "sellingGeneralAndAdministrativeExpenses": 327000000,
    "otherExpenses": 0,
    "operatingExpenses": 359000000,
    "costAndExpenses": 9035000000,
    "interestIncome": 5000000,
    "interestExpense": 130000000,
    "depreciationAndAmortization": 330000000,
    "ebitda": 3023000000,
    "ebitdaratio": 0.2614825707,
    "operatingIncome": 2526000000,
    "operatingIncomeRatio": 0.2184932099,
    "totalOtherIncomeExpensesNet": 37000000,
    "incomeBeforeTax": 2563000000,
    "incomeBeforeTaxRatio": 0.2216936251,
    "incomeTaxExpense": 506000000,
    "netIncome": 2058000000,
    "netIncomeRatio": 0.1780122827,
    "eps": 6.14,
    "epsdiluted": 6.13,
    "weightedAverageShsOut": 334000000,
    "weightedAverageShsOutDil": 335000000,
    "link": "https://www.sec.gov/Archives/edgar/data/1489393/000148939321000039/0001489393-21-000039-index.htm",
    "finalLink": "https://www.sec.gov/Archives/edgar/data/1489393/000148939321000039/lyb-20210630.htm"
  },
  {
    "date": "2021-03-31",
    "symbol": "LYB",
    "reportedCurrency": "USD",
    "cik": "0001489393",
    "fillingDate": "2021-04-30",
    "acceptedDate": "2021-04-30 12:33:35",
    "calendarYear": "2021",
    "period": "Q1",
    "revenue": 9082000000,
    "costOfRevenue": 7678000000,
    "grossProfit": 1404000000,
    "grossProfitRatio": 0.1545914997,
    "researchAndDevelopmentExpenses": 29000000,
    "generalAndAdministrativeExpenses": 0,
    "sellingAndMarketingExpenses": 0,
    "sellingGeneralAndAdministrativeExpenses": 287000000,
    "otherExpenses": 0,
    "operatingExpenses": 316000000,
    "costAndExpenses": 7994000000,
    "interestIncome": 2000000,
    "interestExpense": 110000000,
    "depreciationAndAmortization": 335000000,
    "ebitda": 1587000000,
    "ebitdaratio": 0.1747412464,
    "operatingIncome": 1088000000,
    "operatingIncomeRatio": 0.1197974015,
    "totalOtherIncomeExpensesNet": 54000000,
    "incomeBeforeTax": 1142000000,
    "incomeBeforeTaxRatio": 0.1257432284,
    "incomeTaxExpense": 70000000,
    "netIncome": 1068000000,
    "netIncomeRatio": 0.1175952433,
    "eps": 3.19,
    "epsdiluted": 3.18,
    "weightedAverageShsOut": 334000000,
    "weightedAverageShsOutDil": 334000000,
    "link": "https://www.sec.gov/Archives/edgar/data/1489393/000148939321000014/0001489393-21-000014-index.htm",
    "finalLink": "https://www.sec.gov/Archives/edgar/data/1489393/000148939321000014/lyb-20210331.htm"
  },
  {
    "date": "2020-12-31",
    "symbol": "LYB",
    "reportedCurrency": "USD",
    "cik": "0001489393",
    "fillingDate": "2021-02-25",
    "acceptedDate": "2021-02-25 16:11:07",
    "calendarYear": "2020",
    "period": "Q4",
    "revenue": 7937000000,
    "costOfRevenue": 6712000000,
    "grossProfit": 1225000000,
    "grossProfitRatio": 0.1543404309,
    "researchAndDevelopmentExpenses": 34000000,
    "generalAndAdministrativeExpenses": 0,
    "sellingAndMarketingExpenses": 0,
    "sellingGeneralAndAdministrativeExpenses": 298000000,
    "otherExpenses": 0,
    "operatingExpenses": 332000000,
    "costAndExpenses": 7044000000,
    "interestIncome": 2000000,
    "interestExpense": 190000000,
    "depreciationAndAmortization": 329000000,
    "ebitda": 1415000000,
    "ebitdaratio": 0.1782789467,
    "operatingIncome": 893000000,
    "operatingIncomeRatio": 0.1125110243,
    "totalOtherIncomeExpensesNet": 3000000,
    "incomeBeforeTax": 896000000,
    "incomeBeforeTaxRatio": 0.1128890009,
    "incomeTaxExpense": 39000000,
    "netIncome": 853000000,
    "netIncomeRatio": 0.1074713368,
    "eps": 2.55,
    "epsdiluted": 2.55,
    "weightedAverageShsOut": 333789068,
    "weightedAverageShsOutDil": 334000000,
    "link": "https://www.sec.gov/Archives/edgar/data/1489393/000148939321000007/0001489393-21-000007-index.htm",
    "finalLink": "https://www.sec.gov/Archives/edgar/data/1489393/000148939321000007/lyb-20201231.htm"
  },
  {
    "date": "2020-09-30",
    "symbol": "LYB",
    "reportedCurrency": "USD",
    "cik": "0001489393",
    "fillingDate": "2020-10-30",
    "acceptedDate": "2020-10-30 12:25:50",
    "calendarYear": "2020",
    "period": "Q3",
    "revenue": 6776000000,
    "costOfRevenue": 5885000000,
    "grossProfit": 891000000,
    "grossProfitRatio": 0.1314935065,
    "researchAndDevelopmentExpenses": 27000000,
    "generalAndAdministrativeExpenses": 0,
    "sellingAndMarketingExpenses": 0,
    "sellingGeneralAndAdministrativeExpenses": 259000000,
    "otherExpenses": 582000000,
    "operatingExpenses": 868000000,
    "costAndExpenses": 6753000000,
    "interestIncome": 3000000,
    "interestExpense": 122000000,
    "depreciationAndAmortization": 358000000,
    "ebitda": 469000000,
    "ebitdaratio": 0.069214876,
    "operatingIncome": 23000000,
    "operatingIncomeRatio": 0.0033943329,
    "totalOtherIncomeExpensesNet": -34000000,
    "incomeBeforeTax": -11000000,
    "incomeBeforeTaxRatio": -0.0016233766,
    "incomeTaxExpense": -125000000,
    "netIncome": 112000000,
    "netIncomeRatio": 0.0165289256,
    "eps": 0.33,
    "epsdiluted": 0.33,
    "weightedAverageShsOut": 334000000,
    "weightedAverageShsOutDil": 334000000,
    "link": "https://www.sec.gov/Archives/edgar/data/1489393/000148939320000068/0001489393-20-000068-index.htm",
    "finalLink": "https://www.sec.gov/Archives/edgar/data/1489393/000148939320000068/lyb-20200930.htm"
  },
  {
    "date": "2020-06-30",
    "symbol": "LYB",
    "reportedCurrency": "USD",
    "cik": "0001489393",
    "fillingDate": "2020-07-31",
    "acceptedDate": "2020-07-31 13:02:18",
    "calendarYear": "2020",
    "period": "Q2",
    "revenue": 5546000000,
    "costOfRevenue": 4894000000,
    "grossProfit": 652000000,
    "grossProfitRatio": 0.117562207,
    "researchAndDevelopmentExpenses": 25000000,
    "generalAndAdministrativeExpenses": 0,
    "sellingAndMarketingExpenses": 0,
    "sellingGeneralAndAdministrativeExpenses": 288000000,
    "otherExpenses": 0,
    "operatingExpenses": 313000000,
    "costAndExpenses": 5207000000,
    "interestIncome": 4000000,
    "interestExpense": 125000000,
    "depreciationAndAmortization": 356000000,
    "ebitda": 764000000,
    "ebitdaratio": 0.1377569419,
    "operatingIncome": 339000000,
    "operatingIncomeRatio": 0.0611251352,
    "totalOtherIncomeExpensesNet": -56000000,
    "incomeBeforeTax": 283000000,
    "incomeBeforeTaxRatio": 0.0510277678,
    "incomeTaxExpense": -32000000,
    "netIncome": 313000000,
    "netIncomeRatio": 0.0564370718,
    "eps": 0.94,
    "epsdiluted": 0.94,
    "weightedAverageShsOut": 334000000,
    "weightedAverageShsOutDil": 334000000,
    "link": "https://www.sec.gov/Archives/edgar/data/1489393/000148939320000049/0001489393-20-000049-index.htm",
    "finalLink": "https://www.sec.gov/Archives/edgar/data/1489393/000148939320000049/lyb-20200630.htm"
  },
  {
    "date": "2020-03-31",
    "symbol": "LYB",
    "reportedCurrency": "USD",
    "cik": "0001489393",
    "fillingDate": "2020-05-01",
    "acceptedDate": "2020-05-01 13:01:00",
    "calendarYear": "2020",
    "period": "Q1",
    "revenue": 7494000000,
    "costOfRevenue": 6868000000,
    "grossProfit": 626000000,
    "grossProfitRatio": 0.0835334935,
    "researchAndDevelopmentExpenses": 27000000,
    "generalAndAdministrativeExpenses": 0,
    "sellingAndMarketingExpenses": 0,
    "sellingGeneralAndAdministrativeExpenses": 295000000,
    "otherExpenses": 0,
    "operatingExpenses": 322000000,
    "costAndExpenses": 7190000000,
    "interestIncome": 3000000,
    "interestExpense": 89000000,
    "depreciationAndAmortization": 342000000,
    "ebitda": 649000000,
    "ebitdaratio": 0.0866026154,
    "operatingIncome": 304000000,
    "operatingIncomeRatio": 0.040565786,
    "totalOtherIncomeExpensesNet": -86000000,
    "incomeBeforeTax": 218000000,
    "incomeBeforeTaxRatio": 0.0290899386,
    "incomeTaxExpense": 75000000,
    "netIncome": 142000000,
    "netIncomeRatio": 0.0189484921,
    "eps": 0.42,
    "epsdiluted": 0.42,
    "weightedAverageShsOut": 334000000,
    "weightedAverageShsOutDil": 334000000,
    "link": "https://www.sec.gov/Archives/edgar/data/1489393/000148939320000030/0001489393-20-000030-index.htm",
    "finalLink": "https://www.sec.gov/Archives/edgar/data/1489393/000148939320000030/lyb-20200331.htm"
  },
  {
    "date": "2019-12-31",
    "symbol": "LYB",
    "reportedCurrency": "USD",
    "cik": "0001489393",
    "fillingDate": "2020-02-20",
    "acceptedDate": "2020-02-20 16:30:38",
    "calendarYear": "2019",
    "period": "Q4",
    "revenue": 8179000000,
    "costOfRevenue": 7044000000,
    "grossProfit": 1135000000,
    "grossProfitRatio": 0.1387700208,
    "researchAndDevelopmentExpenses": 30000000,
    "generalAndAdministrativeExpenses": 0,
    "sellingAndMarketingExpenses": 0,
    "sellingGeneralAndAdministrativeExpenses": 307000000,
    "otherExpenses": 0,
    "operatingExpenses": 337000000,
    "costAndExpenses": 7381000000,
    "interestIncome": 3000000,
    "interestExpense": 88000000,
    "depreciationAndAmortization": 335000000,
    "ebitda": 1175000000,
    "ebitdaratio": 0.1436605942,
    "operatingIncome": 798000000,
    "operatingIncomeRatio": 0.0975669397,
    "totalOtherIncomeExpensesNet": -46000000,
    "incomeBeforeTax": 752000000,
    "incomeBeforeTaxRatio": 0.0919427803,
    "incomeTaxExpense": 140000000,
    "netIncome": 605000000,
    "netIncomeRatio": 0.073969923,
    "eps": 1.84,
    "epsdiluted": 1.84,
    "weightedAverageShsOut": 332000000,
    "weightedAverageShsOutDil": 332000000,
    "link": "https://www.sec.gov/Archives/edgar/data/1489393/000148939320000009/0001489393-20-000009-index.htm",
    "finalLink": "https://www.sec.gov/Archives/edgar/data/1489393/000148939320000009/a2019q410k.htm"
  },
  {
    "date": "2019-09-30",
    "symbol": "LYB",
    "reportedCurrency": "USD",
    "cik": "0001489393",
    "fillingDate": "2019-11-01",
    "acceptedDate": "2019-11-01 12:40:04",
    "calendarYear": "2019",
    "period": "Q3",
    "revenue": 8722000000,
    "costOfRevenue": 7269000000,
    "grossProfit": 1453000000,
    "grossProfitRatio": 0.1665902316,
    "researchAndDevelopmentExpenses": 26000000,
    "generalAndAdministrativeExpenses": 0,
    "sellingAndMarketingExpenses": 0,
    "sellingGeneralAndAdministrativeExpenses": 303000000,
    "otherExpenses": 0,
    "operatingExpenses": 329000000,
    "costAndExpenses": 7598000000,
    "interestIncome": 5000000,
    "interestExpense": 86000000,
    "depreciationAndAmortization": 327000000,
    "ebitda": 1518000000,
    "ebitdaratio": 0.1740426508,
    "operatingIncome": 1124000000,
    "operatingIncomeRatio": 0.1288695253,
    "totalOtherIncomeExpensesNet": -19000000,
    "incomeBeforeTax": 1105000000,
    "incomeBeforeTaxRatio": 0.1266911259,
    "incomeTaxExpense": 136000000,
    "netIncome": 963000000,
    "netIncomeRatio": 0.1104104563,
    "eps": 2.85,
    "epsdiluted": 2.85,
    "weightedAverageShsOut": 337000000,
    "weightedAverageShsOutDil": 337000000,
    "link": "https://www.sec.gov/Archives/edgar/data/1489393/000148939319000068/0001489393-19-000068-index.htm",
    "finalLink": "https://www.sec.gov/Archives/edgar/data/1489393/000148939319000068/a2019q310-qdocument.htm"
  },
  {
    "date": "2019-06-30",
    "symbol": "LYB",
    "reportedCurrency": "USD",
    "cik": "0001489393",
    "fillingDate": "2019-08-02",
    "acceptedDate": "2019-08-02 13:38:13",
    "calendarYear": "2019",
    "period": "Q2",
    "revenue": 9048000000,
    "costOfRevenue": 7542000000,
    "grossProfit": 1506000000,
    "grossProfitRatio": 0.1664456233,
    "researchAndDevelopmentExpenses": 27000000,
    "generalAndAdministrativeExpenses": 0,
    "sellingAndMarketingExpenses": 0,
    "sellingGeneralAndAdministrativeExpenses": 302000000,
    "otherExpenses": 0,
    "operatingExpenses": 329000000,
    "costAndExpenses": 7871000000,
    "interestIncome": 5000000,
    "interestExpense": 81000000,
    "depreciationAndAmortization": 328000000,
    "ebitda": 1584000000,
    "ebitdaratio": 0.175066313,
    "operatingIncome": 1177000000,
    "operatingIncomeRatio": 0.1300839965,
    "totalOtherIncomeExpensesNet": -2000000,
    "incomeBeforeTax": 1175000000,
    "incomeBeforeTaxRatio": 0.1298629531,
    "incomeTaxExpense": 169000000,
    "netIncome": 1002000000,
    "netIncomeRatio": 0.1107427056,
    "eps": 2.7,
    "epsdiluted": 2.7,
    "weightedAverageShsOut": 370000000,
    "weightedAverageShsOutDil": 370000000,
    "link": "https://www.sec.gov/Archives/edgar/data/1489393/000148939319000045/0001489393-19-000045-index.htm",
    "finalLink": "https://www.sec.gov/Archives/edgar/data/1489393/000148939319000045/a2019q210-qdocument.htm"
  },
  {
    "date": "2019-03-31",
    "symbol": "LYB",
    "reportedCurrency": "USD",
    "cik": "0001489393",
    "fillingDate": "2019-04-26",
    "acceptedDate": "2019-04-26 12:25:28",
    "calendarYear": "2019",
    "period": "Q1",
    "revenue": 8778000000,
    "costOfRevenue": 7446000000,
    "grossProfit": 1332000000,
    "grossProfitRatio": 0.1517429938,
    "researchAndDevelopmentExpenses": 28000000,
    "generalAndAdministrativeExpenses": 0,
    "sellingAndMarketingExpenses": 0,
    "sellingGeneralAndAdministrativeExpenses": 287000000,
    "otherExpenses": 0,
    "operatingExpenses": 315000000,
    "costAndExpenses": 7761000000,
    "interestIncome": 6000000,
    "interestExpense": 92000000,
    "depreciationAndAmortization": 322000000,
    "ebitda": 1434000000,
    "ebitdaratio": 0.1633629528,
    "operatingIncome": 1017000000,
    "operatingIncomeRatio": 0.1158578264,
    "totalOtherIncomeExpensesNet": 3000000,
    "incomeBeforeTax": 1020000000,
    "incomeBeforeTaxRatio": 0.1161995899,
    "incomeTaxExpense": 203000000,
    "netIncome": 815000000,
    "netIncomeRatio": 0.0928457507,
    "eps": 2.19,
    "epsdiluted": 2.19,
    "weightedAverageShsOut": 372000000,
    "weightedAverageShsOutDil": 372000000,
    "link": "https://www.sec.gov/Archives/edgar/data/1489393/000148939319000022/0001489393-19-000022-index.htm",
    "finalLink": "https://www.sec.gov/Archives/edgar/data/1489393/000148939319000022/a2019q110-qdocument.htm"
  },
  {
    "date": "2018-12-31",
    "symbol": "LYB",
    "reportedCurrency": "USD",
    "cik": "0001489393",
    "fillingDate": "2019-02-21",
    "acceptedDate": "2019-02-21 13:45:56",
    "calendarYear": "2018",
    "period": "Q4",
    "revenue": 8876000000,
    "costOfRevenue": 7728000000,
    "grossProfit": 1148000000,
    "grossProfitRatio": 0.1293375394,
    "researchAndDevelopmentExpenses": 28000000,
    "generalAndAdministrativeExpenses": 0,
    "sellingAndMarketingExpenses": 0,
    "sellingGeneralAndAdministrativeExpenses": 326000000,
    "otherExpenses": 0,
    "operatingExpenses": 354000000,
    "costAndExpenses": 8082000000,
    "interestIncome": 5000000,
    "interestExpense": 88000000,
    "depreciationAndAmortization": 333000000,
    "ebitda": 1217000000,
    "ebitdaratio": 0.1371113114,
    "operatingIncome": 794000000,
    "operatingIncomeRatio": 0.0894547093,
    "totalOtherIncomeExpensesNet": 2000000,
    "incomeBeforeTax": 796000000,
    "incomeBeforeTaxRatio": 0.0896800361,
    "incomeTaxExpense": 99000000,
    "netIncome": 692000000,
    "netIncomeRatio": 0.0779630464,
    "eps": 1.81,
    "epsdiluted": 1.81,
    "weightedAverageShsOut": 381294120,
    "weightedAverageShsOutDil": 381294120,
    "link": "https://www.sec.gov/Archives/edgar/data/1489393/000148939319000011/0001489393-19-000011-index.htm",
    "finalLink": "https://www.sec.gov/Archives/edgar/data/1489393/000148939319000011/a2018q410k.htm"
  },
  {
    "date": "2018-09-30",
    "symbol": "LYB",
    "reportedCurrency": "USD",
    "cik": "0001489393",
    "fillingDate": "2018-10-30",
    "acceptedDate": "2018-10-30 10:41:26",
    "calendarYear": "2018",
    "period": "Q3",
    "revenue": 10155000000,
    "costOfRevenue": 8499000000,
    "grossProfit": 1656000000,
    "grossProfitRatio": 0.1630723781,
    "researchAndDevelopmentExpenses": 30000000,
    "generalAndAdministrativeExpenses": 0,
    "sellingAndMarketingExpenses": 0,
    "sellingGeneralAndAdministrativeExpenses": 309000000,
    "otherExpenses": 0,
    "operatingExpenses": 339000000,
    "costAndExpenses": 8838000000,
    "interestIncome": 14000000,
    "interestExpense": 90000000,
    "depreciationAndAmortization": 309000000,
    "ebitda": 1746000000,
    "ebitdaratio": 0.1719350074,
    "operatingIncome": 1317000000,
    "operatingIncomeRatio": 0.129689808,
    "totalOtherIncomeExpensesNet": 30000000,
    "incomeBeforeTax": 1347000000,
    "incomeBeforeTaxRatio": 0.1326440177,
    "incomeTaxExpense": 232000000,
    "netIncome": 1113000000,
    "netIncomeRatio": 0.1096011817,
    "eps": 2.86,
    "epsdiluted": 2.85,
    "weightedAverageShsOut": 389000000,
    "weightedAverageShsOutDil": 390000000,
    "link": "https://www.sec.gov/Archives/edgar/data/1489393/000148939318000019/0001489393-18-000019-index.htm",
    "finalLink": "https://www.sec.gov/Archives/edgar/data/1489393/000148939318000019/a2018q310-qdocument.htm"
  },
  {
    "date": "2018-06-30",
    "symbol": "LYB",
    "reportedCurrency": "USD",
    "cik": "0001489393",
    "fillingDate": "2018-08-03",
    "acceptedDate": "2018-08-03 13:24:47",
    "calendarYear": "2018",
    "period": "Q2",
    "revenue": 10206000000,
    "costOfRevenue": 8290000000,
    "grossProfit": 1916000000,
    "grossProfitRatio": 0.1877327063,
    "researchAndDevelopmentExpenses": 29000000,
    "generalAndAdministrativeExpenses": 0,
    "sellingAndMarketingExpenses": 0,
    "sellingGeneralAndAdministrativeExpenses": 261000000,
    "otherExpenses": 0,
    "operatingExpenses": 290000000,
    "costAndExpenses": 8580000000,
    "interestIncome": 15000000,
    "interestExpense": 91000000,
    "depreciationAndAmortization": 300000000,
    "ebitda": 2025000000,
    "ebitdaratio": 0.1984126984,
    "operatingIncome": 1626000000,
    "operatingIncomeRatio": 0.1593180482,
    "totalOtherIncomeExpensesNet": 8000000,
    "incomeBeforeTax": 1634000000,
    "incomeBeforeTaxRatio": 0.1601019008,
    "incomeTaxExpense": -21000000,
    "netIncome": 1654000000,
    "netIncomeRatio": 0.1620615324,
    "eps": 4.23,
    "epsdiluted": 4.22,
    "weightedAverageShsOut": 391000000,
    "weightedAverageShsOutDil": 392000000,
    "link": "https://www.sec.gov/Archives/edgar/data/1489393/000148939318000012/0001489393-18-000012-index.htm",
    "finalLink": "https://www.sec.gov/Archives/edgar/data/1489393/000148939318000012/lybq22018document.htm"
  },
  {
    "date": "2018-03-31",
    "symbol": "LYB",
    "reportedCurrency": "USD",
    "cik": "0001489393",
    "fillingDate": "2018-04-27",
    "acceptedDate": "2018-04-27 12:34:08",
    "calendarYear": "2018",
    "period": "Q1",
    "revenue": 9767000000,
    "costOfRevenue": 8012000000,
    "grossProfit": 1755000000,
    "grossProfitRatio": 0.1796867001,
    "researchAndDevelopmentExpenses": 28000000,
    "generalAndAdministrativeExpenses": 0,
    "sellingAndMarketingExpenses": 0,
    "sellingGeneralAndAdministrativeExpenses": 233000000,
    "otherExpenses": 0,
    "operatingExpenses": 261000000,
    "costAndExpenses": 8273000000,
    "interestIncome": 11000000,
    "interestExpense": 91000000,
    "depreciationAndAmortization": 299000000,
    "ebitda": 1924000000,
    "ebitdaratio": 0.1969898638,
    "operatingIncome": 1494000000,
    "operatingIncomeRatio": 0.1529640627,
    "totalOtherIncomeExpensesNet": 40000000,
    "incomeBeforeTax": 1534000000,
    "incomeBeforeTaxRatio": 0.157059486,
    "incomeTaxExpense": 303000000,
    "netIncome": 1231000000,
    "netIncomeRatio": 0.126036654,
    "eps": 3.12,
    "epsdiluted": 3.11,
    "weightedAverageShsOut": 394000000,
    "weightedAverageShsOutDil": 395000000,
    "link": "https://www.sec.gov/Archives/edgar/data/1489393/000119312518137643/0001193125-18-137643-index.htm",
    "finalLink": "https://www.sec.gov/Archives/edgar/data/1489393/000119312518137643/d540708d10q.htm"
  },
  {
    "date": "2017-12-31",
    "symbol": "LYB",
    "reportedCurrency": "USD",
    "cik": "0001489393",
    "fillingDate": "2018-02-22",
    "acceptedDate": "2018-02-22 16:47:15",
    "calendarYear": "2017",
    "period": "Q4",
    "revenue": 9135000000,
    "costOfRevenue": 7528000000,
    "grossProfit": 1607000000,
    "grossProfitRatio": 0.1759168035,
    "researchAndDevelopmentExpenses": 29000000,
    "generalAndAdministrativeExpenses": 0,
    "sellingAndMarketingExpenses": 0,
    "sellingGeneralAndAdministrativeExpenses": 237000000,
    "otherExpenses": 0,
    "operatingExpenses": 266000000,
    "costAndExpenses": 7794000000,
    "interestIncome": 9000000,
    "interestExpense": 95000000,
    "depreciationAndAmortization": 298000000,
    "ebitda": 1735000000,
    "ebitdaratio": 0.1899288451,
    "operatingIncome": 1341000000,
    "operatingIncomeRatio": 0.1467980296,
    "totalOtherIncomeExpensesNet": 1000000,
    "incomeBeforeTax": 1342000000,
    "incomeBeforeTaxRatio": 0.1469074986,
    "incomeTaxExpense": -556000000,
    "netIncome": 1894000000,
    "netIncomeRatio": 0.207334428,
    "eps": 4.8,
    "epsdiluted": 4.79,
    "weightedAverageShsOut": 394512054,
    "weightedAverageShsOutDil": 395000000,
    "link": "https://www.sec.gov/Archives/edgar/data/1489393/000119312518054181/0001193125-18-054181-index.htm",
    "finalLink": "https://www.sec.gov/Archives/edgar/data/1489393/000119312518054181/d533271d10k.htm"
  },
  {
    "date": "2017-09-30",
    "symbol": "LYB",
    "reportedCurrency": "USD",
    "cik": "0001489393",
    "fillingDate": "2017-10-27",
    "acceptedDate": "2017-10-27 12:35:22",
    "calendarYear": "2017",
    "period": "Q3",
    "revenue": 8516000000,
    "costOfRevenue": 6939000000,
    "grossProfit": 1577000000,
    "grossProfitRatio": 0.1851808361,
    "researchAndDevelopmentExpenses": 27000000,
    "generalAndAdministrativeExpenses": 0,
    "sellingAndMarketingExpenses": 0,
    "sellingGeneralAndAdministrativeExpenses": 218000000,
    "otherExpenses": 0,
    "operatingExpenses": 245000000,
    "costAndExpenses": 7184000000,
    "interestIncome": 5000000,
    "interestExpense": 94000000,
    "depreciationAndAmortization": 294000000,
    "ebitda": 1826000000,
    "ebitdaratio": 0.2144199155,
    "operatingIncome": 1332000000,
    "operatingIncomeRatio": 0.1564114608,
    "totalOtherIncomeExpensesNet": 106000000,
    "incomeBeforeTax": 1438000000,
    "incomeBeforeTaxRatio": 0.1688586191,
    "incomeTaxExpense": 380000000,
    "netIncome": 1057000000,
    "netIncomeRatio": 0.1241193048,
    "eps": 2.67,
    "epsdiluted": 2.67,
    "weightedAverageShsOut": 395000000,
    "weightedAverageShsOutDil": 395000000,
    "link": "https://www.sec.gov/Archives/edgar/data/1489393/000119312517322552/0001193125-17-322552-index.htm",
    "finalLink": "https://www.sec.gov/Archives/edgar/data/1489393/000119312517322552/d476935d10q.htm"
  },
  {
    "date": "2017-06-30",
    "symbol": "LYB",
    "reportedCurrency": "USD",
    "cik": "0001489393",
    "fillingDate": "2017-07-28",
    "acceptedDate": "2017-07-28 12:46:29",
    "calendarYear": "2017",
    "period": "Q2",
    "revenue": 8403000000,
    "costOfRevenue": 6601000000,
    "grossProfit": 1802000000,
    "grossProfitRatio": 0.2144472212,
    "researchAndDevelopmentExpenses": 25000000,
    "generalAndAdministrativeExpenses": 0,
    "sellingAndMarketingExpenses": 0,
    "sellingGeneralAndAdministrativeExpenses": 200000000,
    "otherExpenses": 0,
    "operatingExpenses": 225000000,
    "costAndExpenses": 6826000000,
    "interestIncome": 4000000,
    "interestExpense": 95000000,
    "depreciationAndAmortization": 286000000,
    "ebitda": 1974000000,
    "ebitdaratio": 0.2349161014,
    "operatingIncome": 1577000000,
    "operatingIncomeRatio": 0.1876710699,
    "totalOtherIncomeExpensesNet": 16000000,
    "incomeBeforeTax": 1593000000,
    "incomeBeforeTaxRatio": 0.1895751517,
    "incomeTaxExpense": 459000000,
    "netIncome": 1131000000,
    "netIncomeRatio": 0.1345947876,
    "eps": 2.82,
    "epsdiluted": 2.81,
    "weightedAverageShsOut": 401000000,
    "weightedAverageShsOutDil": 402000000,
    "link": "https://www.sec.gov/Archives/edgar/data/1489393/000119312517239999/0001193125-17-239999-index.htm",
    "finalLink": "https://www.sec.gov/Archives/edgar/data/1489393/000119312517239999/d405328d10q.htm"
  },
  {
    "date": "2017-03-31",
    "symbol": "LYB",
    "reportedCurrency": "USD",
    "cik": "0001489393",
    "fillingDate": "2017-04-28",
    "acceptedDate": "2017-04-28 14:14:02",
    "calendarYear": "2017",
    "period": "Q1",
    "revenue": 8430000000,
    "costOfRevenue": 6991000000,
    "grossProfit": 1439000000,
    "grossProfitRatio": 0.1706998814,
    "researchAndDevelopmentExpenses": 25000000,
    "generalAndAdministrativeExpenses": 0,
    "sellingAndMarketingExpenses": 0,
    "sellingGeneralAndAdministrativeExpenses": 204000000,
    "otherExpenses": 0,
    "operatingExpenses": 229000000,
    "costAndExpenses": 7220000000,
    "interestIncome": 6000000,
    "interestExpense": 207000000,
    "depreciationAndAmortization": 296000000,
    "ebitda": 1623000000,
    "ebitdaratio": 0.1925266904,
    "operatingIncome": 1210000000,
    "operatingIncomeRatio": 0.1435349941,
    "totalOtherIncomeExpensesNet": -90000000,
    "incomeBeforeTax": 1120000000,
    "incomeBeforeTaxRatio": 0.1328588375,
    "incomeTaxExpense": 315000000,
    "netIncome": 797000000,
    "netIncomeRatio": 0.0945432977,
    "eps": 1.98,
    "epsdiluted": 1.98,
    "weightedAverageShsOut": 403000000,
    "weightedAverageShsOutDil": 403000000,
    "link": "https://www.sec.gov/Archives/edgar/data/1489393/000119312517147241/0001193125-17-147241-index.htm",
    "finalLink": "https://www.sec.gov/Archives/edgar/data/1489393/000119312517147241/d320490d10q.htm"
  },
  {
    "date": "2016-12-31",
    "symbol": "LYB",
    "reportedCurrency": "USD",
    "cik": "0001489393",
    "fillingDate": "2017-02-17",
    "acceptedDate": "2017-02-17 13:01:27",
    "calendarYear": "2016",
    "period": "Q4",
    "revenue": 7747000000,
    "costOfRevenue": 6420000000,
    "grossProfit": 1327000000,
    "grossProfitRatio": 0.1712921131,
    "researchAndDevelopmentExpenses": 26000000,
    "generalAndAdministrativeExpenses": 0,
    "sellingAndMarketingExpenses": 0,
    "sellingGeneralAndAdministrativeExpenses": 253000000,
    "otherExpenses": 0,
    "operatingExpenses": 279000000,
    "costAndExpenses": 6699000000,
    "interestIncome": 4000000,
    "interestExpense": 85000000,
    "depreciationAndAmortization": 273000000,
    "ebitda": 1410000000,
    "ebitdaratio": 0.1820059378,
    "operatingIncome": 1048000000,
    "operatingIncomeRatio": 0.1352781722,
    "totalOtherIncomeExpensesNet": 4000000,
    "incomeBeforeTax": 1052000000,
    "incomeBeforeTaxRatio": 0.1357945011,
    "incomeTaxExpense": 282000000,
    "netIncome": 763000000,
    "netIncomeRatio": 0.098489738,
    "eps": 1.89,
    "epsdiluted": 1.87,
    "weightedAverageShsOut": 404000000,
    "weightedAverageShsOutDil": 407000000,
    "link": "https://www.sec.gov/Archives/edgar/data/1489393/000119312517047661/0001193125-17-047661-index.htm",
    "finalLink": "https://www.sec.gov/Archives/edgar/data/1489393/000119312517047661/d341907d10k.htm"
  },
  {
    "date": "2016-09-30",
    "symbol": "LYB",
    "reportedCurrency": "USD",
    "cik": "0001489393",
    "fillingDate": "2016-11-01",
    "acceptedDate": "2016-11-01 12:36:31",
    "calendarYear": "2016",
    "period": "Q3",
    "revenue": 7365000000,
    "costOfRevenue": 5903000000,
    "grossProfit": 1462000000,
    "grossProfitRatio": 0.1985064494,
    "researchAndDevelopmentExpenses": 25000000,
    "generalAndAdministrativeExpenses": 0,
    "sellingAndMarketingExpenses": 0,
    "sellingGeneralAndAdministrativeExpenses": 188000000,
    "otherExpenses": 0,
    "operatingExpenses": 213000000,
    "costAndExpenses": 6116000000,
    "interestIncome": 4000000,
    "interestExpense": 72000000,
    "depreciationAndAmortization": 257000000,
    "ebitda": 1610000000,
    "ebitdaratio": 0.2186014936,
    "operatingIncome": 1249000000,
    "operatingIncomeRatio": 0.1695858792,
    "totalOtherIncomeExpensesNet": 32000000,
    "incomeBeforeTax": 1281000000,
    "incomeBeforeTaxRatio": 0.1739307536,
    "incomeTaxExpense": 326000000,
    "netIncome": 952000000,
    "netIncomeRatio": 0.1292600136,
    "eps": 2.3,
    "epsdiluted": 2.3,
    "weightedAverageShsOut": 413000000,
    "weightedAverageShsOutDil": 414000000,
    "link": "https://www.sec.gov/Archives/edgar/data/1489393/000119312516754839/0001193125-16-754839-index.htm",
    "finalLink": "https://www.sec.gov/Archives/edgar/data/1489393/000119312516754839/d270270d10q.htm"
  },
  {
    "date": "2016-06-30",
    "symbol": "LYB",
    "reportedCurrency": "USD",
    "cik": "0001489393",
    "fillingDate": "2016-07-29",
    "acceptedDate": "2016-07-29 14:38:39",
    "calendarYear": "2016",
    "period": "Q2",
    "revenue": 7328000000,
    "costOfRevenue": 5702000000,
    "grossProfit": 1626000000,
    "grossProfitRatio": 0.2218886463,
    "researchAndDevelopmentExpenses": 24000000,
    "generalAndAdministrativeExpenses": 0,
    "sellingAndMarketingExpenses": 0,
    "sellingGeneralAndAdministrativeExpenses": 199000000,
    "otherExpenses": 0,
    "operatingExpenses": 223000000,
    "costAndExpenses": 5925000000,
    "interestIncome": 4000000,
    "interestExpense": 83000000,
    "depreciationAndAmortization": 266000000,
    "ebitda": 1787000000,
    "ebitdaratio": 0.2438591703,
    "operatingIncome": 1403000000,
    "operatingIncomeRatio": 0.1914574236,
    "totalOtherIncomeExpensesNet": 35000000,
    "incomeBeforeTax": 1438000000,
    "incomeBeforeTaxRatio": 0.1962336245,
    "incomeTaxExpense": 346000000,
    "netIncome": 1091000000,
    "netIncomeRatio": 0.1488810044,
    "eps": 2.57,
    "epsdiluted": 2.56,
    "weightedAverageShsOut": 424000000,
    "weightedAverageShsOutDil": 425000000,
    "link": "https://www.sec.gov/Archives/edgar/data/1489393/000119312516664234/0001193125-16-664234-index.htm",
    "finalLink": "https://www.sec.gov/Archives/edgar/data/1489393/000119312516664234/d128989d10q.htm"
  },
  {
    "date": "2016-03-31",
    "symbol": "LYB",
    "reportedCurrency": "USD",
    "cik": "0001489393",
    "fillingDate": "2016-04-22",
    "acceptedDate": "2016-04-22 15:18:49",
    "calendarYear": "2016",
    "period": "Q1",
    "revenue": 6743000000,
    "costOfRevenue": 5166000000,
    "grossProfit": 1577000000,
    "grossProfitRatio": 0.2338721637,
    "researchAndDevelopmentExpenses": 24000000,
    "generalAndAdministrativeExpenses": 0,
    "sellingAndMarketingExpenses": 0,
    "sellingGeneralAndAdministrativeExpenses": 193000000,
    "otherExpenses": 0,
    "operatingExpenses": 217000000,
    "costAndExpenses": 5383000000,
    "interestIncome": 5000000,
    "interestExpense": 82000000,
    "depreciationAndAmortization": 268000000,
    "ebitda": 1812000000,
    "ebitdaratio": 0.2687231203,
    "operatingIncome": 1360000000,
    "operatingIncomeRatio": 0.2016906421,
    "totalOtherIncomeExpensesNet": 102000000,
    "incomeBeforeTax": 1462000000,
    "incomeBeforeTaxRatio": 0.2168174403,
    "incomeTaxExpense": 432000000,
    "netIncome": 1030000000,
    "netIncomeRatio": 0.152751001,
    "eps": 2.38,
    "epsdiluted": 2.37,
    "weightedAverageShsOut": 433000000,
    "weightedAverageShsOutDil": 434000000,
    "link": "https://www.sec.gov/Archives/edgar/data/1489393/000119312516551934/0001193125-16-551934-index.htm",
    "finalLink": "https://www.sec.gov/Archives/edgar/data/1489393/000119312516551934/d185611d10q.htm"
  },
  {
    "date": "2015-12-31",
    "symbol": "LYB",
    "reportedCurrency": "USD",
    "cik": "0001489393",
    "fillingDate": "2016-02-16",
    "acceptedDate": "2016-02-16 16:21:13",
    "calendarYear": "2015",
    "period": "Q4",
    "revenue": 7071000000,
    "costOfRevenue": 5792000000,
    "grossProfit": 1279000000,
    "grossProfitRatio": 0.1808796493,
    "researchAndDevelopmentExpenses": 26000000,
    "generalAndAdministrativeExpenses": 0,
    "sellingAndMarketingExpenses": 0,
    "sellingGeneralAndAdministrativeExpenses": 201000000,
    "otherExpenses": 0,
    "operatingExpenses": 227000000,
    "costAndExpenses": 6019000000,
    "interestIncome": 7000000,
    "interestExpense": 77000000,
    "depreciationAndAmortization": 265000000,
    "ebitda": 1401000000,
    "ebitdaratio": 0.1981332202,
    "operatingIncome": 1052000000,
    "operatingIncomeRatio": 0.1487766935,
    "totalOtherIncomeExpensesNet": 7000000,
    "incomeBeforeTax": 1059000000,
    "incomeBeforeTaxRatio": 0.1497666525,
    "incomeTaxExpense": 262000000,
    "netIncome": 795000000,
    "netIncomeRatio": 0.1124310564,
    "eps": 1.81,
    "epsdiluted": 1.78,
    "weightedAverageShsOut": 440150069,
    "weightedAverageShsOutDil": 446000000,
    "link": "https://www.sec.gov/Archives/edgar/data/1489393/000119312516465311/0001193125-16-465311-index.htm",
    "finalLink": "https://www.sec.gov/Archives/edgar/data/1489393/000119312516465311/d131519d10k.htm"
  },
  {
    "date": "2015-09-30",
    "symbol": "LYB",
    "reportedCurrency": "USD",
    "cik": "0001489393",
    "fillingDate": "2015-10-23",
    "acceptedDate": "2015-10-23 12:58:49",
    "calendarYear": "2015",
    "period": "Q3",
    "revenue": 8334000000,
    "costOfRevenue": 6465000000,
    "grossProfit": 1869000000,
    "grossProfitRatio": 0.224262059,
    "researchAndDevelopmentExpenses": 25000000,
    "generalAndAdministrativeExpenses": 0,
    "sellingAndMarketingExpenses": 0,
    "sellingGeneralAndAdministrativeExpenses": 194000000,
    "otherExpenses": 0,
    "operatingExpenses": 219000000,
    "costAndExpenses": 6684000000,
    "interestIncome": 8000000,
    "interestExpense": 85000000,
    "depreciationAndAmortization": 248000000,
    "ebitda": 2009000000,
    "ebitdaratio": 0.2410607151,
    "operatingIncome": 1650000000,
    "operatingIncomeRatio": 0.1979841613,
    "totalOtherIncomeExpensesNet": 26000000,
    "incomeBeforeTax": 1676000000,
    "incomeBeforeTaxRatio": 0.2011039117,
    "incomeTaxExpense": 487000000,
    "netIncome": 1185000000,
    "netIncomeRatio": 0.1421886249,
    "eps": 2.56,
    "epsdiluted": 2.54,
    "weightedAverageShsOut": 462000000,
    "weightedAverageShsOutDil": 463000000,
    "link": "https://www.sec.gov/Archives/edgar/data/1489393/000119312515351698/0001193125-15-351698-index.htm",
    "finalLink": "https://www.sec.gov/Archives/edgar/data/1489393/000119312515351698/d56981d10q.htm"
  },
  {
    "date": "2015-06-30",
    "symbol": "LYB",
    "reportedCurrency": "USD",
    "cik": "0001489393",
    "fillingDate": "2015-07-28",
    "acceptedDate": "2015-07-28 12:56:26",
    "calendarYear": "2015",
    "period": "Q2",
    "revenue": 9145000000,
    "costOfRevenue": 7047000000,
    "grossProfit": 2098000000,
    "grossProfitRatio": 0.2294149809,
    "researchAndDevelopmentExpenses": 25000000,
    "generalAndAdministrativeExpenses": 0,
    "sellingAndMarketingExpenses": 0,
    "sellingGeneralAndAdministrativeExpenses": 228000000,
    "otherExpenses": 0,
    "operatingExpenses": 253000000,
    "costAndExpenses": 7300000000,
    "interestIncome": 7000000,
    "interestExpense": 79000000,
    "depreciationAndAmortization": 247000000,
    "ebitda": 2193000000,
    "ebitdaratio": 0.2398031711,
    "operatingIncome": 1845000000,
    "operatingIncomeRatio": 0.2017495899,
    "totalOtherIncomeExpensesNet": 22000000,
    "incomeBeforeTax": 1867000000,
    "incomeBeforeTaxRatio": 0.2041552761,
    "incomeTaxExpense": 541000000,
    "netIncome": 1330000000,
    "netIncomeRatio": 0.1454346638,
    "eps": 2.82,
    "epsdiluted": 2.82,
    "weightedAverageShsOut": 472000000,
    "weightedAverageShsOutDil": 472000000,
    "link": "https://www.sec.gov/Archives/edgar/data/1489393/000119312515265555/0001193125-15-265555-index.htm",
    "finalLink": "https://www.sec.gov/Archives/edgar/data/1489393/000119312515265555/d60896d10q.htm"
  },
  {
    "date": "2015-03-31",
    "symbol": "LYB",
    "reportedCurrency": "USD",
    "cik": "0001489393",
    "fillingDate": "2015-04-24",
    "acceptedDate": "2015-04-24 12:41:32",
    "calendarYear": "2015",
    "period": "Q1",
    "revenue": 8185000000,
    "costOfRevenue": 6379000000,
    "grossProfit": 1806000000,
    "grossProfitRatio": 0.220647526,
    "researchAndDevelopmentExpenses": 26000000,
    "generalAndAdministrativeExpenses": 0,
    "sellingAndMarketingExpenses": 0,
    "sellingGeneralAndAdministrativeExpenses": 205000000,
    "otherExpenses": 0,
    "operatingExpenses": 231000000,
    "costAndExpenses": 6610000000,
    "interestIncome": 11000000,
    "interestExpense": 69000000,
    "depreciationAndAmortization": 287000000,
    "ebitda": 1963000000,
    "ebitdaratio": 0.2398289554,
    "operatingIncome": 1575000000,
    "operatingIncomeRatio": 0.192425168,
    "totalOtherIncomeExpensesNet": 32000000,
    "incomeBeforeTax": 1607000000,
    "incomeBeforeTaxRatio": 0.1963347587,
    "incomeTaxExpense": 440000000,
    "netIncome": 1166000000,
    "netIncomeRatio": 0.1424557117,
    "eps": 2.42,
    "epsdiluted": 2.41,
    "weightedAverageShsOut": 479000000,
    "weightedAverageShsOutDil": 481000000,
    "link": "https://www.sec.gov/Archives/edgar/data/1489393/000119312515145917/0001193125-15-145917-index.htm",
    "finalLink": "https://www.sec.gov/Archives/edgar/data/1489393/000119312515145917/d913468d10q.htm"
  },
  {
    "date": "2014-12-31",
    "symbol": "LYB",
    "reportedCurrency": "USD",
    "cik": "0001489393",
    "fillingDate": "2015-02-17",
    "acceptedDate": "2015-02-17 17:12:38",
    "calendarYear": "2014",
    "period": "Q4",
    "revenue": 10290000000,
    "costOfRevenue": 8989000000,
    "grossProfit": 1301000000,
    "grossProfitRatio": 0.1264334305,
    "researchAndDevelopmentExpenses": 30000000,
    "generalAndAdministrativeExpenses": 0,
    "sellingAndMarketingExpenses": 0,
    "sellingGeneralAndAdministrativeExpenses": 194000000,
    "otherExpenses": 0,
    "operatingExpenses": 224000000,
    "costAndExpenses": 9213000000,
    "interestIncome": 7000000,
    "interestExpense": 72000000,
    "depreciationAndAmortization": 247000000,
    "ebitda": 1413000000,
    "ebitdaratio": 0.1373177843,
    "operatingIncome": 1077000000,
    "operatingIncomeRatio": 0.104664723,
    "totalOtherIncomeExpensesNet": 17000000,
    "incomeBeforeTax": 1094000000,
    "incomeBeforeTaxRatio": 0.1063168124,
    "incomeTaxExpense": 298000000,
    "netIncome": 793000000,
    "netIncomeRatio": 0.0770651118,
    "eps": 1.63,
    "epsdiluted": 1.54,
    "weightedAverageShsOut": 486969402,
    "weightedAverageShsOutDil": 499000000,
    "link": "https://www.sec.gov/Archives/edgar/data/1489393/000095012315003039/0000950123-15-003039-index.htm",
    "finalLink": "https://www.sec.gov/Archives/edgar/data/1489393/000095012315003039/d860940d10k.htm"
  },
  {
    "date": "2014-09-30",
    "symbol": "LYB",
    "reportedCurrency": "USD",
    "cik": "0001489393",
    "fillingDate": "2014-10-24",
    "acceptedDate": "2014-10-24 12:48:08",
    "calendarYear": "2014",
    "period": "Q3",
    "revenue": 12066000000,
    "costOfRevenue": 10118000000,
    "grossProfit": 1948000000,
    "grossProfitRatio": 0.1614453837,
    "researchAndDevelopmentExpenses": 31000000,
    "generalAndAdministrativeExpenses": 0,
    "sellingAndMarketingExpenses": 0,
    "sellingGeneralAndAdministrativeExpenses": 211000000,
    "otherExpenses": 0,
    "operatingExpenses": 242000000,
    "costAndExpenses": 10360000000,
    "interestIncome": 13000000,
    "interestExpense": 92000000,
    "depreciationAndAmortization": 262000000,
    "ebitda": 2048000000,
    "ebitdaratio": 0.1697331344,
    "operatingIncome": 1706000000,
    "operatingIncomeRatio": 0.141389027,
    "totalOtherIncomeExpensesNet": -12000000,
    "incomeBeforeTax": 1694000000,
    "incomeBeforeTaxRatio": 0.1403944969,
    "incomeTaxExpense": 434000000,
    "netIncome": 1258000000,
    "netIncomeRatio": 0.1042599039,
    "eps": 2.46,
    "epsdiluted": 2.45,
    "weightedAverageShsOut": 509000000,
    "weightedAverageShsOutDil": 512000000,
    "link": "https://www.sec.gov/Archives/edgar/data/1489393/000119312514381260/0001193125-14-381260-index.htm",
    "finalLink": "https://www.sec.gov/Archives/edgar/data/1489393/000119312514381260/d808323d10q.htm"
  },
  {
    "date": "2014-06-30",
    "symbol": "LYB",
    "reportedCurrency": "USD",
    "cik": "0001489393",
    "fillingDate": "2014-07-25",
    "acceptedDate": "2014-07-25 12:27:57",
    "calendarYear": "2014",
    "period": "Q2",
    "revenue": 12117000000,
    "costOfRevenue": 10255000000,
    "grossProfit": 1862000000,
    "grossProfitRatio": 0.1536683998,
    "researchAndDevelopmentExpenses": 34000000,
    "generalAndAdministrativeExpenses": 0,
    "sellingAndMarketingExpenses": 0,
    "sellingGeneralAndAdministrativeExpenses": 215000000,
    "otherExpenses": 0,
    "operatingExpenses": 249000000,
    "costAndExpenses": 10504000000,
    "interestIncome": 7000000,
    "interestExpense": 96000000,
    "depreciationAndAmortization": 254000000,
    "ebitda": 1948000000,
    "ebitdaratio": 0.1607658661,
    "operatingIncome": 1613000000,
    "operatingIncomeRatio": 0.1331187588,
    "totalOtherIncomeExpensesNet": -15000000,
    "incomeBeforeTax": 1598000000,
    "incomeBeforeTaxRatio": 0.1318808286,
    "incomeTaxExpense": 425000000,
    "netIncome": 1178000000,
    "netIncomeRatio": 0.0972187835,
    "eps": 2.25,
    "epsdiluted": 2.23,
    "weightedAverageShsOut": 523000000,
    "weightedAverageShsOutDil": 527000000,
    "link": "https://www.sec.gov/Archives/edgar/data/1489393/000119312514280117/0001193125-14-280117-index.htm",
    "finalLink": "https://www.sec.gov/Archives/edgar/data/1489393/000119312514280117/d763132d10q.htm"
  },
  {
    "date": "2014-03-31",
    "symbol": "LYB",
    "reportedCurrency": "USD",
    "cik": "0001489393",
    "fillingDate": "2014-04-29",
    "acceptedDate": "2014-04-29 15:22:27",
    "calendarYear": "2014",
    "period": "Q1",
    "revenue": 11135000000,
    "costOfRevenue": 9577000000,
    "grossProfit": 1558000000,
    "grossProfitRatio": 0.1399191738,
    "researchAndDevelopmentExpenses": 32000000,
    "generalAndAdministrativeExpenses": 0,
    "sellingAndMarketingExpenses": 0,
    "sellingGeneralAndAdministrativeExpenses": 186000000,
    "otherExpenses": 0,
    "operatingExpenses": 218000000,
    "costAndExpenses": 9795000000,
    "interestIncome": 6000000,
    "interestExpense": 92000000,
    "depreciationAndAmortization": 256000000,
    "ebitda": 1674000000,
    "ebitdaratio": 0.1503367759,
    "operatingIncome": 1340000000,
    "operatingIncomeRatio": 0.1203412663,
    "totalOtherIncomeExpensesNet": -14000000,
    "incomeBeforeTax": 1326000000,
    "incomeBeforeTaxRatio": 0.1190839695,
    "incomeTaxExpense": 383000000,
    "netIncome": 945000000,
    "netIncomeRatio": 0.0848675348,
    "eps": 1.73,
    "epsdiluted": 1.72,
    "weightedAverageShsOut": 544000000,
    "weightedAverageShsOutDil": 548000000,
    "link": "https://www.sec.gov/Archives/edgar/data/1489393/000119312514166880/0001193125-14-166880-index.htm",
    "finalLink": "https://www.sec.gov/Archives/edgar/data/1489393/000119312514166880/d717877d10q.htm"
  },
  {
    "date": "2013-12-31",
    "symbol": "LYB",
    "reportedCurrency": "USD",
    "cik": "0001489393",
    "fillingDate": "2014-02-20",
    "acceptedDate": "2014-02-20 14:15:11",
    "calendarYear": "2013",
    "period": "Q4",
    "revenue": 11138000000,
    "costOfRevenue": 9601000000,
    "grossProfit": 1537000000,
    "grossProfitRatio": 0.1379960496,
    "researchAndDevelopmentExpenses": 44000000,
    "generalAndAdministrativeExpenses": 0,
    "sellingAndMarketingExpenses": 0,
    "sellingGeneralAndAdministrativeExpenses": 229000000,
    "otherExpenses": 0,
    "operatingExpenses": 273000000,
    "costAndExpenses": 9874000000,
    "interestIncome": 3000000,
    "interestExpense": 87000000,
    "depreciationAndAmortization": 252000000,
    "ebitda": 1546000000,
    "ebitdaratio": 0.1388040941,
    "operatingIncome": 1264000000,
    "operatingIncomeRatio": 0.1134853654,
    "totalOtherIncomeExpensesNet": -57000000,
    "incomeBeforeTax": 1207000000,
    "incomeBeforeTaxRatio": 0.10836775,
    "incomeTaxExpense": 30000000,
    "netIncome": 1174000000,
    "netIncomeRatio": 0.1054049201,
    "eps": 2.14,
    "epsdiluted": 2.11,
    "weightedAverageShsOut": 548824138,
    "weightedAverageShsOutDil": 555000000,
    "link": "https://www.sec.gov/Archives/edgar/data/1489393/000119312514060399/0001193125-14-060399-index.htm",
    "finalLink": "https://www.sec.gov/Archives/edgar/data/1489393/000119312514060399/d664462d10k.htm"
  },
  {
    "date": "2013-09-30",
    "symbol": "LYB",
    "reportedCurrency": "USD",
    "cik": "0001489393",
    "fillingDate": "2013-10-29",
    "acceptedDate": "2013-10-29 16:52:39",
    "calendarYear": "2013",
    "period": "Q3",
    "revenue": 11152000000,
    "costOfRevenue": 9690000000,
    "grossProfit": 1462000000,
    "grossProfitRatio": 0.131097561,
    "researchAndDevelopmentExpenses": 35000000,
    "generalAndAdministrativeExpenses": 0,
    "sellingAndMarketingExpenses": 0,
    "sellingGeneralAndAdministrativeExpenses": 220000000,
    "otherExpenses": 0,
    "operatingExpenses": 255000000,
    "costAndExpenses": 9945000000,
    "interestIncome": 5000000,
    "interestExpense": 81000000,
    "depreciationAndAmortization": 262000000,
    "ebitda": 1536000000,
    "ebitdaratio": 0.137733142,
    "operatingIncome": 1207000000,
    "operatingIncomeRatio": 0.1082317073,
    "totalOtherIncomeExpensesNet": -14000000,
    "incomeBeforeTax": 1193000000,
    "incomeBeforeTaxRatio": 0.1069763271,
    "incomeTaxExpense": 339000000,
    "netIncome": 853000000,
    "netIncomeRatio": 0.0764885222,
    "eps": 1.51,
    "epsdiluted": 1.5,
    "weightedAverageShsOut": 563000000,
    "weightedAverageShsOutDil": 567000000,
    "link": "https://www.sec.gov/Archives/edgar/data/1489393/000119312513416094/0001193125-13-416094-index.htm",
    "finalLink": "https://www.sec.gov/Archives/edgar/data/1489393/000119312513416094/d605670d10q.htm"
  },
  {
    "date": "2013-06-30",
    "symbol": "LYB",
    "reportedCurrency": "USD",
    "cik": "0001489393",
    "fillingDate": "2013-07-26",
    "acceptedDate": "2013-07-26 12:15:25",
    "calendarYear": "2013",
    "period": "Q2",
    "revenue": 11103000000,
    "costOfRevenue": 9496000000,
    "grossProfit": 1607000000,
    "grossProfitRatio": 0.144735657,
    "researchAndDevelopmentExpenses": 35000000,
    "generalAndAdministrativeExpenses": 0,
    "sellingAndMarketingExpenses": 0,
    "sellingGeneralAndAdministrativeExpenses": 208000000,
    "otherExpenses": 0,
    "operatingExpenses": 243000000,
    "costAndExpenses": 9739000000,
    "interestIncome": 5000000,
    "interestExpense": 70000000,
    "depreciationAndAmortization": 254000000,
    "ebitda": 1657000000,
    "ebitdaratio": 0.1492389444,
    "operatingIncome": 1364000000,
    "operatingIncomeRatio": 0.1228496803,
    "totalOtherIncomeExpensesNet": -31000000,
    "incomeBeforeTax": 1333000000,
    "incomeBeforeTaxRatio": 0.1200576421,
    "incomeTaxExpense": 410000000,
    "netIncome": 929000000,
    "netIncomeRatio": 0.0836710799,
    "eps": 1.62,
    "epsdiluted": 1.61,
    "weightedAverageShsOut": 574000000,
    "weightedAverageShsOutDil": 578000000,
    "link": "https://www.sec.gov/Archives/edgar/data/1489393/000119312513304126/0001193125-13-304126-index.htm",
    "finalLink": "https://www.sec.gov/Archives/edgar/data/1489393/000119312513304126/d572962d10q.htm"
  },
  {
    "date": "2013-03-31",
    "symbol": "LYB",
    "reportedCurrency": "USD",
    "cik": "0001489393",
    "fillingDate": "2013-04-26",
    "acceptedDate": "2013-04-26 12:21:59",
    "calendarYear": "2013",
    "period": "Q1",
    "revenue": 10669000000,
    "costOfRevenue": 9153000000,
    "grossProfit": 1516000000,
    "grossProfitRatio": 0.142093917,
    "researchAndDevelopmentExpenses": 36000000,
    "generalAndAdministrativeExpenses": 0,
    "sellingAndMarketingExpenses": 0,
    "sellingGeneralAndAdministrativeExpenses": 213000000,
    "otherExpenses": 0,
    "operatingExpenses": 249000000,
    "costAndExpenses": 9402000000,
    "interestIncome": 2000000,
    "interestExpense": 71000000,
    "depreciationAndAmortization": 253000000,
    "ebitda": 1587000000,
    "ebitdaratio": 0.1487487112,
    "operatingIncome": 1267000000,
    "operatingIncomeRatio": 0.1187552723,
    "totalOtherIncomeExpensesNet": -4000000,
    "incomeBeforeTax": 1263000000,
    "incomeBeforeTaxRatio": 0.1183803543,
    "incomeTaxExpense": 357000000,
    "netIncome": 901000000,
    "netIncomeRatio": 0.0844502765,
    "eps": 1.56,
    "epsdiluted": 1.55,
    "weightedAverageShsOut": 574000000,
    "weightedAverageShsOutDil": 578000000,
    "link": "https://www.sec.gov/Archives/edgar/data/1489393/000119312513176626/0001193125-13-176626-index.htm",
    "finalLink": "https://www.sec.gov/Archives/edgar/data/1489393/000119312513176626/d526504d10q.htm"
  },
  {
    "date": "2012-12-31",
    "symbol": "LYB",
    "reportedCurrency": "USD",
    "cik": "0001489393",
    "fillingDate": "2013-02-12",
    "acceptedDate": "2013-02-12 15:29:06",
    "calendarYear": "2012",
    "period": "Q4",
    "revenue": 11097000000,
    "costOfRevenue": 9832000000,
    "grossProfit": 1265000000,
    "grossProfitRatio": 0.1139947734,
    "researchAndDevelopmentExpenses": 57000000,
    "generalAndAdministrativeExpenses": 0,
    "sellingAndMarketingExpenses": 0,
    "sellingGeneralAndAdministrativeExpenses": 249000000,
    "otherExpenses": 0,
    "operatingExpenses": 306000000,
    "costAndExpenses": 10138000000,
    "interestIncome": 5000000,
    "interestExpense": 74000000,
    "depreciationAndAmortization": 266000000,
    "ebitda": 1270000000,
    "ebitdaratio": 0.1144453456,
    "operatingIncome": 959000000,
    "operatingIncomeRatio": 0.0864197531,
    "totalOtherIncomeExpensesNet": -29000000,
    "incomeBeforeTax": 930000000,
    "incomeBeforeTaxRatio": 0.0838064342,
    "incomeTaxExpense": 285000000,
    "netIncome": 632000000,
    "netIncomeRatio": 0.0569523295,
    "eps": 1.1,
    "epsdiluted": 1.09,
    "weightedAverageShsOut": 572010676,
    "weightedAverageShsOutDil": 578000000,
    "link": "https://www.sec.gov/Archives/edgar/data/1489393/000119312513051488/0001193125-13-051488-index.htm",
    "finalLink": "https://www.sec.gov/Archives/edgar/data/1489393/000119312513051488/d464702d10k.htm"
  },
  {
    "date": "2012-09-30",
    "symbol": "LYB",
    "reportedCurrency": "USD",
    "cik": "0001489393",
    "fillingDate": "2012-10-26",
    "acceptedDate": "2012-10-26 12:29:49",
    "calendarYear": "2012",
    "period": "Q3",
    "revenue": 11273000000,
    "costOfRevenue": 9670000000,
    "grossProfit": 1603000000,
    "grossProfitRatio": 0.1421981726,
    "researchAndDevelopmentExpenses": 39000000,
    "generalAndAdministrativeExpenses": 0,
    "sellingAndMarketingExpenses": 0,
    "sellingGeneralAndAdministrativeExpenses": 236000000,
    "otherExpenses": 0,
    "operatingExpenses": 275000000,
    "costAndExpenses": 9945000000,
    "interestIncome": 4000000,
    "interestExpense": 71000000,
    "depreciationAndAmortization": 236000000,
    "ebitda": 1593000000,
    "ebitdaratio": 0.1413110973,
    "operatingIncome": 1328000000,
    "operatingIncomeRatio": 0.1178036015,
    "totalOtherIncomeExpensesNet": -42000000,
    "incomeBeforeTax": 1286000000,
    "incomeBeforeTaxRatio": 0.1140778852,
    "incomeTaxExpense": 435000000,
    "netIncome": 846000000,
    "netIncomeRatio": 0.0750465715,
    "eps": 1.47,
    "epsdiluted": 1.46,
    "weightedAverageShsOut": 573000000,
    "weightedAverageShsOutDil": 577000000,
    "link": "https://www.sec.gov/Archives/edgar/data/1489393/000119312512437071/0001193125-12-437071-index.htm",
    "finalLink": "https://www.sec.gov/Archives/edgar/data/1489393/000119312512437071/d429616d10q.htm"
  },
  {
    "date": "2012-06-30",
    "symbol": "LYB",
    "reportedCurrency": "USD",
    "cik": "0001489393",
    "fillingDate": "2012-07-27",
    "acceptedDate": "2012-07-27 12:16:13",
    "calendarYear": "2012",
    "period": "Q2",
    "revenue": 11248000000,
    "costOfRevenue": 9561000000,
    "grossProfit": 1687000000,
    "grossProfitRatio": 0.1499822191,
    "researchAndDevelopmentExpenses": 37000000,
    "generalAndAdministrativeExpenses": 0,
    "sellingAndMarketingExpenses": 0,
    "sellingGeneralAndAdministrativeExpenses": 201000000,
    "otherExpenses": 0,
    "operatingExpenses": 238000000,
    "costAndExpenses": 9799000000,
    "interestIncome": 2000000,
    "interestExpense": 411000000,
    "depreciationAndAmortization": 244000000,
    "ebitda": 1729000000,
    "ebitdaratio": 0.1537162162,
    "operatingIncome": 1449000000,
    "operatingIncomeRatio": 0.1288229018,
    "totalOtherIncomeExpensesNet": -375000000,
    "incomeBeforeTax": 1074000000,
    "incomeBeforeTaxRatio": 0.0954836415,
    "incomeTaxExpense": 306000000,
    "netIncome": 770000000,
    "netIncomeRatio": 0.0684566145,
    "eps": 1.34,
    "epsdiluted": 1.33,
    "weightedAverageShsOut": 574795762,
    "weightedAverageShsOutDil": 577000000,
    "link": "https://www.sec.gov/Archives/edgar/data/1489393/000119312512318803/0001193125-12-318803-index.htm",
    "finalLink": "https://www.sec.gov/Archives/edgar/data/1489393/000119312512318803/d386172d10q.htm"
  },
  {
    "date": "2012-03-31",
    "symbol": "LYB",
    "reportedCurrency": "USD",
    "cik": "0001489393",
    "fillingDate": "2012-04-30",
    "acceptedDate": "2012-04-30 15:56:13",
    "calendarYear": "2012",
    "period": "Q1",
    "revenue": 11734000000,
    "costOfRevenue": 10532000000,
    "grossProfit": 1202000000,
    "grossProfitRatio": 0.1024373615,
    "researchAndDevelopmentExpenses": 39000000,
    "generalAndAdministrativeExpenses": 0,
    "sellingAndMarketingExpenses": 0,
    "sellingGeneralAndAdministrativeExpenses": 223000000,
    "otherExpenses": 0,
    "operatingExpenses": 262000000,
    "costAndExpenses": 10794000000,
    "interestIncome": 4000000,
    "interestExpense": 99000000,
    "depreciationAndAmortization": 237000000,
    "ebitda": 1231000000,
    "ebitdaratio": 0.104908812,
    "operatingIncome": 940000000,
    "operatingIncomeRatio": 0.0801090847,
    "totalOtherIncomeExpensesNet": -45000000,
    "incomeBeforeTax": 895000000,
    "incomeBeforeTaxRatio": 0.0762740753,
    "incomeTaxExpense": 301000000,
    "netIncome": 600000000,
    "netIncomeRatio": 0.0511334583,
    "eps": 1.04,
    "epsdiluted": 1.04,
    "weightedAverageShsOut": 572000000,
    "weightedAverageShsOutDil": 575000000,
    "link": "https://www.sec.gov/Archives/edgar/data/1489393/000119312512195861/0001193125-12-195861-index.htm",
    "finalLink": "https://www.sec.gov/Archives/edgar/data/1489393/000119312512195861/d341663d10q.htm"
  },
  {
    "date": "2011-12-31",
    "symbol": "LYB",
    "reportedCurrency": "USD",
    "cik": "0001489393",
    "fillingDate": "2012-02-29",
    "acceptedDate": "2012-02-29 13:11:49",
    "calendarYear": "2011",
    "period": "Q4",
    "revenue": 11444000000,
    "costOfRevenue": 10958000000,
    "grossProfit": 486000000,
    "grossProfitRatio": 0.0424676686,
    "researchAndDevelopmentExpenses": 54000000,
    "generalAndAdministrativeExpenses": 0,
    "sellingAndMarketingExpenses": 0,
    "sellingGeneralAndAdministrativeExpenses": 231000000,
    "otherExpenses": 0,
    "operatingExpenses": 285000000,
    "costAndExpenses": 11243000000,
    "interestIncome": 6000000,
    "interestExpense": 549000000,
    "depreciationAndAmortization": 255000000,
    "ebitda": 494000000,
    "ebitdaratio": 0.0431667249,
    "operatingIncome": 201000000,
    "operatingIncomeRatio": 0.0175637889,
    "totalOtherIncomeExpensesNet": -511000000,
    "incomeBeforeTax": -310000000,
    "incomeBeforeTaxRatio": -0.0270884306,
    "incomeTaxExpense": -92000000,
    "netIncome": -215000000,
    "netIncomeRatio": -0.0187871374,
    "eps": -0.38,
    "epsdiluted": -0.38,
    "weightedAverageShsOut": 571000000,
    "weightedAverageShsOutDil": 572000000,
    "link": "https://www.sec.gov/Archives/edgar/data/1489393/000119312512088192/0001193125-12-088192-index.htm",
    "finalLink": "https://www.sec.gov/Archives/edgar/data/1489393/000119312512088192/d300123d10k.htm"
  },
  {
    "date": "2011-09-30",
    "symbol": "LYB",
    "reportedCurrency": "USD",
    "cik": "0001489393",
    "fillingDate": "2011-11-01",
    "acceptedDate": "2011-11-01 17:11:55",
    "calendarYear": "2011",
    "period": "Q3",
    "revenue": 12516000000,
    "costOfRevenue": 10734000000,
    "grossProfit": 1782000000,
    "grossProfitRatio": 0.1423777565,
    "researchAndDevelopmentExpenses": 53000000,
    "generalAndAdministrativeExpenses": 0,
    "sellingAndMarketingExpenses": 0,
    "sellingGeneralAndAdministrativeExpenses": 236000000,
    "otherExpenses": 0,
    "operatingExpenses": 289000000,
    "costAndExpenses": 11023000000,
    "interestIncome": 10000000,
    "interestExpense": 156000000,
    "depreciationAndAmortization": 237000000,
    "ebitda": 1811000000,
    "ebitdaratio": 0.1446947907,
    "operatingIncome": 1493000000,
    "operatingIncomeRatio": 0.1192873122,
    "totalOtherIncomeExpensesNet": -75000000,
    "incomeBeforeTax": 1418000000,
    "incomeBeforeTaxRatio": 0.1132949824,
    "incomeTaxExpense": 506000000,
    "netIncome": 895000000,
    "netIncomeRatio": 0.0715084692,
    "eps": 1.56,
    "epsdiluted": 1.51,
    "weightedAverageShsOut": 570000000,
    "weightedAverageShsOutDil": 575000000,
    "link": "https://www.sec.gov/Archives/edgar/data/1489393/000095012311094007/0000950123-11-094007-index.htm",
    "finalLink": "https://www.sec.gov/Archives/edgar/data/1489393/000095012311094007/h85377e10vq.htm"
  },
  {
    "date": "2011-06-30",
    "symbol": "LYB",
    "reportedCurrency": "USD",
    "cik": "0001489393",
    "fillingDate": "2011-08-15",
    "acceptedDate": "2011-08-12 21:24:46",
    "calendarYear": "2011",
    "period": "Q2",
    "revenue": 13306000000,
    "costOfRevenue": 11704000000,
    "grossProfit": 1602000000,
    "grossProfitRatio": 0.1203968135,
    "researchAndDevelopmentExpenses": 56000000,
    "generalAndAdministrativeExpenses": 0,
    "sellingAndMarketingExpenses": 0,
    "sellingGeneralAndAdministrativeExpenses": 236000000,
    "otherExpenses": 0,
    "operatingExpenses": 292000000,
    "costAndExpenses": 11996000000,
    "interestIncome": 13000000,
    "interestExpense": 176000000,
    "depreciationAndAmortization": 224000000,
    "ebitda": 1639000000,
    "ebitdaratio": 0.1231775139,
    "operatingIncome": 1310000000,
    "operatingIncomeRatio": 0.0984518262,
    "totalOtherIncomeExpensesNet": -71000000,
    "incomeBeforeTax": 1239000000,
    "incomeBeforeTaxRatio": 0.0931158876,
    "incomeTaxExpense": 388000000,
    "netIncome": 804000000,
    "netIncomeRatio": 0.0604238689,
    "eps": 1.42,
    "epsdiluted": 1.38,
    "weightedAverageShsOut": 567491020,
    "weightedAverageShsOutDil": 575000000,
    "link": "https://www.sec.gov/Archives/edgar/data/1489393/000095012311077064/0000950123-11-077064-index.htm",
    "finalLink": "https://www.sec.gov/Archives/edgar/data/1489393/000095012311077064/h84156e10vq.htm"
  },
  {
    "date": "2011-03-31",
    "symbol": "LYB",
    "reportedCurrency": "USD",
    "cik": "0001489393",
    "fillingDate": "2011-05-05",
    "acceptedDate": "2011-05-05 16:51:58",
    "calendarYear": "2011",
    "period": "Q1",
    "revenue": 12252000000,
    "costOfRevenue": 10943000000,
    "grossProfit": 1309000000,
    "grossProfitRatio": 0.1068396996,
    "researchAndDevelopmentExpenses": 33000000,
    "generalAndAdministrativeExpenses": 0,
    "sellingAndMarketingExpenses": 0,
    "sellingGeneralAndAdministrativeExpenses": 211000000,
    "otherExpenses": 0,
    "operatingExpenses": 244000000,
    "costAndExpenses": 11187000000,
    "interestIncome": 8000000,
    "interestExpense": 163000000,
    "depreciationAndAmortization": 215000000,
    "ebitda": 1301000000,
    "ebitdaratio": 0.106186745,
    "operatingIncome": 1065000000,
    "operatingIncomeRatio": 0.0869245837,
    "totalOtherIncomeExpensesNet": -142000000,
    "incomeBeforeTax": 923000000,
    "incomeBeforeTaxRatio": 0.0753346392,
    "incomeTaxExpense": 263000000,
    "netIncome": 663000000,
    "netIncomeRatio": 0.0541136141,
    "eps": 1.16,
    "epsdiluted": 1.15,
    "weightedAverageShsOut": 566000000,
    "weightedAverageShsOutDil": 569000000,
    "link": "https://www.sec.gov/Archives/edgar/data/1489393/000095012311045721/0000950123-11-045721-index.htm",
    "finalLink": "https://www.sec.gov/Archives/edgar/data/1489393/000095012311045721/h81999e10vq.htm"
  },
  {
    "date": "2010-12-31",
    "symbol": "LYB",
    "reportedCurrency": "USD",
    "cik": "0001489393",
    "fillingDate": "2011-03-18",
    "acceptedDate": "2011-03-18 06:02:03",
    "calendarYear": "2010",
    "period": "Q4",
    "revenue": 10610000000,
    "costOfRevenue": 9415000000,
    "grossProfit": 1195000000,
    "grossProfitRatio": 0.1126295947,
    "researchAndDevelopmentExpenses": 41000000,
    "generalAndAdministrativeExpenses": 0,
    "sellingAndMarketingExpenses": 0,
    "sellingGeneralAndAdministrativeExpenses": 231000000,
    "otherExpenses": 79000000,
    "operatingExpenses": 351000000,
    "costAndExpenses": 9766000000,
    "interestIncome": 9000000,
    "interestExpense": 231000000,
    "depreciationAndAmortization": 207000000,
    "ebitda": 600000000,
    "ebitdaratio": 0.0565504241,
    "operatingIncome": 844000000,
    "operatingIncomeRatio": 0.0795475966,
    "totalOtherIncomeExpensesNet": -682000000,
    "incomeBeforeTax": 162000000,
    "incomeBeforeTaxRatio": 0.0152686145,
    "incomeTaxExpense": -542000000,
    "netIncome": 771000000,
    "netIncomeRatio": 0.072667295,
    "eps": 1.36,
    "epsdiluted": 1.36,
    "weightedAverageShsOut": 564000000,
    "weightedAverageShsOutDil": 566000000,
    "link": "https://www.sec.gov/Archives/edgar/data/1489393/000095012311026580/0000950123-11-026580-index.htm",
    "finalLink": "https://www.sec.gov/Archives/edgar/data/1489393/000095012311026580/h80612e10vk.htm"
  },
  {
    "date": "2010-09-30",
    "symbol": "LYB",
    "reportedCurrency": "USD",
    "cik": "0001489393",
    "fillingDate": "2010-11-10",
    "acceptedDate": "2010-11-09 21:39:12",
    "calendarYear": "2010",
    "period": "Q3",
    "revenue": 10302000000,
    "costOfRevenue": 9075000000,
    "grossProfit": 1227000000,
    "grossProfitRatio": 0.1191030868,
    "researchAndDevelopmentExpenses": 35000000,
    "generalAndAdministrativeExpenses": 0,
    "sellingAndMarketingExpenses": 0,
    "sellingGeneralAndAdministrativeExpenses": 204000000,
    "otherExpenses": 0,
    "operatingExpenses": 239000000,
    "costAndExpenses": 9314000000,
    "interestIncome": 4000000,
    "interestExpense": 182000000,
    "depreciationAndAmortization": 0,
    "ebitda": 903000000,
    "ebitdaratio": 0.0876528829,
    "operatingIncome": 988000000,
    "operatingIncomeRatio": 0.095903708,
    "totalOtherIncomeExpensesNet": -267000000,
    "incomeBeforeTax": 721000000,
    "incomeBeforeTaxRatio": 0.0699864104,
    "incomeTaxExpense": 254000000,
    "netIncome": 474000000,
    "netIncomeRatio": 0.0460104834,
    "eps": 0.84,
    "epsdiluted": 0.84,
    "weightedAverageShsOut": 564000000,
    "weightedAverageShsOutDil": 564000000,
    "link": "https://www.sec.gov/Archives/edgar/data/1489393/000095012310103536/0000950123-10-103536-index.htm",
    "finalLink": "https://www.sec.gov/Archives/edgar/data/1489393/000095012310103536/h77497e10vq.htm"
  },
  {
    "date": "2010-06-30",
    "symbol": "LYB",
    "reportedCurrency": "USD",
    "cik": "0001489393",
    "fillingDate": "2010-09-18",
    "acceptedDate": "2010-09-18 06:02:03",
    "calendarYear": "2010",
    "period": "Q2",
    "revenue": 10484000000,
    "costOfRevenue": 9482000000,
    "grossProfit": 1002000000,
    "grossProfitRatio": 0.0955742083,
    "researchAndDevelopmentExpenses": 37000000,
    "generalAndAdministrativeExpenses": 0,
    "sellingAndMarketingExpenses": 0,
    "sellingGeneralAndAdministrativeExpenses": 220000000,
    "otherExpenses": 0,
    "operatingExpenses": 257000000,
    "costAndExpenses": 9739000000,
    "interestIncome": 7000000,
    "interestExpense": 434000000,
    "depreciationAndAmortization": 492000000,
    "ebitda": 9092000000,
    "ebitdaratio": 0.8672262495,
    "operatingIncome": 745000000,
    "operatingIncomeRatio": 0.0710606639,
    "totalOtherIncomeExpensesNet": 7421000000,
    "incomeBeforeTax": 8166000000,
    "incomeBeforeTaxRatio": 0.7789011828,
    "incomeTaxExpense": -677000000,
    "netIncome": 8896000000,
    "netIncomeRatio": 0.848531095,
    "eps": 0.57,
    "epsdiluted": 0.56,
    "weightedAverageShsOut": 564000000,
    "weightedAverageShsOutDil": 564000000,
    "link": null,
    "finalLink": null
  },
  {
    "date": "2010-03-31",
    "symbol": "LYB",
    "reportedCurrency": "USD",
    "cik": "0001489393",
    "fillingDate": "2010-03-31",
    "acceptedDate": "2010-03-30 20:00:00",
    "calendarYear": "2010",
    "period": "Q1",
    "revenue": 9755000000,
    "costOfRevenue": 9130000000,
    "grossProfit": 625000000,
    "grossProfitRatio": 0.0640697078,
    "researchAndDevelopmentExpenses": 41000000,
    "generalAndAdministrativeExpenses": 0,
    "sellingAndMarketingExpenses": 0,
    "sellingGeneralAndAdministrativeExpenses": 217000000,
    "otherExpenses": 0,
    "operatingExpenses": 258000000,
    "costAndExpenses": 9388000000,
    "interestIncome": 2000000,
    "interestExpense": 411000000,
    "depreciationAndAmortization": 424000000,
    "ebitda": 855000000,
    "ebitdaratio": 0.0876473603,
    "operatingIncome": 367000000,
    "operatingIncomeRatio": 0.0376217324,
    "totalOtherIncomeExpensesNet": -347000000,
    "incomeBeforeTax": 20000000,
    "incomeBeforeTaxRatio": 0.0020502307,
    "incomeTaxExpense": 12000000,
    "netIncome": 10000000,
    "netIncomeRatio": 0.0010251153,
    "eps": 0.0177,
    "epsdiluted": 0.0177,
    "weightedAverageShsOut": 564000000,
    "weightedAverageShsOutDil": 564000000,
    "link": "",
    "finalLink": ""
  },
  {
    "date": "2009-12-31",
    "symbol": "LYB",
    "reportedCurrency": "USD",
    "cik": "0001489393",
    "fillingDate": "2009-12-31",
    "acceptedDate": "2009-12-30 19:00:00",
    "calendarYear": "2009",
    "period": "Q4",
    "revenue": 8817000000,
    "costOfRevenue": 8466000000,
    "grossProfit": 351000000,
    "grossProfitRatio": 0.039809459,
    "researchAndDevelopmentExpenses": 40000000,
    "generalAndAdministrativeExpenses": 0,
    "sellingAndMarketingExpenses": 0,
    "sellingGeneralAndAdministrativeExpenses": 217000000,
    "otherExpenses": 144000000,
    "operatingExpenses": 401000000,
    "costAndExpenses": 8867000000,
    "interestIncome": 3000000,
    "interestExpense": 416000000,
    "depreciationAndAmortization": 436000000,
    "ebitda": -553000000,
    "ebitdaratio": -0.0627197459,
    "operatingIncome": -50000000,
    "operatingIncomeRatio": -0.0056708631,
    "totalOtherIncomeExpensesNet": -1355000000,
    "incomeBeforeTax": -1405000000,
    "incomeBeforeTaxRatio": -0.1593512533,
    "incomeTaxExpense": -560000000,
    "netIncome": -848000000,
    "netIncomeRatio": -0.0961778383,
    "eps": -1.5,
    "epsdiluted": -1.5,
    "weightedAverageShsOut": 564000000,
    "weightedAverageShsOutDil": 564000000,
    "link": "",
    "finalLink": ""
  },
  {
    "date": "2009-09-30",
    "symbol": "LYB",
    "reportedCurrency": "USD",
    "cik": "0001489393",
    "fillingDate": "2009-09-30",
    "acceptedDate": "2009-09-29 20:00:00",
    "calendarYear": "2009",
    "period": "Q3",
    "revenue": 8612000000,
    "costOfRevenue": 7956000000,
    "grossProfit": 656000000,
    "grossProfitRatio": 0.0761727822,
    "researchAndDevelopmentExpenses": 38000000,
    "generalAndAdministrativeExpenses": 0,
    "sellingAndMarketingExpenses": 0,
    "sellingGeneralAndAdministrativeExpenses": 199000000,
    "otherExpenses": 0,
    "operatingExpenses": 237000000,
    "costAndExpenses": 8193000000,
    "interestIncome": 4000000,
    "interestExpense": 445000000,
    "depreciationAndAmortization": 0,
    "ebitda": -538000000,
    "ebitdaratio": -0.0624709707,
    "operatingIncome": 419000000,
    "operatingIncomeRatio": 0.0486530423,
    "totalOtherIncomeExpensesNet": -1402000000,
    "incomeBeforeTax": -983000000,
    "incomeBeforeTaxRatio": -0.1141430562,
    "incomeTaxExpense": -332000000,
    "netIncome": -650000000,
    "netIncomeRatio": -0.0754760799,
    "eps": -1.15,
    "epsdiluted": -1.15,
    "weightedAverageShsOut": 564000000,
    "weightedAverageShsOutDil": 564000000,
    "link": "",
    "finalLink": ""
  }
]