[
  {
    "date": "2024-12-31",
    "symbol": "LYB",
    "reportedCurrency": "USD",
    "cik": "0001489393",
    "fillingDate": "2025-02-27",
    "acceptedDate": "2025-02-27 14:10:24",
    "calendarYear": "2024",
    "period": "FY",
    "revenue": 40302000000,
    "costOfRevenue": 35738000000,
    "grossProfit": 4564000000,
    "grossProfitRatio": 0.1132450002,
    "researchAndDevelopmentExpenses": 135000000,
    "generalAndAdministrativeExpenses": 0,
    "sellingAndMarketingExpenses": 0,
    "sellingGeneralAndAdministrativeExpenses": 1663000000,
    "otherExpenses": 949000000,
    "operatingExpenses": 2747000000,
    "costAndExpenses": 38485000000,
    "interestIncome": 150000000,
    "interestExpense": 481000000,
    "depreciationAndAmortization": 1522000000,
    "ebitda": 3606000000,
    "ebitdaratio": 0.0894744678,
    "operatingIncome": 1817000000,
    "operatingIncomeRatio": 0.0450846112,
    "totalOtherIncomeExpensesNet": -214000000,
    "incomeBeforeTax": 1603000000,
    "incomeBeforeTaxRatio": 0.039774701,
    "incomeTaxExpense": 240000000,
    "netIncome": 1360000000,
    "netIncomeRatio": 0.0337452236,
    "eps": 4.16,
    "epsdiluted": 4.15,
    "weightedAverageShsOut": 325000000,
    "weightedAverageShsOutDil": 326000000,
    "link": "https://www.sec.gov/Archives/edgar/data/1489393/000148939325000008/0001489393-25-000008-index.htm",
    "finalLink": "https://www.sec.gov/Archives/edgar/data/1489393/000148939325000008/lyb-20241231.htm"
  },
  {
    "date": "2023-12-31",
    "symbol": "LYB",
    "reportedCurrency": "USD",
    "cik": "0001489393",
    "fillingDate": "2024-02-22",
    "acceptedDate": "2024-02-22 15:28:32",
    "calendarYear": "2023",
    "period": "FY",
    "revenue": 41107000000,
    "costOfRevenue": 35849000000,
    "grossProfit": 5258000000,
    "grossProfitRatio": 0.1279100883,
    "researchAndDevelopmentExpenses": 130000000,
    "generalAndAdministrativeExpenses": 0,
    "sellingAndMarketingExpenses": 0,
    "sellingGeneralAndAdministrativeExpenses": 1557000000,
    "otherExpenses": 518000000,
    "operatingExpenses": 2205000000,
    "costAndExpenses": 38054000000,
    "interestIncome": 129000000,
    "interestExpense": 477000000,
    "depreciationAndAmortization": 1534000000,
    "ebitda": 4638000000,
    "ebitdaratio": 0.112827499,
    "operatingIncome": 3053000000,
    "operatingIncomeRatio": 0.0742695891,
    "totalOtherIncomeExpensesNet": -426000000,
    "incomeBeforeTax": 2627000000,
    "incomeBeforeTaxRatio": 0.0639063906,
    "incomeTaxExpense": 501000000,
    "netIncome": 2114000000,
    "netIncomeRatio": 0.0514267643,
    "eps": 6.48,
    "epsdiluted": 6.46,
    "weightedAverageShsOut": 325000000,
    "weightedAverageShsOutDil": 326000000,
    "link": "https://www.sec.gov/Archives/edgar/data/1489393/000148939324000012/0001489393-24-000012-index.htm",
    "finalLink": "https://www.sec.gov/Archives/edgar/data/1489393/000148939324000012/lyb-20231231.htm"
  },
  {
    "date": "2022-12-31",
    "symbol": "LYB",
    "reportedCurrency": "USD",
    "cik": "0001489393",
    "fillingDate": "2023-02-23",
    "acceptedDate": "2023-02-23 13:54:39",
    "calendarYear": "2022",
    "period": "FY",
    "revenue": 50451000000,
    "costOfRevenue": 43847000000,
    "grossProfit": 6604000000,
    "grossProfitRatio": 0.1308992884,
    "researchAndDevelopmentExpenses": 124000000,
    "generalAndAdministrativeExpenses": 0,
    "sellingAndMarketingExpenses": 0,
    "sellingGeneralAndAdministrativeExpenses": 1310000000,
    "otherExpenses": 69000000,
    "operatingExpenses": 1503000000,
    "costAndExpenses": 45350000000,
    "interestIncome": 29000000,
    "interestExpense": 287000000,
    "depreciationAndAmortization": 1267000000,
    "ebitda": 6330000000,
    "ebitdaratio": 0.1254682761,
    "operatingIncome": 5101000000,
    "operatingIncomeRatio": 0.1011080058,
    "totalOtherIncomeExpensesNet": -325000000,
    "incomeBeforeTax": 4776000000,
    "incomeBeforeTaxRatio": 0.0946661117,
    "incomeTaxExpense": 882000000,
    "netIncome": 3882000000,
    "netIncomeRatio": 0.0769459476,
    "eps": 11.84,
    "epsdiluted": 11.8,
    "weightedAverageShsOut": 327000000,
    "weightedAverageShsOutDil": 328000000,
    "link": "https://www.sec.gov/Archives/edgar/data/1489393/000148939323000006/0001489393-23-000006-index.htm",
    "finalLink": "https://www.sec.gov/Archives/edgar/data/1489393/000148939323000006/lyb-20221231.htm"
  },
  {
    "date": "2021-12-31",
    "symbol": "LYB",
    "reportedCurrency": "USD",
    "cik": "0001489393",
    "fillingDate": "2022-02-24",
    "acceptedDate": "2022-02-24 16:32:58",
    "calendarYear": "2021",
    "period": "FY",
    "revenue": 46173000000,
    "costOfRevenue": 37397000000,
    "grossProfit": 8776000000,
    "grossProfitRatio": 0.1900677885,
    "researchAndDevelopmentExpenses": 124000000,
    "generalAndAdministrativeExpenses": 0,
    "sellingAndMarketingExpenses": 0,
    "sellingGeneralAndAdministrativeExpenses": 1255000000,
    "otherExpenses": 624000000,
    "operatingExpenses": 2003000000,
    "costAndExpenses": 39400000000,
    "interestIncome": 9000000,
    "interestExpense": 519000000,
    "depreciationAndAmortization": 1393000000,
    "ebitda": 8698000000,
    "ebitdaratio": 0.1883784896,
    "operatingIncome": 6773000000,
    "operatingIncomeRatio": 0.146687458,
    "totalOtherIncomeExpensesNet": 13000000,
    "incomeBeforeTax": 6786000000,
    "incomeBeforeTaxRatio": 0.1469690079,
    "incomeTaxExpense": 1163000000,
    "netIncome": 5610000000,
    "netIncomeRatio": 0.1214995777,
    "eps": 16.75,
    "epsdiluted": 16.75,
    "weightedAverageShsOut": 334000000,
    "weightedAverageShsOutDil": 334000000,
    "link": "https://www.sec.gov/Archives/edgar/data/1489393/000148939322000009/0001489393-22-000009-index.htm",
    "finalLink": "https://www.sec.gov/Archives/edgar/data/1489393/000148939322000009/lyb-20211231.htm"
  },
  {
    "date": "2020-12-31",
    "symbol": "LYB",
    "reportedCurrency": "USD",
    "cik": "0001489393",
    "fillingDate": "2021-02-25",
    "acceptedDate": "2021-02-25 16:11:07",
    "calendarYear": "2020",
    "period": "FY",
    "revenue": 27753000000,
    "costOfRevenue": 24359000000,
    "grossProfit": 3394000000,
    "grossProfitRatio": 0.1222930854,
    "researchAndDevelopmentExpenses": 113000000,
    "generalAndAdministrativeExpenses": 0,
    "sellingAndMarketingExpenses": 0,
    "sellingGeneralAndAdministrativeExpenses": 1140000000,
    "otherExpenses": 582000000,
    "operatingExpenses": 1835000000,
    "costAndExpenses": 26194000000,
    "interestIncome": 12000000,
    "interestExpense": 526000000,
    "depreciationAndAmortization": 1385000000,
    "ebitda": 3297000000,
    "ebitdaratio": 0.1187979678,
    "operatingIncome": 1559000000,
    "operatingIncomeRatio": 0.0561741073,
    "totalOtherIncomeExpensesNet": -173000000,
    "incomeBeforeTax": 1386000000,
    "incomeBeforeTaxRatio": 0.049940547,
    "incomeTaxExpense": -43000000,
    "netIncome": 1420000000,
    "netIncomeRatio": 0.0511656398,
    "eps": 4.24,
    "epsdiluted": 4.24,
    "weightedAverageShsOut": 334000000,
    "weightedAverageShsOutDil": 334000000,
    "link": "https://www.sec.gov/Archives/edgar/data/1489393/000148939321000007/0001489393-21-000007-index.htm",
    "finalLink": "https://www.sec.gov/Archives/edgar/data/1489393/000148939321000007/lyb-20201231.htm"
  },
  {
    "date": "2019-12-31",
    "symbol": "LYB",
    "reportedCurrency": "USD",
    "cik": "0001489393",
    "fillingDate": "2020-02-20",
    "acceptedDate": "2020-02-20 16:30:38",
    "calendarYear": "2019",
    "period": "FY",
    "revenue": 34727000000,
    "costOfRevenue": 29301000000,
    "grossProfit": 5426000000,
    "grossProfitRatio": 0.1562473004,
    "researchAndDevelopmentExpenses": 111000000,
    "generalAndAdministrativeExpenses": 0,
    "sellingAndMarketingExpenses": 0,
    "sellingGeneralAndAdministrativeExpenses": 1199000000,
    "otherExpenses": 0,
    "operatingExpenses": 1310000000,
    "costAndExpenses": 30611000000,
    "interestIncome": 19000000,
    "interestExpense": 347000000,
    "depreciationAndAmortization": 1312000000,
    "ebitda": 5711000000,
    "ebitdaratio": 0.1644541711,
    "operatingIncome": 4116000000,
    "operatingIncomeRatio": 0.118524491,
    "totalOtherIncomeExpensesNet": -64000000,
    "incomeBeforeTax": 4052000000,
    "incomeBeforeTaxRatio": 0.1166815446,
    "incomeTaxExpense": 648000000,
    "netIncome": 3390000000,
    "netIncomeRatio": 0.0976185677,
    "eps": 9.59,
    "epsdiluted": 9.59,
    "weightedAverageShsOut": 353000000,
    "weightedAverageShsOutDil": 353000000,
    "link": "https://www.sec.gov/Archives/edgar/data/1489393/000148939320000009/0001489393-20-000009-index.htm",
    "finalLink": "https://www.sec.gov/Archives/edgar/data/1489393/000148939320000009/a2019q410k.htm"
  },
  {
    "date": "2018-12-31",
    "symbol": "LYB",
    "reportedCurrency": "USD",
    "cik": "0001489393",
    "fillingDate": "2019-02-21",
    "acceptedDate": "2019-02-21 13:45:56",
    "calendarYear": "2018",
    "period": "FY",
    "revenue": 39004000000,
    "costOfRevenue": 32529000000,
    "grossProfit": 6475000000,
    "grossProfitRatio": 0.1660086145,
    "researchAndDevelopmentExpenses": 115000000,
    "generalAndAdministrativeExpenses": 0,
    "sellingAndMarketingExpenses": 0,
    "sellingGeneralAndAdministrativeExpenses": 1129000000,
    "otherExpenses": 0,
    "operatingExpenses": 1244000000,
    "costAndExpenses": 33773000000,
    "interestIncome": 45000000,
    "interestExpense": 360000000,
    "depreciationAndAmortization": 1241000000,
    "ebitda": 6912000000,
    "ebitdaratio": 0.1772125936,
    "operatingIncome": 5231000000,
    "operatingIncomeRatio": 0.1341144498,
    "totalOtherIncomeExpensesNet": 80000000,
    "incomeBeforeTax": 5311000000,
    "incomeBeforeTaxRatio": 0.1361655215,
    "incomeTaxExpense": 613000000,
    "netIncome": 4688000000,
    "netIncomeRatio": 0.1201928007,
    "eps": 12.06,
    "epsdiluted": 12.06,
    "weightedAverageShsOut": 389000000,
    "weightedAverageShsOutDil": 389000000,
    "link": "https://www.sec.gov/Archives/edgar/data/1489393/000148939319000011/0001489393-19-000011-index.htm",
    "finalLink": "https://www.sec.gov/Archives/edgar/data/1489393/000148939319000011/a2018q410k.htm"
  },
  {
    "date": "2017-12-31",
    "symbol": "LYB",
    "reportedCurrency": "USD",
    "cik": "0001489393",
    "fillingDate": "2018-02-22",
    "acceptedDate": "2018-02-22 16:47:15",
    "calendarYear": "2017",
    "period": "FY",
    "revenue": 34484000000,
    "costOfRevenue": 28059000000,
    "grossProfit": 6425000000,
    "grossProfitRatio": 0.1863182925,
    "researchAndDevelopmentExpenses": 106000000,
    "generalAndAdministrativeExpenses": 0,
    "sellingAndMarketingExpenses": 0,
    "sellingGeneralAndAdministrativeExpenses": 859000000,
    "otherExpenses": 0,
    "operatingExpenses": 965000000,
    "costAndExpenses": 29024000000,
    "interestIncome": 24000000,
    "interestExpense": 491000000,
    "depreciationAndAmortization": 1174000000,
    "ebitda": 7158000000,
    "ebitdaratio": 0.2075745273,
    "operatingIncome": 5460000000,
    "operatingIncomeRatio": 0.1583343,
    "totalOtherIncomeExpensesNet": 33000000,
    "incomeBeforeTax": 5493000000,
    "incomeBeforeTaxRatio": 0.1592912655,
    "incomeTaxExpense": 598000000,
    "netIncome": 4879000000,
    "netIncomeRatio": 0.1414859065,
    "eps": 12.37,
    "epsdiluted": 12.23,
    "weightedAverageShsOut": 394512054,
    "weightedAverageShsOutDil": 399000000,
    "link": "https://www.sec.gov/Archives/edgar/data/1489393/000119312518054181/0001193125-18-054181-index.htm",
    "finalLink": "https://www.sec.gov/Archives/edgar/data/1489393/000119312518054181/d533271d10k.htm"
  },
  {
    "date": "2016-12-31",
    "symbol": "LYB",
    "reportedCurrency": "USD",
    "cik": "0001489393",
    "fillingDate": "2017-02-17",
    "acceptedDate": "2017-02-17 13:01:27",
    "calendarYear": "2016",
    "period": "FY",
    "revenue": 29183000000,
    "costOfRevenue": 23191000000,
    "grossProfit": 5992000000,
    "grossProfitRatio": 0.205325018,
    "researchAndDevelopmentExpenses": 99000000,
    "generalAndAdministrativeExpenses": 0,
    "sellingAndMarketingExpenses": 0,
    "sellingGeneralAndAdministrativeExpenses": 833000000,
    "otherExpenses": 0,
    "operatingExpenses": 932000000,
    "costAndExpenses": 24123000000,
    "interestIncome": 17000000,
    "interestExpense": 322000000,
    "depreciationAndAmortization": 1064000000,
    "ebitda": 6619000000,
    "ebitdaratio": 0.2268101292,
    "operatingIncome": 5060000000,
    "operatingIncomeRatio": 0.1733886167,
    "totalOtherIncomeExpensesNet": 173000000,
    "incomeBeforeTax": 5233000000,
    "incomeBeforeTaxRatio": 0.1793167255,
    "incomeTaxExpense": 1386000000,
    "netIncome": 3836000000,
    "netIncomeRatio": 0.13144639,
    "eps": 9.15,
    "epsdiluted": 9.13,
    "weightedAverageShsOut": 419000000,
    "weightedAverageShsOutDil": 420000000,
    "link": "https://www.sec.gov/Archives/edgar/data/1489393/000119312517047661/0001193125-17-047661-index.htm",
    "finalLink": "https://www.sec.gov/Archives/edgar/data/1489393/000119312517047661/d341907d10k.htm"
  },
  {
    "date": "2015-12-31",
    "symbol": "LYB",
    "reportedCurrency": "USD",
    "cik": "0001489393",
    "fillingDate": "2016-02-16",
    "acceptedDate": "2016-02-16 16:21:13",
    "calendarYear": "2015",
    "period": "FY",
    "revenue": 32735000000,
    "costOfRevenue": 25683000000,
    "grossProfit": 7052000000,
    "grossProfitRatio": 0.2154269131,
    "researchAndDevelopmentExpenses": 102000000,
    "generalAndAdministrativeExpenses": 0,
    "sellingAndMarketingExpenses": 0,
    "sellingGeneralAndAdministrativeExpenses": 828000000,
    "otherExpenses": 0,
    "operatingExpenses": 930000000,
    "costAndExpenses": 26613000000,
    "interestIncome": 33000000,
    "interestExpense": 310000000,
    "depreciationAndAmortization": 1047000000,
    "ebitda": 7566000000,
    "ebitdaratio": 0.2311287613,
    "operatingIncome": 6122000000,
    "operatingIncomeRatio": 0.1870169543,
    "totalOtherIncomeExpensesNet": 87000000,
    "incomeBeforeTax": 6209000000,
    "incomeBeforeTaxRatio": 0.1896746601,
    "incomeTaxExpense": 1730000000,
    "netIncome": 4476000000,
    "netIncomeRatio": 0.1367343822,
    "eps": 10.17,
    "epsdiluted": 9.59,
    "weightedAverageShsOut": 440150069,
    "weightedAverageShsOutDil": 466000000,
    "link": "https://www.sec.gov/Archives/edgar/data/1489393/000119312516465311/0001193125-16-465311-index.htm",
    "finalLink": "https://www.sec.gov/Archives/edgar/data/1489393/000119312516465311/d131519d10k.htm"
  },
  {
    "date": "2014-12-31",
    "symbol": "LYB",
    "reportedCurrency": "USD",
    "cik": "0001489393",
    "fillingDate": "2015-02-17",
    "acceptedDate": "2015-02-17 17:12:38",
    "calendarYear": "2014",
    "period": "FY",
    "revenue": 45608000000,
    "costOfRevenue": 38939000000,
    "grossProfit": 6669000000,
    "grossProfitRatio": 0.1462243466,
    "researchAndDevelopmentExpenses": 127000000,
    "generalAndAdministrativeExpenses": 0,
    "sellingAndMarketingExpenses": 0,
    "sellingGeneralAndAdministrativeExpenses": 806000000,
    "otherExpenses": 0,
    "operatingExpenses": 933000000,
    "costAndExpenses": 39872000000,
    "interestIncome": 33000000,
    "interestExpense": 352000000,
    "depreciationAndAmortization": 1019000000,
    "ebitda": 7083000000,
    "ebitdaratio": 0.1553017015,
    "operatingIncome": 5736000000,
    "operatingIncomeRatio": 0.1257674092,
    "totalOtherIncomeExpensesNet": -24000000,
    "incomeBeforeTax": 5712000000,
    "incomeBeforeTaxRatio": 0.1252411858,
    "incomeTaxExpense": 1540000000,
    "netIncome": 4174000000,
    "netIncomeRatio": 0.0915190317,
    "eps": 8.57,
    "epsdiluted": 7.99,
    "weightedAverageShsOut": 486969402,
    "weightedAverageShsOutDil": 521000000,
    "link": "https://www.sec.gov/Archives/edgar/data/1489393/000095012315003039/0000950123-15-003039-index.htm",
    "finalLink": "https://www.sec.gov/Archives/edgar/data/1489393/000095012315003039/d860940d10k.htm"
  },
  {
    "date": "2013-12-31",
    "symbol": "LYB",
    "reportedCurrency": "USD",
    "cik": "0001489393",
    "fillingDate": "2014-02-20",
    "acceptedDate": "2014-02-20 14:15:11",
    "calendarYear": "2013",
    "period": "FY",
    "revenue": 44062000000,
    "costOfRevenue": 37940000000,
    "grossProfit": 6122000000,
    "grossProfitRatio": 0.1389405837,
    "researchAndDevelopmentExpenses": 150000000,
    "generalAndAdministrativeExpenses": 0,
    "sellingAndMarketingExpenses": 0,
    "sellingGeneralAndAdministrativeExpenses": 870000000,
    "otherExpenses": 0,
    "operatingExpenses": 1020000000,
    "costAndExpenses": 38960000000,
    "interestIncome": 15000000,
    "interestExpense": 309000000,
    "depreciationAndAmortization": 1021000000,
    "ebitda": 6326000000,
    "ebitdaratio": 0.1435704235,
    "operatingIncome": 5102000000,
    "operatingIncomeRatio": 0.1157913849,
    "totalOtherIncomeExpensesNet": -106000000,
    "incomeBeforeTax": 4996000000,
    "incomeBeforeTaxRatio": 0.1133856838,
    "incomeTaxExpense": 1136000000,
    "netIncome": 3857000000,
    "netIncomeRatio": 0.0875357451,
    "eps": 7.03,
    "epsdiluted": 6.75,
    "weightedAverageShsOut": 548824138,
    "weightedAverageShsOutDil": 570000000,
    "link": "https://www.sec.gov/Archives/edgar/data/1489393/000119312514060399/0001193125-14-060399-index.htm",
    "finalLink": "https://www.sec.gov/Archives/edgar/data/1489393/000119312514060399/d664462d10k.htm"
  },
  {
    "date": "2012-12-31",
    "symbol": "LYB",
    "reportedCurrency": "USD",
    "cik": "0001489393",
    "fillingDate": "2013-02-12",
    "acceptedDate": "2013-02-12 15:29:06",
    "calendarYear": "2012",
    "period": "FY",
    "revenue": 45352000000,
    "costOfRevenue": 39595000000,
    "grossProfit": 5757000000,
    "grossProfitRatio": 0.1269403775,
    "researchAndDevelopmentExpenses": 172000000,
    "generalAndAdministrativeExpenses": 0,
    "sellingAndMarketingExpenses": 0,
    "sellingGeneralAndAdministrativeExpenses": 909000000,
    "otherExpenses": 0,
    "operatingExpenses": 1081000000,
    "costAndExpenses": 40676000000,
    "interestIncome": 15000000,
    "interestExpense": 655000000,
    "depreciationAndAmortization": 983000000,
    "ebitda": 5823000000,
    "ebitdaratio": 0.1283956606,
    "operatingIncome": 4676000000,
    "operatingIncomeRatio": 0.103104604,
    "totalOtherIncomeExpensesNet": -491000000,
    "incomeBeforeTax": 4185000000,
    "incomeBeforeTaxRatio": 0.0922781796,
    "incomeTaxExpense": 1327000000,
    "netIncome": 2848000000,
    "netIncomeRatio": 0.0627976715,
    "eps": 4.98,
    "epsdiluted": 4.92,
    "weightedAverageShsOut": 572010676,
    "weightedAverageShsOutDil": 577000000,
    "link": "https://www.sec.gov/Archives/edgar/data/1489393/000119312513051488/0001193125-13-051488-index.htm",
    "finalLink": "https://www.sec.gov/Archives/edgar/data/1489393/000119312513051488/d464702d10k.htm"
  },
  {
    "date": "2011-12-31",
    "symbol": "LYB",
    "reportedCurrency": "USD",
    "cik": "0001489393",
    "fillingDate": "2012-02-29",
    "acceptedDate": "2012-02-29 13:11:49",
    "calendarYear": "2011",
    "period": "FY",
    "revenue": 48183000000,
    "costOfRevenue": 42732000000,
    "grossProfit": 5451000000,
    "grossProfitRatio": 0.1131311873,
    "researchAndDevelopmentExpenses": 196000000,
    "generalAndAdministrativeExpenses": 0,
    "sellingAndMarketingExpenses": 0,
    "sellingGeneralAndAdministrativeExpenses": 918000000,
    "otherExpenses": 0,
    "operatingExpenses": 1114000000,
    "costAndExpenses": 43846000000,
    "interestIncome": 37000000,
    "interestExpense": 1044000000,
    "depreciationAndAmortization": 931000000,
    "ebitda": 5506000000,
    "ebitdaratio": 0.1142726688,
    "operatingIncome": 4337000000,
    "operatingIncomeRatio": 0.0900109997,
    "totalOtherIncomeExpensesNet": -806000000,
    "incomeBeforeTax": 3531000000,
    "incomeBeforeTaxRatio": 0.0732831082,
    "incomeTaxExpense": 1059000000,
    "netIncome": 2147000000,
    "netIncomeRatio": 0.0445592844,
    "eps": 3.76,
    "epsdiluted": 3.74,
    "weightedAverageShsOut": 568000000,
    "weightedAverageShsOutDil": 572000000,
    "link": "https://www.sec.gov/Archives/edgar/data/1489393/000119312512088192/0001193125-12-088192-index.htm",
    "finalLink": "https://www.sec.gov/Archives/edgar/data/1489393/000119312512088192/d300123d10k.htm"
  },
  {
    "date": "2010-12-31",
    "symbol": "LYB",
    "reportedCurrency": "USD",
    "cik": "0001489393",
    "fillingDate": "2011-03-18",
    "acceptedDate": "2011-03-18 06:02:03",
    "calendarYear": "2010",
    "period": "FY",
    "revenue": 41151000000,
    "costOfRevenue": 37102000000,
    "grossProfit": 4049000000,
    "grossProfitRatio": 0.0983937207,
    "researchAndDevelopmentExpenses": 154000000,
    "generalAndAdministrativeExpenses": 0,
    "sellingAndMarketingExpenses": 0,
    "sellingGeneralAndAdministrativeExpenses": 872000000,
    "otherExpenses": 79000000,
    "operatingExpenses": 1105000000,
    "costAndExpenses": 38207000000,
    "interestIncome": 22000000,
    "interestExpense": 1258000000,
    "depreciationAndAmortization": 1123000000,
    "ebitda": 11450000000,
    "ebitdaratio": 0.2782435421,
    "operatingIncome": 2944000000,
    "operatingIncomeRatio": 0.0715413963,
    "totalOtherIncomeExpensesNet": 6125000000,
    "incomeBeforeTax": 9069000000,
    "incomeBeforeTaxRatio": 0.2203834658,
    "incomeTaxExpense": -953000000,
    "netIncome": 10151000000,
    "netIncomeRatio": 0.246676873,
    "eps": 17.87,
    "epsdiluted": 17.87,
    "weightedAverageShsOut": 564000000,
    "weightedAverageShsOutDil": 566000000,
    "link": "https://www.sec.gov/Archives/edgar/data/1489393/000095012311026580/0000950123-11-026580-index.htm",
    "finalLink": "https://www.sec.gov/Archives/edgar/data/1489393/000095012311026580/h80612e10vk.htm"
  },
  {
    "date": "2009-12-31",
    "symbol": "LYB",
    "reportedCurrency": "USD",
    "cik": "0001489393",
    "fillingDate": "2009-12-31",
    "acceptedDate": "2009-12-31 00:00:00",
    "calendarYear": "2009",
    "period": "FY",
    "revenue": 30828000000,
    "costOfRevenue": 29372000000,
    "grossProfit": 1456000000,
    "grossProfitRatio": 0.0472297911,
    "researchAndDevelopmentExpenses": 145000000,
    "generalAndAdministrativeExpenses": 0,
    "sellingAndMarketingExpenses": 0,
    "sellingGeneralAndAdministrativeExpenses": 850000000,
    "otherExpenses": 144000000,
    "operatingExpenses": 1139000000,
    "costAndExpenses": 30511000000,
    "interestIncome": 18000000,
    "interestExpense": 1795000000,
    "depreciationAndAmortization": 1774000000,
    "ebitda": -714000000,
    "ebitdaratio": -0.0231607629,
    "operatingIncome": 317000000,
    "operatingIncomeRatio": 0.0102828597,
    "totalOtherIncomeExpensesNet": -4600000000,
    "incomeBeforeTax": -4283000000,
    "incomeBeforeTaxRatio": -0.1389321396,
    "incomeTaxExpense": -1411000000,
    "netIncome": -2865000000,
    "netIncomeRatio": -0.0929349942,
    "eps": -5.08,
    "epsdiluted": -5.08,
    "weightedAverageShsOut": 564000000,
    "weightedAverageShsOutDil": 564000000,
    "link": "",
    "finalLink": ""
  },
  {
    "date": "2008-12-31",
    "symbol": "LYB",
    "reportedCurrency": "USD",
    "cik": "0001489393",
    "fillingDate": "2008-12-31",
    "acceptedDate": "2008-12-31 00:00:00",
    "calendarYear": "2008",
    "period": "FY",
    "revenue": 50706000000,
    "costOfRevenue": 48780000000,
    "grossProfit": 1926000000,
    "grossProfitRatio": 0.0379836706,
    "researchAndDevelopmentExpenses": 194000000,
    "generalAndAdministrativeExpenses": 0,
    "sellingAndMarketingExpenses": 0,
    "sellingGeneralAndAdministrativeExpenses": 1197000000,
    "otherExpenses": 6463000000,
    "operatingExpenses": 7854000000,
    "costAndExpenses": 56634000000,
    "interestIncome": 69000000,
    "interestExpense": 2476000000,
    "depreciationAndAmortization": 1911000000,
    "ebitda": -3797000000,
    "ebitdaratio": -0.0748826569,
    "operatingIncome": -5928000000,
    "operatingIncomeRatio": -0.1169092415,
    "totalOtherIncomeExpensesNet": -2256000000,
    "incomeBeforeTax": -8184000000,
    "incomeBeforeTaxRatio": -0.1614010176,
    "incomeTaxExpense": -848000000,
    "netIncome": -7321000000,
    "netIncomeRatio": -0.1443813355,
    "eps": -12.98,
    "epsdiluted": -12.98,
    "weightedAverageShsOut": 564000000,
    "weightedAverageShsOutDil": 564000000,
    "link": "",
    "finalLink": ""
  },
  {
    "date": "2007-12-31",
    "symbol": "LYB",
    "reportedCurrency": "USD",
    "cik": "0001489393",
    "fillingDate": "2007-12-31",
    "acceptedDate": "2007-12-30 19:00:00",
    "calendarYear": "2007",
    "period": "FY",
    "revenue": 17120000000,
    "costOfRevenue": 15196000000,
    "grossProfit": 1924000000,
    "grossProfitRatio": 0.1123831776,
    "researchAndDevelopmentExpenses": 230000000,
    "generalAndAdministrativeExpenses": 0,
    "sellingAndMarketingExpenses": 0,
    "sellingGeneralAndAdministrativeExpenses": 740000000,
    "otherExpenses": 20000000,
    "operatingExpenses": 990000000,
    "costAndExpenses": 16186000000,
    "interestIncome": 70000000,
    "interestExpense": 353000000,
    "depreciationAndAmortization": 472000000,
    "ebitda": 1765000000,
    "ebitdaratio": 0.1030957944,
    "operatingIncome": 934000000,
    "operatingIncomeRatio": 0.0545560748,
    "totalOtherIncomeExpensesNet": 6000000,
    "incomeBeforeTax": 940000000,
    "incomeBeforeTaxRatio": 0.0549065421,
    "incomeTaxExpense": 279000000,
    "netIncome": 661000000,
    "netIncomeRatio": 0.0386098131,
    "eps": 1.17,
    "epsdiluted": 1.17,
    "weightedAverageShsOut": 564000000,
    "weightedAverageShsOutDil": 564000000,
    "link": "",
    "finalLink": ""
  }
]