[
  {
    "date": "2025-06-30",
    "symbol": "LYV",
    "reportedCurrency": "USD",
    "cik": "0001335258",
    "fillingDate": "2025-08-07",
    "acceptedDate": "2025-08-07 16:27:55",
    "calendarYear": "2025",
    "period": "Q2",
    "revenue": 7006641000,
    "costOfRevenue": 5210756000,
    "grossProfit": 1795885000,
    "grossProfitRatio": 0.2563118333,
    "researchAndDevelopmentExpenses": 0,
    "generalAndAdministrativeExpenses": 0,
    "sellingAndMarketingExpenses": 0,
    "sellingGeneralAndAdministrativeExpenses": 1003344000,
    "otherExpenses": 305888000,
    "operatingExpenses": 1309232000,
    "costAndExpenses": 6519988000,
    "interestIncome": 37893000,
    "interestExpense": 72048000,
    "depreciationAndAmortization": 159025000,
    "ebitda": 651459000,
    "ebitdaratio": 0.0929773625,
    "operatingIncome": 486653000,
    "operatingIncomeRatio": 0.0694559633,
    "totalOtherIncomeExpensesNet": -66267000,
    "incomeBeforeTax": 420386000,
    "incomeBeforeTaxRatio": 0.0599982217,
    "incomeTaxExpense": 117645000,
    "netIncome": 243411000,
    "netIncomeRatio": 0.0347400416,
    "eps": 0.41,
    "epsdiluted": 0.41,
    "weightedAverageShsOut": 231845412,
    "weightedAverageShsOutDil": 234417428,
    "link": "https://www.sec.gov/Archives/edgar/data/1335258/000133525825000129/0001335258-25-000129-index.htm",
    "finalLink": "https://www.sec.gov/Archives/edgar/data/1335258/000133525825000129/lyv-20250630.htm"
  },
  {
    "date": "2025-03-31",
    "symbol": "LYV",
    "reportedCurrency": "USD",
    "cik": "0001335258",
    "fillingDate": "2025-05-01",
    "acceptedDate": "2025-05-01 16:17:19",
    "calendarYear": "2025",
    "period": "Q1",
    "revenue": 3382117000,
    "costOfRevenue": 2254937000,
    "grossProfit": 1127180000,
    "grossProfitRatio": 0.3332764656,
    "researchAndDevelopmentExpenses": 0,
    "generalAndAdministrativeExpenses": 778922000,
    "sellingAndMarketingExpenses": 0,
    "sellingGeneralAndAdministrativeExpenses": 778922000,
    "otherExpenses": 233489000,
    "operatingExpenses": 1012411000,
    "costAndExpenses": 3267348000,
    "interestIncome": 34061000,
    "interestExpense": 80343000,
    "depreciationAndAmortization": 149455000,
    "ebitda": 295811000,
    "ebitdaratio": 0.0874632664,
    "operatingIncome": 114769000,
    "operatingIncomeRatio": 0.0339340715,
    "totalOtherIncomeExpensesNet": -48756000,
    "incomeBeforeTax": 66013000,
    "incomeBeforeTaxRatio": 0.0195182485,
    "incomeTaxExpense": 19711000,
    "netIncome": 23203000,
    "netIncomeRatio": 0.006860496,
    "eps": -0.32,
    "epsdiluted": -0.32,
    "weightedAverageShsOut": 231220841,
    "weightedAverageShsOutDil": 231220841,
    "link": "https://www.sec.gov/Archives/edgar/data/1335258/000133525825000055/0001335258-25-000055-index.htm",
    "finalLink": "https://www.sec.gov/Archives/edgar/data/1335258/000133525825000055/lyv-20250331.htm"
  },
  {
    "date": "2024-12-31",
    "symbol": "LYV",
    "reportedCurrency": "USD",
    "cik": "0001335258",
    "fillingDate": "2025-02-21",
    "acceptedDate": "2025-02-20 17:39:17",
    "calendarYear": "2024",
    "period": "Q4",
    "revenue": 5681593000,
    "costOfRevenue": 4488417000,
    "grossProfit": 1193176000,
    "grossProfitRatio": 0.210007299,
    "researchAndDevelopmentExpenses": 0,
    "generalAndAdministrativeExpenses": 0,
    "sellingAndMarketingExpenses": 0,
    "sellingGeneralAndAdministrativeExpenses": 1183225000,
    "otherExpenses": 249395000,
    "operatingExpenses": 1432620000,
    "costAndExpenses": 5921037000,
    "interestIncome": 32505000,
    "interestExpense": 77352000,
    "depreciationAndAmortization": 142599000,
    "ebitda": -81241000,
    "ebitdaratio": -0.0142989827,
    "operatingIncome": -239444000,
    "operatingIncomeRatio": -0.0421438142,
    "totalOtherIncomeExpensesNet": -61748000,
    "incomeBeforeTax": -301192000,
    "incomeBeforeTaxRatio": -0.053011893,
    "incomeTaxExpense": -583110000,
    "netIncome": 200987000,
    "netIncomeRatio": 0.035375114,
    "eps": 0,
    "epsdiluted": 0,
    "weightedAverageShsOut": 230124255,
    "weightedAverageShsOutDil": 238019910,
    "link": "https://www.sec.gov/Archives/edgar/data/1335258/000133525825000028/0001335258-25-000028-index.htm",
    "finalLink": "https://www.sec.gov/Archives/edgar/data/1335258/000133525825000028/lyv-20241231.htm"
  },
  {
    "date": "2024-09-30",
    "symbol": "LYV",
    "reportedCurrency": "USD",
    "cik": "0001335258",
    "fillingDate": "2024-11-12",
    "acceptedDate": "2024-11-12 06:10:02",
    "calendarYear": "2024",
    "period": "Q3",
    "revenue": 7651087000,
    "costOfRevenue": 5780188000,
    "grossProfit": 1870899000,
    "grossProfitRatio": 0.2445272155,
    "researchAndDevelopmentExpenses": 0,
    "generalAndAdministrativeExpenses": 0,
    "sellingAndMarketingExpenses": 0,
    "sellingGeneralAndAdministrativeExpenses": 1005418000,
    "otherExpenses": 225956000,
    "operatingExpenses": 1231374000,
    "costAndExpenses": 7011562000,
    "interestIncome": 36067000,
    "interestExpense": 87961000,
    "depreciationAndAmortization": 137001000,
    "ebitda": 810874000,
    "ebitdaratio": 0.1059815422,
    "operatingIncome": 639525000,
    "operatingIncomeRatio": 0.0835861623,
    "totalOtherIncomeExpensesNet": -53613000,
    "incomeBeforeTax": 585912000,
    "incomeBeforeTaxRatio": 0.0765789227,
    "incomeTaxExpense": 70229000,
    "netIncome": 451805000,
    "netIncomeRatio": 0.0590510865,
    "eps": 1.72,
    "epsdiluted": 1.66,
    "weightedAverageShsOut": 230374307,
    "weightedAverageShsOutDil": 245319968,
    "link": "https://www.sec.gov/Archives/edgar/data/1335258/000133525824000156/0001335258-24-000156-index.htm",
    "finalLink": "https://www.sec.gov/Archives/edgar/data/1335258/000133525824000156/lyv-20240930.htm"
  },
  {
    "date": "2024-06-30",
    "symbol": "LYV",
    "reportedCurrency": "USD",
    "cik": "0001335258",
    "fillingDate": "2024-07-30",
    "acceptedDate": "2024-07-30 16:30:00",
    "calendarYear": "2024",
    "period": "Q2",
    "revenue": 6023416000,
    "costOfRevenue": 4408209000,
    "grossProfit": 1615207000,
    "grossProfitRatio": 0.2681546485,
    "researchAndDevelopmentExpenses": 0,
    "generalAndAdministrativeExpenses": 0,
    "sellingAndMarketingExpenses": 0,
    "sellingGeneralAndAdministrativeExpenses": 926222000,
    "otherExpenses": 223166000,
    "operatingExpenses": 1149388000,
    "costAndExpenses": 5557597000,
    "interestIncome": 44425000,
    "interestExpense": 79970000,
    "depreciationAndAmortization": 137729000,
    "ebitda": 674091000,
    "ebitdaratio": 0.1119117458,
    "operatingIncome": 465819000,
    "operatingIncomeRatio": 0.0773346885,
    "totalOtherIncomeExpensesNet": -9427000,
    "incomeBeforeTax": 456392000,
    "incomeBeforeTaxRatio": 0.0757696297,
    "incomeTaxExpense": 80164000,
    "netIncome": 297970000,
    "netIncomeRatio": 0.0494686072,
    "eps": 1.05,
    "epsdiluted": 1.03,
    "weightedAverageShsOut": 229921527,
    "weightedAverageShsOutDil": 245002995,
    "link": "https://www.sec.gov/Archives/edgar/data/1335258/000133525824000125/0001335258-24-000125-index.htm",
    "finalLink": "https://www.sec.gov/Archives/edgar/data/1335258/000133525824000125/lyv-20240630.htm"
  },
  {
    "date": "2024-03-31",
    "symbol": "LYV",
    "reportedCurrency": "USD",
    "cik": "0001335258",
    "fillingDate": "2024-05-02",
    "acceptedDate": "2024-05-02 16:19:14",
    "calendarYear": "2024",
    "period": "Q1",
    "revenue": 3799529000,
    "costOfRevenue": 2651340000,
    "grossProfit": 1148189000,
    "grossProfitRatio": 0.302192456,
    "researchAndDevelopmentExpenses": 0,
    "generalAndAdministrativeExpenses": 981559000,
    "sellingAndMarketingExpenses": 0,
    "sellingGeneralAndAdministrativeExpenses": 981559000,
    "otherExpenses": 208020000,
    "operatingExpenses": 1189579000,
    "costAndExpenses": 3840919000,
    "interestIncome": 43257000,
    "interestExpense": 80691000,
    "depreciationAndAmortization": 132594000,
    "ebitda": 211599000,
    "ebitdaratio": 0.0556908501,
    "operatingIncome": -41390000,
    "operatingIncomeRatio": -0.0108934555,
    "totalOtherIncomeExpensesNet": 39704000,
    "incomeBeforeTax": -1686000,
    "incomeBeforeTaxRatio": -0.0004437392,
    "incomeTaxExpense": 41019000,
    "netIncome": -54475000,
    "netIncomeRatio": -0.0143373034,
    "eps": -0.53,
    "epsdiluted": -0.53,
    "weightedAverageShsOut": 229471184,
    "weightedAverageShsOutDil": 229471184,
    "link": "https://www.sec.gov/Archives/edgar/data/1335258/000133525824000071/0001335258-24-000071-index.htm",
    "finalLink": "https://www.sec.gov/Archives/edgar/data/1335258/000133525824000071/lyv-20240331.htm"
  },
  {
    "date": "2023-12-31",
    "symbol": "LYV",
    "reportedCurrency": "USD",
    "cik": "0001335258",
    "fillingDate": "2024-02-22",
    "acceptedDate": "2024-02-22 16:34:57",
    "calendarYear": "2023",
    "period": "Q4",
    "revenue": 5838941000,
    "costOfRevenue": 4681184000,
    "grossProfit": 1157757000,
    "grossProfitRatio": 0.1982820172,
    "researchAndDevelopmentExpenses": 0,
    "generalAndAdministrativeExpenses": 0,
    "sellingAndMarketingExpenses": 0,
    "sellingGeneralAndAdministrativeExpenses": 1023801000,
    "otherExpenses": 215432000,
    "operatingExpenses": 1239233000,
    "costAndExpenses": 5920417000,
    "interestIncome": 62946000,
    "interestExpense": 92819000,
    "depreciationAndAmortization": 134445000,
    "ebitda": 84236000,
    "ebitdaratio": 0.0144265887,
    "operatingIncome": -81476000,
    "operatingIncomeRatio": -0.0139539002,
    "totalOtherIncomeExpensesNet": -61552000,
    "incomeBeforeTax": -143028000,
    "incomeBeforeTaxRatio": -0.0244955378,
    "incomeTaxExpense": 38865000,
    "netIncome": -210728000,
    "netIncomeRatio": -0.0360901061,
    "eps": 0,
    "epsdiluted": 0,
    "weightedAverageShsOut": 233303152,
    "weightedAverageShsOutDil": 233303152,
    "link": "https://www.sec.gov/Archives/edgar/data/1335258/000133525824000017/0001335258-24-000017-index.htm",
    "finalLink": "https://www.sec.gov/Archives/edgar/data/1335258/000133525824000017/lyv-20231231.htm"
  },
  {
    "date": "2023-09-30",
    "symbol": "LYV",
    "reportedCurrency": "USD",
    "cik": "0001335258",
    "fillingDate": "2023-11-02",
    "acceptedDate": "2023-11-02 16:25:52",
    "calendarYear": "2023",
    "period": "Q3",
    "revenue": 8154563000,
    "costOfRevenue": 6297883000,
    "grossProfit": 1856680000,
    "grossProfitRatio": 0.2276860207,
    "researchAndDevelopmentExpenses": 0,
    "generalAndAdministrativeExpenses": 0,
    "sellingAndMarketingExpenses": 0,
    "sellingGeneralAndAdministrativeExpenses": 974150000,
    "otherExpenses": 228872000,
    "operatingExpenses": 1203022000,
    "costAndExpenses": 7500905000,
    "interestIncome": 78107000,
    "interestExpense": 86215000,
    "depreciationAndAmortization": 130653000,
    "ebitda": 848549000,
    "ebitdaratio": 0.1040581819,
    "operatingIncome": 653658000,
    "operatingIncomeRatio": 0.0801585566,
    "totalOtherIncomeExpensesNet": -21977000,
    "incomeBeforeTax": 631681000,
    "incomeBeforeTaxRatio": 0.0774635011,
    "incomeTaxExpense": 50269000,
    "netIncome": 521480000,
    "netIncomeRatio": 0.0639494722,
    "eps": 2.01,
    "epsdiluted": 1.93,
    "weightedAverageShsOut": 228787263,
    "weightedAverageShsOutDil": 244163678,
    "link": "https://www.sec.gov/Archives/edgar/data/1335258/000133525823000102/0001335258-23-000102-index.htm",
    "finalLink": "https://www.sec.gov/Archives/edgar/data/1335258/000133525823000102/lyv-20230930.htm"
  },
  {
    "date": "2023-06-30",
    "symbol": "LYV",
    "reportedCurrency": "USD",
    "cik": "0001335258",
    "fillingDate": "2023-07-27",
    "acceptedDate": "2023-07-27 16:18:59",
    "calendarYear": "2023",
    "period": "Q2",
    "revenue": 5630723000,
    "costOfRevenue": 4164778000,
    "grossProfit": 1465945000,
    "grossProfitRatio": 0.2603475611,
    "researchAndDevelopmentExpenses": 0,
    "generalAndAdministrativeExpenses": 0,
    "sellingAndMarketingExpenses": 0,
    "sellingGeneralAndAdministrativeExpenses": 868595000,
    "otherExpenses": 210979000,
    "operatingExpenses": 1079574000,
    "costAndExpenses": 5244352000,
    "interestIncome": 56452000,
    "interestExpense": 81995000,
    "depreciationAndAmortization": 136514000,
    "ebitda": 591494000,
    "ebitdaratio": 0.1050476111,
    "operatingIncome": 386371000,
    "operatingIncomeRatio": 0.0686183639,
    "totalOtherIncomeExpensesNet": -13386000,
    "incomeBeforeTax": 372985000,
    "incomeBeforeTaxRatio": 0.0662410493,
    "incomeTaxExpense": 41648000,
    "netIncome": 293682000,
    "netIncomeRatio": 0.0521570676,
    "eps": 1.04,
    "epsdiluted": 1.02,
    "weightedAverageShsOut": 228536179,
    "weightedAverageShsOutDil": 243660186,
    "link": "https://www.sec.gov/Archives/edgar/data/1335258/000133525823000085/0001335258-23-000085-index.htm",
    "finalLink": "https://www.sec.gov/Archives/edgar/data/1335258/000133525823000085/lyv-20230630.htm"
  },
  {
    "date": "2023-03-31",
    "symbol": "LYV",
    "reportedCurrency": "USD",
    "cik": "0001335258",
    "fillingDate": "2023-05-04",
    "acceptedDate": "2023-05-04 16:22:03",
    "calendarYear": "2023",
    "period": "Q1",
    "revenue": 3127390000,
    "costOfRevenue": 2115589000,
    "grossProfit": 1011801000,
    "grossProfitRatio": 0.3235288851,
    "researchAndDevelopmentExpenses": 0,
    "generalAndAdministrativeExpenses": 690321000,
    "sellingAndMarketingExpenses": 0,
    "sellingGeneralAndAdministrativeExpenses": 690321000,
    "otherExpenses": 178704000,
    "operatingExpenses": 869025000,
    "costAndExpenses": 2984614000,
    "interestIncome": 40313000,
    "interestExpense": 89215000,
    "depreciationAndAmortization": 115185000,
    "ebitda": 272432000,
    "ebitdaratio": 0.087111617,
    "operatingIncome": 142776000,
    "operatingIncomeRatio": 0.0456534043,
    "totalOtherIncomeExpensesNet": -74744000,
    "incomeBeforeTax": 68032000,
    "incomeBeforeTaxRatio": 0.0217536028,
    "incomeTaxExpense": 23840000,
    "netIncome": -3169000,
    "netIncomeRatio": -0.001013305,
    "eps": -0.25,
    "epsdiluted": -0.25,
    "weightedAverageShsOut": 228162831,
    "weightedAverageShsOutDil": 228162831,
    "link": "https://www.sec.gov/Archives/edgar/data/1335258/000133525823000055/0001335258-23-000055-index.htm",
    "finalLink": "https://www.sec.gov/Archives/edgar/data/1335258/000133525823000055/lyv-20230331.htm"
  },
  {
    "date": "2022-12-31",
    "symbol": "LYV",
    "reportedCurrency": "USD",
    "cik": "0001335258",
    "fillingDate": "2023-02-23",
    "acceptedDate": "2023-02-23 16:46:35",
    "calendarYear": "2022",
    "period": "Q4",
    "revenue": 4290737000,
    "costOfRevenue": 3291631000,
    "grossProfit": 999106000,
    "grossProfitRatio": 0.2328518387,
    "researchAndDevelopmentExpenses": 0,
    "generalAndAdministrativeExpenses": 0,
    "sellingAndMarketingExpenses": 0,
    "sellingGeneralAndAdministrativeExpenses": 907579000,
    "otherExpenses": 211417000,
    "operatingExpenses": 1118996000,
    "costAndExpenses": 4410627000,
    "interestIncome": 31055000,
    "interestExpense": 72761000,
    "depreciationAndAmortization": 131487000,
    "ebitda": 47282000,
    "ebitdaratio": 0.0110195521,
    "operatingIncome": -119890000,
    "operatingIncomeRatio": -0.0279415867,
    "totalOtherIncomeExpensesNet": -37076000,
    "incomeBeforeTax": -156966000,
    "incomeBeforeTaxRatio": -0.0365825265,
    "incomeTaxExpense": 10665000,
    "netIncome": -203034000,
    "netIncomeRatio": -0.0473191435,
    "eps": 0,
    "epsdiluted": 0,
    "weightedAverageShsOut": 231263623,
    "weightedAverageShsOutDil": 231263623,
    "link": "https://www.sec.gov/Archives/edgar/data/1335258/000133525823000014/0001335258-23-000014-index.htm",
    "finalLink": "https://www.sec.gov/Archives/edgar/data/1335258/000133525823000014/lyv-20221231.htm"
  },
  {
    "date": "2022-09-30",
    "symbol": "LYV",
    "reportedCurrency": "USD",
    "cik": "0001335258",
    "fillingDate": "2022-11-03",
    "acceptedDate": "2022-11-03 16:19:47",
    "calendarYear": "2022",
    "period": "Q3",
    "revenue": 6153535000,
    "costOfRevenue": 4707848000,
    "grossProfit": 1445687000,
    "grossProfitRatio": 0.2349360165,
    "researchAndDevelopmentExpenses": 0,
    "generalAndAdministrativeExpenses": 805910000,
    "sellingAndMarketingExpenses": 0,
    "sellingGeneralAndAdministrativeExpenses": 805910000,
    "otherExpenses": 133528000,
    "operatingExpenses": 939438000,
    "costAndExpenses": 5647286000,
    "interestIncome": 25809000,
    "interestExpense": 70514000,
    "depreciationAndAmortization": 102093000,
    "ebitda": 611908000,
    "ebitdaratio": 0.0994400779,
    "operatingIncome": 506249000,
    "operatingIncomeRatio": 0.0822696223,
    "totalOtherIncomeExpensesNet": -66948000,
    "incomeBeforeTax": 439301000,
    "incomeBeforeTaxRatio": 0.0713900222,
    "incomeTaxExpense": 41898000,
    "netIncome": 361402000,
    "netIncomeRatio": 0.0587307946,
    "eps": 1.47,
    "epsdiluted": 1.39,
    "weightedAverageShsOut": 239096001,
    "weightedAverageShsOutDil": 243686803,
    "link": "https://www.sec.gov/Archives/edgar/data/1335258/000133525822000144/0001335258-22-000144-index.htm",
    "finalLink": "https://www.sec.gov/Archives/edgar/data/1335258/000133525822000144/lyv-20220930.htm"
  },
  {
    "date": "2022-06-30",
    "symbol": "LYV",
    "reportedCurrency": "USD",
    "cik": "0001335258",
    "fillingDate": "2022-08-04",
    "acceptedDate": "2022-08-04 16:24:01",
    "calendarYear": "2022",
    "period": "Q2",
    "revenue": 4434174000,
    "costOfRevenue": 3267023000,
    "grossProfit": 1167151000,
    "grossProfitRatio": 0.2632172305,
    "researchAndDevelopmentExpenses": 0,
    "generalAndAdministrativeExpenses": 672213000,
    "sellingAndMarketingExpenses": 0,
    "sellingGeneralAndAdministrativeExpenses": 672213000,
    "otherExpenses": 176239000,
    "operatingExpenses": 848452000,
    "costAndExpenses": 4115475000,
    "interestIncome": 13192000,
    "interestExpense": 68435000,
    "depreciationAndAmortization": 115927000,
    "ebitda": 444734000,
    "ebitdaratio": 0.1002969211,
    "operatingIncome": 318699000,
    "operatingIncomeRatio": 0.0718733636,
    "totalOtherIncomeExpensesNet": -58327000,
    "incomeBeforeTax": 260372000,
    "incomeBeforeTaxRatio": 0.0587193917,
    "incomeTaxExpense": 31995000,
    "netIncome": 187800000,
    "netIncomeRatio": 0.0423528711,
    "eps": 0.69,
    "epsdiluted": 0.66,
    "weightedAverageShsOut": 224674447,
    "weightedAverageShsOutDil": 243634764,
    "link": "https://www.sec.gov/Archives/edgar/data/1335258/000133525822000123/0001335258-22-000123-index.htm",
    "finalLink": "https://www.sec.gov/Archives/edgar/data/1335258/000133525822000123/lyv-20220630.htm"
  },
  {
    "date": "2022-03-31",
    "symbol": "LYV",
    "reportedCurrency": "USD",
    "cik": "0001335258",
    "fillingDate": "2022-05-05",
    "acceptedDate": "2022-05-05 16:42:53",
    "calendarYear": "2022",
    "period": "Q1",
    "revenue": 1802808000,
    "costOfRevenue": 1071022000,
    "grossProfit": 731786000,
    "grossProfitRatio": 0.4059145511,
    "researchAndDevelopmentExpenses": 0,
    "generalAndAdministrativeExpenses": 570182000,
    "sellingAndMarketingExpenses": 0,
    "sellingGeneralAndAdministrativeExpenses": 570182000,
    "otherExpenses": 134544000,
    "operatingExpenses": 704726000,
    "costAndExpenses": 1775748000,
    "interestIncome": 7564000,
    "interestExpense": 66773000,
    "depreciationAndAmortization": 100469000,
    "ebitda": 129982000,
    "ebitdaratio": 0.0720997466,
    "operatingIncome": 27060000,
    "operatingIncomeRatio": 0.0150099179,
    "totalOtherIncomeExpensesNet": -64320000,
    "incomeBeforeTax": -37260000,
    "incomeBeforeTaxRatio": -0.0206677583,
    "incomeTaxExpense": 11696000,
    "netIncome": -50182000,
    "netIncomeRatio": -0.0278354656,
    "eps": -0.39,
    "epsdiluted": -0.39,
    "weightedAverageShsOut": 221890625,
    "weightedAverageShsOutDil": 221890625,
    "link": "https://www.sec.gov/Archives/edgar/data/1335258/000133525822000068/0001335258-22-000068-index.htm",
    "finalLink": "https://www.sec.gov/Archives/edgar/data/1335258/000133525822000068/lyv-20220331.htm"
  },
  {
    "date": "2021-12-31",
    "symbol": "LYV",
    "reportedCurrency": "USD",
    "cik": "0001335258",
    "fillingDate": "2022-02-23",
    "acceptedDate": "2022-02-23 16:33:45",
    "calendarYear": "2021",
    "period": "Q4",
    "revenue": 2703170000,
    "costOfRevenue": 2008991000,
    "grossProfit": 694179000,
    "grossProfitRatio": 0.256801829,
    "researchAndDevelopmentExpenses": 0,
    "generalAndAdministrativeExpenses": 656146000,
    "sellingAndMarketingExpenses": 0,
    "sellingGeneralAndAdministrativeExpenses": 656146000,
    "otherExpenses": 162579000,
    "operatingExpenses": 818725000,
    "costAndExpenses": 2827716000,
    "interestIncome": 2672000,
    "interestExpense": 72294000,
    "depreciationAndAmortization": 102519000,
    "ebitda": -5234000,
    "ebitdaratio": -0.0019362452,
    "operatingIncome": -124546000,
    "operatingIncomeRatio": -0.0460740538,
    "totalOtherIncomeExpensesNet": -55501000,
    "incomeBeforeTax": -180047000,
    "incomeBeforeTaxRatio": -0.0666058738,
    "incomeTaxExpense": -17576000,
    "netIncome": -194924000,
    "netIncomeRatio": -0.0721094123,
    "eps": 0,
    "epsdiluted": 0,
    "weightedAverageShsOut": 216888355,
    "weightedAverageShsOutDil": 223800400,
    "link": "https://www.sec.gov/Archives/edgar/data/1335258/000133525822000019/0001335258-22-000019-index.htm",
    "finalLink": "https://www.sec.gov/Archives/edgar/data/1335258/000133525822000019/lyv-20211231.htm"
  },
  {
    "date": "2021-09-30",
    "symbol": "LYV",
    "reportedCurrency": "USD",
    "cik": "0001335258",
    "fillingDate": "2021-11-04",
    "acceptedDate": "2021-11-04 16:49:08",
    "calendarYear": "2021",
    "period": "Q3",
    "revenue": 2698722000,
    "costOfRevenue": 1969912000,
    "grossProfit": 728810000,
    "grossProfitRatio": 0.2700574568,
    "researchAndDevelopmentExpenses": 0,
    "generalAndAdministrativeExpenses": 446929000,
    "sellingAndMarketingExpenses": 0,
    "sellingGeneralAndAdministrativeExpenses": 446929000,
    "otherExpenses": 144736000,
    "operatingExpenses": 591665000,
    "costAndExpenses": 2561577000,
    "interestIncome": 1333000,
    "interestExpense": 70407000,
    "depreciationAndAmortization": 101437000,
    "ebitda": 265132000,
    "ebitdaratio": 0.098243539,
    "operatingIncome": 137145000,
    "operatingIncomeRatio": 0.0508184985,
    "totalOtherIncomeExpensesNet": -43857000,
    "incomeBeforeTax": 93288000,
    "incomeBeforeTaxRatio": 0.034567473,
    "incomeTaxExpense": 6421000,
    "netIncome": 46878000,
    "netIncomeRatio": 0.0173704442,
    "eps": 0.2,
    "epsdiluted": 0.19,
    "weightedAverageShsOut": 216888355,
    "weightedAverageShsOutDil": 223800400,
    "link": "https://www.sec.gov/Archives/edgar/data/1335258/000133525821000136/0001335258-21-000136-index.htm",
    "finalLink": "https://www.sec.gov/Archives/edgar/data/1335258/000133525821000136/lyv-20210930.htm"
  },
  {
    "date": "2021-06-30",
    "symbol": "LYV",
    "reportedCurrency": "USD",
    "cik": "0001335258",
    "fillingDate": "2021-08-03",
    "acceptedDate": "2021-08-03 16:30:04",
    "calendarYear": "2021",
    "period": "Q2",
    "revenue": 575946000,
    "costOfRevenue": 243120000,
    "grossProfit": 332826000,
    "grossProfitRatio": 0.5778770926,
    "researchAndDevelopmentExpenses": 0,
    "generalAndAdministrativeExpenses": 328894000,
    "sellingAndMarketingExpenses": 0,
    "sellingGeneralAndAdministrativeExpenses": 328894000,
    "otherExpenses": 131217000,
    "operatingExpenses": 460111000,
    "costAndExpenses": 703231000,
    "interestIncome": 1471000,
    "interestExpense": 68909000,
    "depreciationAndAmortization": 103445000,
    "ebitda": -35619000,
    "ebitdaratio": -0.0618443396,
    "operatingIncome": -127285000,
    "operatingIncomeRatio": -0.2210016217,
    "totalOtherIncomeExpensesNet": -80890000,
    "incomeBeforeTax": -208175000,
    "incomeBeforeTaxRatio": -0.3614488164,
    "incomeTaxExpense": 2285000,
    "netIncome": -195665000,
    "netIncomeRatio": -0.3397280301,
    "eps": -0.9,
    "epsdiluted": -0.9,
    "weightedAverageShsOut": 215702508,
    "weightedAverageShsOutDil": 215702508,
    "link": "https://www.sec.gov/Archives/edgar/data/1335258/000133525821000105/0001335258-21-000105-index.htm",
    "finalLink": "https://www.sec.gov/Archives/edgar/data/1335258/000133525821000105/lyv-20210630.htm"
  },
  {
    "date": "2021-03-31",
    "symbol": "LYV",
    "reportedCurrency": "USD",
    "cik": "0001335258",
    "fillingDate": "2021-05-06",
    "acceptedDate": "2021-05-06 16:37:33",
    "calendarYear": "2021",
    "period": "Q1",
    "revenue": 290609000,
    "costOfRevenue": 133966000,
    "grossProfit": 156643000,
    "grossProfitRatio": 0.5390163415,
    "researchAndDevelopmentExpenses": 0,
    "generalAndAdministrativeExpenses": 322853000,
    "sellingAndMarketingExpenses": 0,
    "sellingGeneralAndAdministrativeExpenses": 322853000,
    "otherExpenses": 136962000,
    "operatingExpenses": 459815000,
    "costAndExpenses": 593781000,
    "interestIncome": 1149000,
    "interestExpense": 70830000,
    "depreciationAndAmortization": 108876000,
    "ebitda": -136627000,
    "ebitdaratio": -0.4701402916,
    "operatingIncome": -303172000,
    "operatingIncomeRatio": -1.0432299069,
    "totalOtherIncomeExpensesNet": -13161000,
    "incomeBeforeTax": -316333000,
    "incomeBeforeTaxRatio": -1.0885175614,
    "incomeTaxExpense": 6389000,
    "netIncome": -307193000,
    "netIncomeRatio": -1.0570663675,
    "eps": -1.44,
    "epsdiluted": -1.44,
    "weightedAverageShsOut": 214531958,
    "weightedAverageShsOutDil": 214531958,
    "link": "https://www.sec.gov/Archives/edgar/data/1335258/000133525821000058/0001335258-21-000058-index.htm",
    "finalLink": "https://www.sec.gov/Archives/edgar/data/1335258/000133525821000058/lyv-20210331.htm"
  },
  {
    "date": "2020-12-31",
    "symbol": "LYV",
    "reportedCurrency": "USD",
    "cik": "0001335258",
    "fillingDate": "2021-03-01",
    "acceptedDate": "2021-03-01 16:51:51",
    "calendarYear": "2020",
    "period": "Q4",
    "revenue": 237383000,
    "costOfRevenue": 203274000,
    "grossProfit": 34109000,
    "grossProfitRatio": 0.1436876272,
    "researchAndDevelopmentExpenses": 0,
    "generalAndAdministrativeExpenses": 281035000,
    "sellingAndMarketingExpenses": 0,
    "sellingGeneralAndAdministrativeExpenses": 281035000,
    "otherExpenses": 141088000,
    "operatingExpenses": 422123000,
    "costAndExpenses": 625397000,
    "interestIncome": 2025000,
    "interestExpense": 64051000,
    "depreciationAndAmortization": 120240000,
    "ebitda": -258993000,
    "ebitdaratio": -1.0910343201,
    "operatingIncome": -388014000,
    "operatingIncomeRatio": -1.634548388,
    "totalOtherIncomeExpensesNet": -55270000,
    "incomeBeforeTax": -443284000,
    "incomeBeforeTaxRatio": -1.8673788772,
    "incomeTaxExpense": 20542000,
    "netIncome": -443332000,
    "netIncomeRatio": -1.867581082,
    "eps": 0,
    "epsdiluted": 0,
    "weightedAverageShsOut": 212593719,
    "weightedAverageShsOutDil": 212593719,
    "link": "https://www.sec.gov/Archives/edgar/data/1335258/000133525821000009/0001335258-21-000009-index.htm",
    "finalLink": "https://www.sec.gov/Archives/edgar/data/1335258/000133525821000009/lyv-20201231.htm"
  },
  {
    "date": "2020-09-30",
    "symbol": "LYV",
    "reportedCurrency": "USD",
    "cik": "0001335258",
    "fillingDate": "2020-11-05",
    "acceptedDate": "2020-11-05 16:34:33",
    "calendarYear": "2020",
    "period": "Q3",
    "revenue": 184018000,
    "costOfRevenue": 130749000,
    "grossProfit": 53269000,
    "grossProfitRatio": 0.2894771164,
    "researchAndDevelopmentExpenses": 0,
    "generalAndAdministrativeExpenses": 405934000,
    "sellingAndMarketingExpenses": 0,
    "sellingGeneralAndAdministrativeExpenses": 405934000,
    "otherExpenses": 151776000,
    "operatingExpenses": 557710000,
    "costAndExpenses": 688459000,
    "interestIncome": 2810000,
    "interestExpense": 66093000,
    "depreciationAndAmortization": 119938000,
    "ebitda": -373331000,
    "ebitdaratio": -2.028774359,
    "operatingIncome": -504441000,
    "operatingIncomeRatio": -2.7412590073,
    "totalOtherIncomeExpensesNet": -54921000,
    "incomeBeforeTax": -559362000,
    "incomeBeforeTaxRatio": -3.0397135063,
    "incomeTaxExpense": -16904000,
    "netIncome": -528902000,
    "netIncomeRatio": -2.8741862209,
    "eps": -2.45,
    "epsdiluted": -2.45,
    "weightedAverageShsOut": 212593719,
    "weightedAverageShsOutDil": 212593719,
    "link": "https://www.sec.gov/Archives/edgar/data/1335258/000133525820000163/0001335258-20-000163-index.htm",
    "finalLink": "https://www.sec.gov/Archives/edgar/data/1335258/000133525820000163/lyv-20200930.htm"
  },
  {
    "date": "2020-06-30",
    "symbol": "LYV",
    "reportedCurrency": "USD",
    "cik": "0001335258",
    "fillingDate": "2020-08-05",
    "acceptedDate": "2020-08-05 16:34:29",
    "calendarYear": "2020",
    "period": "Q2",
    "revenue": 74084000,
    "costOfRevenue": 194557000,
    "grossProfit": -120473000,
    "grossProfitRatio": -1.6261675935,
    "researchAndDevelopmentExpenses": 0,
    "generalAndAdministrativeExpenses": 323352000,
    "sellingAndMarketingExpenses": 0,
    "sellingGeneralAndAdministrativeExpenses": 323352000,
    "otherExpenses": 144242000,
    "operatingExpenses": 467594000,
    "costAndExpenses": 662151000,
    "interestIncome": 2429000,
    "interestExpense": 52689000,
    "depreciationAndAmortization": 122767000,
    "ebitda": -464311000,
    "ebitdaratio": -6.2673586739,
    "operatingIncome": -588067000,
    "operatingIncomeRatio": -7.9378408293,
    "totalOtherIncomeExpensesNet": -51700000,
    "incomeBeforeTax": -639767000,
    "incomeBeforeTaxRatio": -8.6356973166,
    "incomeTaxExpense": -29183000,
    "netIncome": -567517000,
    "netIncomeRatio": -7.6604529993,
    "eps": -2.67,
    "epsdiluted": -2.67,
    "weightedAverageShsOut": 211693923,
    "weightedAverageShsOutDil": 211693923,
    "link": "https://www.sec.gov/Archives/edgar/data/1335258/000133525820000150/0001335258-20-000150-index.htm",
    "finalLink": "https://www.sec.gov/Archives/edgar/data/1335258/000133525820000150/lyv-20200630.htm"
  },
  {
    "date": "2020-03-31",
    "symbol": "LYV",
    "reportedCurrency": "USD",
    "cik": "0001335258",
    "fillingDate": "2020-05-07",
    "acceptedDate": "2020-05-07 16:59:55",
    "calendarYear": "2020",
    "period": "Q1",
    "revenue": 1365693000,
    "costOfRevenue": 873820000,
    "grossProfit": 491873000,
    "grossProfitRatio": 0.3601636678,
    "researchAndDevelopmentExpenses": 0,
    "generalAndAdministrativeExpenses": 514021000,
    "sellingAndMarketingExpenses": 0,
    "sellingGeneralAndAdministrativeExpenses": 514021000,
    "otherExpenses": 150522000,
    "operatingExpenses": 664543000,
    "costAndExpenses": 1538363000,
    "interestIncome": 4473000,
    "interestExpense": 43999000,
    "depreciationAndAmortization": 122080000,
    "ebitda": -48173000,
    "ebitdaratio": -0.0352736669,
    "operatingIncome": -172670000,
    "operatingIncomeRatio": -0.1264339789,
    "totalOtherIncomeExpensesNet": -41582000,
    "incomeBeforeTax": -214252000,
    "incomeBeforeTaxRatio": -0.1568815246,
    "incomeTaxExpense": -3330000,
    "netIncome": -184784000,
    "netIncomeRatio": -0.1353042009,
    "eps": -0.94,
    "epsdiluted": -0.94,
    "weightedAverageShsOut": 211048294,
    "weightedAverageShsOutDil": 211048294,
    "link": "https://www.sec.gov/Archives/edgar/data/1335258/000133525820000081/0001335258-20-000081-index.htm",
    "finalLink": "https://www.sec.gov/Archives/edgar/data/1335258/000133525820000081/lyv-20200331.htm"
  },
  {
    "date": "2019-12-31",
    "symbol": "LYV",
    "reportedCurrency": "USD",
    "cik": "0001335258",
    "fillingDate": "2020-06-30",
    "acceptedDate": "2020-06-30 16:37:33",
    "calendarYear": "2019",
    "period": "Q4",
    "revenue": 2889448000,
    "costOfRevenue": 2187735000,
    "grossProfit": 701713000,
    "grossProfitRatio": 0.2428536523,
    "researchAndDevelopmentExpenses": 0,
    "generalAndAdministrativeExpenses": 624576000,
    "sellingAndMarketingExpenses": 0,
    "sellingGeneralAndAdministrativeExpenses": 624576000,
    "otherExpenses": 160057000,
    "operatingExpenses": 784633000,
    "costAndExpenses": 2972368000,
    "interestIncome": 2177000,
    "interestExpense": 47627000,
    "depreciationAndAmortization": 114947000,
    "ebitda": 32839000,
    "ebitdaratio": 0.0113651466,
    "operatingIncome": -82920000,
    "operatingIncomeRatio": -0.0286975228,
    "totalOtherIncomeExpensesNet": -46815000,
    "incomeBeforeTax": -129735000,
    "incomeBeforeTaxRatio": -0.0448995794,
    "incomeTaxExpense": 6904000,
    "netIncome": -159947000,
    "netIncomeRatio": -0.0553555558,
    "eps": 0,
    "epsdiluted": 0,
    "weightedAverageShsOut": 210783610,
    "weightedAverageShsOutDil": 211048294,
    "link": "https://www.sec.gov/Archives/edgar/data/1335258/000133525820000134/0001335258-20-000134-index.htm",
    "finalLink": "https://www.sec.gov/Archives/edgar/data/1335258/000133525820000134/lyv-20191231.htm"
  },
  {
    "date": "2019-09-30",
    "symbol": "LYV",
    "reportedCurrency": "USD",
    "cik": "0001335258",
    "fillingDate": "2019-10-31",
    "acceptedDate": "2019-10-31 16:33:23",
    "calendarYear": "2019",
    "period": "Q3",
    "revenue": 3773684000,
    "costOfRevenue": 2800429000,
    "grossProfit": 973255000,
    "grossProfitRatio": 0.2579058024,
    "researchAndDevelopmentExpenses": 0,
    "generalAndAdministrativeExpenses": 542547000,
    "sellingAndMarketingExpenses": 0,
    "sellingGeneralAndAdministrativeExpenses": 542547000,
    "otherExpenses": 170667000,
    "operatingExpenses": 713214000,
    "costAndExpenses": 3513643000,
    "interestIncome": 5863000,
    "interestExpense": 36587000,
    "depreciationAndAmortization": 126306000,
    "ebitda": 384145000,
    "ebitdaratio": 0.1017957518,
    "operatingIncome": 260041000,
    "operatingIncomeRatio": 0.0689090554,
    "totalOtherIncomeExpensesNet": -38789000,
    "incomeBeforeTax": 221252000,
    "incomeBeforeTaxRatio": 0.0586302404,
    "incomeTaxExpense": 27280000,
    "netIncome": 178925000,
    "netIncomeRatio": 0.0474138799,
    "eps": 0.74,
    "epsdiluted": 0.71,
    "weightedAverageShsOut": 210621971,
    "weightedAverageShsOutDil": 218957376,
    "link": "https://www.sec.gov/Archives/edgar/data/1335258/000133525819000141/0001335258-19-000141-index.htm",
    "finalLink": "https://www.sec.gov/Archives/edgar/data/1335258/000133525819000141/lyv-20190930.htm"
  },
  {
    "date": "2019-06-30",
    "symbol": "LYV",
    "reportedCurrency": "USD",
    "cik": "0001335258",
    "fillingDate": "2019-07-25",
    "acceptedDate": "2019-07-25 16:36:17",
    "calendarYear": "2019",
    "period": "Q2",
    "revenue": 3157009000,
    "costOfRevenue": 2327414000,
    "grossProfit": 829595000,
    "grossProfitRatio": 0.2627787884,
    "researchAndDevelopmentExpenses": 0,
    "generalAndAdministrativeExpenses": 513497000,
    "sellingAndMarketingExpenses": 0,
    "sellingGeneralAndAdministrativeExpenses": 513497000,
    "otherExpenses": 144512000,
    "operatingExpenses": 658009000,
    "costAndExpenses": 2985423000,
    "interestIncome": 3818000,
    "interestExpense": 36792000,
    "depreciationAndAmortization": 103826000,
    "ebitda": 285488000,
    "ebitdaratio": 0.0904298974,
    "operatingIncome": 171586000,
    "operatingIncomeRatio": 0.0543508112,
    "totalOtherIncomeExpensesNet": -26716000,
    "incomeBeforeTax": 144870000,
    "incomeBeforeTaxRatio": 0.0458883709,
    "incomeTaxExpense": 28750000,
    "netIncome": 103355000,
    "netIncomeRatio": 0.0327382659,
    "eps": 0.43,
    "epsdiluted": 0.41,
    "weightedAverageShsOut": 209998048,
    "weightedAverageShsOutDil": 219977612,
    "link": "https://www.sec.gov/Archives/edgar/data/1335258/000133525819000102/0001335258-19-000102-index.htm",
    "finalLink": "https://www.sec.gov/Archives/edgar/data/1335258/000133525819000102/lyv-2019630x10q.htm"
  },
  {
    "date": "2019-03-31",
    "symbol": "LYV",
    "reportedCurrency": "USD",
    "cik": "0001335258",
    "fillingDate": "2019-05-02",
    "acceptedDate": "2019-05-02 16:32:48",
    "calendarYear": "2019",
    "period": "Q1",
    "revenue": 1727828000,
    "costOfRevenue": 1151604000,
    "grossProfit": 576224000,
    "grossProfitRatio": 0.3334961582,
    "researchAndDevelopmentExpenses": 0,
    "generalAndAdministrativeExpenses": 464866000,
    "sellingAndMarketingExpenses": 0,
    "sellingGeneralAndAdministrativeExpenses": 464866000,
    "otherExpenses": 135221000,
    "operatingExpenses": 600087000,
    "costAndExpenses": 1751691000,
    "interestIncome": 2548000,
    "interestExpense": 36515000,
    "depreciationAndAmortization": 98912000,
    "ebitda": 84144000,
    "ebitdaratio": 0.0486992918,
    "operatingIncome": -23863000,
    "operatingIncomeRatio": -0.0138109812,
    "totalOtherIncomeExpensesNet": -27420000,
    "incomeBeforeTax": -51283000,
    "incomeBeforeTaxRatio": -0.0296806164,
    "incomeTaxExpense": 3958000,
    "netIncome": -52444000,
    "netIncomeRatio": -0.0303525582,
    "eps": -0.31,
    "epsdiluted": -0.31,
    "weightedAverageShsOut": 208908323,
    "weightedAverageShsOutDil": 208908323,
    "link": "https://www.sec.gov/Archives/edgar/data/1335258/000133525819000044/0001335258-19-000044-index.htm",
    "finalLink": "https://www.sec.gov/Archives/edgar/data/1335258/000133525819000044/lyv-2019331x10q.htm"
  },
  {
    "date": "2018-12-31",
    "symbol": "LYV",
    "reportedCurrency": "USD",
    "cik": "0001335258",
    "fillingDate": "2019-02-28",
    "acceptedDate": "2019-02-28 16:48:26",
    "calendarYear": "2018",
    "period": "Q4",
    "revenue": 2601855000,
    "costOfRevenue": 1976385000,
    "grossProfit": 625470000,
    "grossProfitRatio": 0.2403938728,
    "researchAndDevelopmentExpenses": 0,
    "generalAndAdministrativeExpenses": 561325000,
    "sellingAndMarketingExpenses": 0,
    "sellingGeneralAndAdministrativeExpenses": 561325000,
    "otherExpenses": 154523000,
    "operatingExpenses": 715848000,
    "costAndExpenses": 2692233000,
    "interestIncome": 2813000,
    "interestExpense": 36779000,
    "depreciationAndAmortization": 109267000,
    "ebitda": 15912000,
    "ebitdaratio": 0.0061156367,
    "operatingIncome": -90378000,
    "operatingIncomeRatio": -0.0347359864,
    "totalOtherIncomeExpensesNet": -39756000,
    "incomeBeforeTax": -130134000,
    "incomeBeforeTaxRatio": -0.0500158541,
    "incomeTaxExpense": 5051000,
    "netIncome": -147887000,
    "netIncomeRatio": -0.0568390629,
    "eps": 0,
    "epsdiluted": 0,
    "weightedAverageShsOut": 208081770,
    "weightedAverageShsOutDil": 208908323,
    "link": "https://www.sec.gov/Archives/edgar/data/1335258/000133525819000024/0001335258-19-000024-index.htm",
    "finalLink": "https://www.sec.gov/Archives/edgar/data/1335258/000133525819000024/lyv-20181231x10k.htm"
  },
  {
    "date": "2018-09-30",
    "symbol": "LYV",
    "reportedCurrency": "USD",
    "cik": "0001335258",
    "fillingDate": "2018-11-01",
    "acceptedDate": "2018-11-01 16:41:06",
    "calendarYear": "2018",
    "period": "Q3",
    "revenue": 3835246000,
    "costOfRevenue": 2924356000,
    "grossProfit": 910890000,
    "grossProfitRatio": 0.2375049736,
    "researchAndDevelopmentExpenses": 0,
    "generalAndAdministrativeExpenses": 524654000,
    "sellingAndMarketingExpenses": 0,
    "sellingGeneralAndAdministrativeExpenses": 524654000,
    "otherExpenses": 152017000,
    "operatingExpenses": 676671000,
    "costAndExpenses": 3601027000,
    "interestIncome": 2260000,
    "interestExpense": 35993000,
    "depreciationAndAmortization": 99606000,
    "ebitda": 335827000,
    "ebitdaratio": 0.0875633532,
    "operatingIncome": 234219000,
    "operatingIncomeRatio": 0.0610701374,
    "totalOtherIncomeExpensesNet": -33991000,
    "incomeBeforeTax": 200228000,
    "incomeBeforeTaxRatio": 0.0522073421,
    "incomeTaxExpense": 17031000,
    "netIncome": 172683000,
    "netIncomeRatio": 0.0450252735,
    "eps": 0.73,
    "epsdiluted": 0.7,
    "weightedAverageShsOut": 207614413,
    "weightedAverageShsOutDil": 216788983,
    "link": "https://www.sec.gov/Archives/edgar/data/1335258/000133525818000148/0001335258-18-000148-index.htm",
    "finalLink": "https://www.sec.gov/Archives/edgar/data/1335258/000133525818000148/lyv-2018930x10q.htm"
  },
  {
    "date": "2018-06-30",
    "symbol": "LYV",
    "reportedCurrency": "USD",
    "cik": "0001335258",
    "fillingDate": "2018-07-26",
    "acceptedDate": "2018-07-26 16:36:31",
    "calendarYear": "2018",
    "period": "Q2",
    "revenue": 2868315000,
    "costOfRevenue": 2135107000,
    "grossProfit": 733208000,
    "grossProfitRatio": 0.2556232492,
    "researchAndDevelopmentExpenses": 0,
    "generalAndAdministrativeExpenses": 476438000,
    "sellingAndMarketingExpenses": 0,
    "sellingGeneralAndAdministrativeExpenses": 476438000,
    "otherExpenses": 122045000,
    "operatingExpenses": 598483000,
    "costAndExpenses": 2733590000,
    "interestIncome": 2705000,
    "interestExpense": 35519000,
    "depreciationAndAmortization": 89785000,
    "ebitda": 220459000,
    "ebitdaratio": 0.0768601078,
    "operatingIncome": 134725000,
    "operatingIncomeRatio": 0.0469700852,
    "totalOtherIncomeExpensesNet": -39570000,
    "incomeBeforeTax": 95155000,
    "incomeBeforeTaxRatio": 0.0331745293,
    "incomeTaxExpense": 11799000,
    "netIncome": 69359000,
    "netIncomeRatio": 0.0241810959,
    "eps": 0.25,
    "epsdiluted": 0.24,
    "weightedAverageShsOut": 207331781,
    "weightedAverageShsOutDil": 215105119,
    "link": "https://www.sec.gov/Archives/edgar/data/1335258/000133525818000113/0001335258-18-000113-index.htm",
    "finalLink": "https://www.sec.gov/Archives/edgar/data/1335258/000133525818000113/lyv-2018630x10q.htm"
  },
  {
    "date": "2018-03-31",
    "symbol": "LYV",
    "reportedCurrency": "USD",
    "cik": "0001335258",
    "fillingDate": "2018-05-03",
    "acceptedDate": "2018-05-03 16:32:36",
    "calendarYear": "2018",
    "period": "Q1",
    "revenue": 1482384000,
    "costOfRevenue": 932084000,
    "grossProfit": 550300000,
    "grossProfitRatio": 0.3712263489,
    "researchAndDevelopmentExpenses": 0,
    "generalAndAdministrativeExpenses": 434611000,
    "sellingAndMarketingExpenses": 0,
    "sellingGeneralAndAdministrativeExpenses": 434611000,
    "otherExpenses": 121719000,
    "operatingExpenses": 556330000,
    "costAndExpenses": 1488414000,
    "interestIncome": 1183000,
    "interestExpense": 32684000,
    "depreciationAndAmortization": 87871000,
    "ebitda": 86411000,
    "ebitdaratio": 0.0582919136,
    "operatingIncome": -6030000,
    "operatingIncomeRatio": -0.0040677719,
    "totalOtherIncomeExpensesNet": -28114000,
    "incomeBeforeTax": -34144000,
    "incomeBeforeTaxRatio": -0.0230331682,
    "incomeTaxExpense": 6884000,
    "netIncome": -33906000,
    "netIncomeRatio": -0.022872616,
    "eps": -0.24,
    "epsdiluted": -0.24,
    "weightedAverageShsOut": 206728167,
    "weightedAverageShsOutDil": 206728167,
    "link": "https://www.sec.gov/Archives/edgar/data/1335258/000133525818000064/0001335258-18-000064-index.htm",
    "finalLink": "https://www.sec.gov/Archives/edgar/data/1335258/000133525818000064/lyv-2018331x10q.htm"
  },
  {
    "date": "2017-12-31",
    "symbol": "LYV",
    "reportedCurrency": "USD",
    "cik": "0001335258",
    "fillingDate": "2018-06-29",
    "acceptedDate": "2018-06-29 16:09:57",
    "calendarYear": "2017",
    "period": "Q4",
    "revenue": 2546156000,
    "costOfRevenue": 1947491000,
    "grossProfit": 598665000,
    "grossProfitRatio": 0.2351250277,
    "researchAndDevelopmentExpenses": 0,
    "generalAndAdministrativeExpenses": 614166000,
    "sellingAndMarketingExpenses": 0,
    "sellingGeneralAndAdministrativeExpenses": 614166000,
    "otherExpenses": 186516000,
    "operatingExpenses": 800682000,
    "costAndExpenses": 2748173000,
    "interestIncome": 2270000,
    "interestExpense": 26158000,
    "depreciationAndAmortization": 149717000,
    "ebitda": -57250000,
    "ebitdaratio": -0.0224848752,
    "operatingIncome": -202017000,
    "operatingIncomeRatio": -0.0793419571,
    "totalOtherIncomeExpensesNet": -31108000,
    "incomeBeforeTax": -233125000,
    "incomeBeforeTaxRatio": -0.0915595902,
    "incomeTaxExpense": -59344000,
    "netIncome": -190893000,
    "netIncomeRatio": -0.0749730181,
    "eps": 0,
    "epsdiluted": 0,
    "weightedAverageShsOut": 205970734,
    "weightedAverageShsOutDil": 206728167,
    "link": "https://www.sec.gov/Archives/edgar/data/1335258/000133525818000103/0001335258-18-000103-index.htm",
    "finalLink": "https://www.sec.gov/Archives/edgar/data/1335258/000133525818000103/lyv-20171231x10ka.htm"
  },
  {
    "date": "2017-09-30",
    "symbol": "LYV",
    "reportedCurrency": "USD",
    "cik": "0001335258",
    "fillingDate": "2017-11-02",
    "acceptedDate": "2017-11-02 16:32:07",
    "calendarYear": "2017",
    "period": "Q3",
    "revenue": 3440308000,
    "costOfRevenue": 2633940000,
    "grossProfit": 806368000,
    "grossProfitRatio": 0.2343883164,
    "researchAndDevelopmentExpenses": 0,
    "generalAndAdministrativeExpenses": 475864000,
    "sellingAndMarketingExpenses": 0,
    "sellingGeneralAndAdministrativeExpenses": 475864000,
    "otherExpenses": 129157000,
    "operatingExpenses": 605021000,
    "costAndExpenses": 3238961000,
    "interestIncome": 1471000,
    "interestExpense": 26627000,
    "depreciationAndAmortization": 89228000,
    "ebitda": 290310000,
    "ebitdaratio": 0.0843848865,
    "operatingIncome": 201347000,
    "operatingIncomeRatio": 0.0585258645,
    "totalOtherIncomeExpensesNet": -26892000,
    "incomeBeforeTax": 174455000,
    "incomeBeforeTaxRatio": 0.0507091226,
    "incomeTaxExpense": 25685000,
    "netIncome": 136393000,
    "netIncomeRatio": 0.0396455782,
    "eps": 0.56,
    "epsdiluted": 0.53,
    "weightedAverageShsOut": 205287843,
    "weightedAverageShsOutDil": 223132186,
    "link": "https://www.sec.gov/Archives/edgar/data/1335258/000133525817000131/0001335258-17-000131-index.htm",
    "finalLink": "https://www.sec.gov/Archives/edgar/data/1335258/000133525817000131/lyv-2017930x10q.htm"
  },
  {
    "date": "2017-06-30",
    "symbol": "LYV",
    "reportedCurrency": "USD",
    "cik": "0001335258",
    "fillingDate": "2017-08-09",
    "acceptedDate": "2017-08-09 16:35:25",
    "calendarYear": "2017",
    "period": "Q2",
    "revenue": 2683585000,
    "costOfRevenue": 2022471000,
    "grossProfit": 661114000,
    "grossProfitRatio": 0.2463547829,
    "researchAndDevelopmentExpenses": 0,
    "generalAndAdministrativeExpenses": 434385000,
    "sellingAndMarketingExpenses": 0,
    "sellingGeneralAndAdministrativeExpenses": 434385000,
    "otherExpenses": 113296000,
    "operatingExpenses": 547681000,
    "costAndExpenses": 2570152000,
    "interestIncome": 1031000,
    "interestExpense": 26878000,
    "depreciationAndAmortization": 81165000,
    "ebitda": 198582000,
    "ebitdaratio": 0.073998774,
    "operatingIncome": 113433000,
    "operatingIncomeRatio": 0.0422692033,
    "totalOtherIncomeExpensesNet": -22894000,
    "incomeBeforeTax": 90539000,
    "incomeBeforeTaxRatio": 0.033738078,
    "incomeTaxExpense": 9984000,
    "netIncome": 81478000,
    "netIncomeRatio": 0.0303616245,
    "eps": 0.31,
    "epsdiluted": 0.29,
    "weightedAverageShsOut": 204688374,
    "weightedAverageShsOutDil": 213879152,
    "link": "https://www.sec.gov/Archives/edgar/data/1335258/000133525817000116/0001335258-17-000116-index.htm",
    "finalLink": "https://www.sec.gov/Archives/edgar/data/1335258/000133525817000116/lyv-2017630x10q.htm"
  },
  {
    "date": "2017-03-31",
    "symbol": "LYV",
    "reportedCurrency": "USD",
    "cik": "0001335258",
    "fillingDate": "2017-05-04",
    "acceptedDate": "2017-05-04 16:33:38",
    "calendarYear": "2017",
    "period": "Q1",
    "revenue": 1242879000,
    "costOfRevenue": 775261000,
    "grossProfit": 467618000,
    "grossProfitRatio": 0.3762377512,
    "researchAndDevelopmentExpenses": 0,
    "generalAndAdministrativeExpenses": 383308000,
    "sellingAndMarketingExpenses": 0,
    "sellingGeneralAndAdministrativeExpenses": 383308000,
    "otherExpenses": 105676000,
    "operatingExpenses": 488984000,
    "costAndExpenses": 1264245000,
    "interestIncome": 945000,
    "interestExpense": 26010000,
    "depreciationAndAmortization": 80532000,
    "ebitda": 65293000,
    "ebitdaratio": 0.0525336738,
    "operatingIncome": -21366000,
    "operatingIncomeRatio": -0.0171907322,
    "totalOtherIncomeExpensesNet": -19883000,
    "incomeBeforeTax": -41249000,
    "incomeBeforeTaxRatio": -0.0331882669,
    "incomeTaxExpense": 6521000,
    "netIncome": -32993000,
    "netIncomeRatio": -0.0265456251,
    "eps": -0.22,
    "epsdiluted": -0.22,
    "weightedAverageShsOut": 203730897,
    "weightedAverageShsOutDil": 203730897,
    "link": "https://www.sec.gov/Archives/edgar/data/1335258/000133525817000068/0001335258-17-000068-index.htm",
    "finalLink": "https://www.sec.gov/Archives/edgar/data/1335258/000133525817000068/lyv-2017331x10q.htm"
  },
  {
    "date": "2016-12-31",
    "symbol": "LYV",
    "reportedCurrency": "USD",
    "cik": "0001335258",
    "fillingDate": "2017-02-23",
    "acceptedDate": "2017-02-23 16:34:33",
    "calendarYear": "2016",
    "period": "Q4",
    "revenue": 1797544000,
    "costOfRevenue": 1264814000,
    "grossProfit": 532730000,
    "grossProfitRatio": 0.2963654854,
    "researchAndDevelopmentExpenses": 0,
    "generalAndAdministrativeExpenses": 421998000,
    "sellingAndMarketingExpenses": 0,
    "sellingGeneralAndAdministrativeExpenses": 421998000,
    "otherExpenses": 147947000,
    "operatingExpenses": 569945000,
    "costAndExpenses": 1834759000,
    "interestIncome": 742000,
    "interestExpense": 30541000,
    "depreciationAndAmortization": 108410000,
    "ebitda": 47852000,
    "ebitdaratio": 0.026620767,
    "operatingIncome": -37215000,
    "operatingIncomeRatio": -0.0207032484,
    "totalOtherIncomeExpensesNet": -53884000,
    "incomeBeforeTax": -91099000,
    "incomeBeforeTaxRatio": -0.0506797052,
    "incomeTaxExpense": 1872000,
    "netIncome": -101360000,
    "netIncomeRatio": -0.0563880495,
    "eps": 0,
    "epsdiluted": 0,
    "weightedAverageShsOut": 202592057,
    "weightedAverageShsOutDil": 203730897,
    "link": "https://www.sec.gov/Archives/edgar/data/1335258/000133525817000031/0001335258-17-000031-index.htm",
    "finalLink": "https://www.sec.gov/Archives/edgar/data/1335258/000133525817000031/lyv-20161231x10k.htm"
  },
  {
    "date": "2016-09-30",
    "symbol": "LYV",
    "reportedCurrency": "USD",
    "cik": "0001335258",
    "fillingDate": "2016-11-07",
    "acceptedDate": "2016-11-07 16:34:17",
    "calendarYear": "2016",
    "period": "Q3",
    "revenue": 3170416000,
    "costOfRevenue": 2428003000,
    "grossProfit": 742413000,
    "grossProfitRatio": 0.2341689545,
    "researchAndDevelopmentExpenses": 0,
    "generalAndAdministrativeExpenses": 414412000,
    "sellingAndMarketingExpenses": 0,
    "sellingGeneralAndAdministrativeExpenses": 414412000,
    "otherExpenses": 136715000,
    "operatingExpenses": 551127000,
    "costAndExpenses": 2979130000,
    "interestIncome": 625000,
    "interestExpense": 25249000,
    "depreciationAndAmortization": 104862000,
    "ebitda": 276696000,
    "ebitdaratio": 0.0872743514,
    "operatingIncome": 191286000,
    "operatingIncomeRatio": 0.060334669,
    "totalOtherIncomeExpensesNet": -44701000,
    "incomeBeforeTax": 146585000,
    "incomeBeforeTaxRatio": 0.0462352575,
    "incomeTaxExpense": 13824000,
    "netIncome": 111079000,
    "netIncomeRatio": 0.0350360962,
    "eps": 0.51,
    "epsdiluted": 0.49,
    "weightedAverageShsOut": 202118412,
    "weightedAverageShsOutDil": 217690217,
    "link": "https://www.sec.gov/Archives/edgar/data/1335258/000133525816000248/0001335258-16-000248-index.htm",
    "finalLink": "https://www.sec.gov/Archives/edgar/data/1335258/000133525816000248/lyv-2016930x10q.htm"
  },
  {
    "date": "2016-06-30",
    "symbol": "LYV",
    "reportedCurrency": "USD",
    "cik": "0001335258",
    "fillingDate": "2016-07-28",
    "acceptedDate": "2016-07-28 16:34:51",
    "calendarYear": "2016",
    "period": "Q2",
    "revenue": 2179258000,
    "costOfRevenue": 1605688000,
    "grossProfit": 573570000,
    "grossProfitRatio": 0.2631950875,
    "researchAndDevelopmentExpenses": 0,
    "generalAndAdministrativeExpenses": 374826000,
    "sellingAndMarketingExpenses": 0,
    "sellingGeneralAndAdministrativeExpenses": 374826000,
    "otherExpenses": 124585000,
    "operatingExpenses": 499411000,
    "costAndExpenses": 2105099000,
    "interestIncome": 650000,
    "interestExpense": 25284000,
    "depreciationAndAmortization": 95424000,
    "ebitda": 162575000,
    "ebitdaratio": 0.0746010798,
    "operatingIncome": 74159000,
    "operatingIncomeRatio": 0.0340294724,
    "totalOtherIncomeExpensesNet": -32292000,
    "incomeBeforeTax": 41867000,
    "incomeBeforeTaxRatio": 0.0192115849,
    "incomeTaxExpense": 5406000,
    "netIncome": 37741000,
    "netIncomeRatio": 0.0173182799,
    "eps": 0.13,
    "epsdiluted": 0.13,
    "weightedAverageShsOut": 201896009,
    "weightedAverageShsOutDil": 208601733,
    "link": "https://www.sec.gov/Archives/edgar/data/1335258/000133525816000235/0001335258-16-000235-index.htm",
    "finalLink": "https://www.sec.gov/Archives/edgar/data/1335258/000133525816000235/lyv-2016630x10q.htm"
  },
  {
    "date": "2016-03-31",
    "symbol": "LYV",
    "reportedCurrency": "USD",
    "cik": "0001335258",
    "fillingDate": "2016-05-03",
    "acceptedDate": "2016-05-03 16:32:45",
    "calendarYear": "2016",
    "period": "Q1",
    "revenue": 1207716000,
    "costOfRevenue": 784203000,
    "grossProfit": 423513000,
    "grossProfitRatio": 0.3506726747,
    "researchAndDevelopmentExpenses": 0,
    "generalAndAdministrativeExpenses": 337214000,
    "sellingAndMarketingExpenses": 0,
    "sellingGeneralAndAdministrativeExpenses": 337214000,
    "otherExpenses": 119589000,
    "operatingExpenses": 456803000,
    "costAndExpenses": 1241006000,
    "interestIncome": 556000,
    "interestExpense": 25432000,
    "depreciationAndAmortization": 94955000,
    "ebitda": 71360000,
    "ebitdaratio": 0.0590867389,
    "operatingIncome": -33290000,
    "operatingIncomeRatio": -0.0275644274,
    "totalOtherIncomeExpensesNet": -15737000,
    "incomeBeforeTax": -49027000,
    "incomeBeforeTaxRatio": -0.0405948087,
    "incomeTaxExpense": 6927000,
    "netIncome": -44518000,
    "netIncomeRatio": -0.0368613151,
    "eps": -0.29,
    "epsdiluted": -0.29,
    "weightedAverageShsOut": 201696142,
    "weightedAverageShsOutDil": 201696142,
    "link": "https://www.sec.gov/Archives/edgar/data/1335258/000133525816000187/0001335258-16-000187-index.htm",
    "finalLink": "https://www.sec.gov/Archives/edgar/data/1335258/000133525816000187/lyv-2016331x10q.htm"
  },
  {
    "date": "2015-12-31",
    "symbol": "LYV",
    "reportedCurrency": "USD",
    "cik": "0001335258",
    "fillingDate": "2016-06-29",
    "acceptedDate": "2016-06-29 14:03:52",
    "calendarYear": "2015",
    "period": "Q4",
    "revenue": 1736725000,
    "costOfRevenue": 1221763000,
    "grossProfit": 514962000,
    "grossProfitRatio": 0.2965132649,
    "researchAndDevelopmentExpenses": 0,
    "generalAndAdministrativeExpenses": 394549000,
    "sellingAndMarketingExpenses": 0,
    "sellingGeneralAndAdministrativeExpenses": 394549000,
    "otherExpenses": 160861000,
    "operatingExpenses": 555410000,
    "costAndExpenses": 1777173000,
    "interestIncome": 1109000,
    "interestExpense": 26024000,
    "depreciationAndAmortization": 125075000,
    "ebitda": 80152000,
    "ebitdaratio": 0.0461512329,
    "operatingIncome": -40448000,
    "operatingIncomeRatio": -0.0232898127,
    "totalOtherIncomeExpensesNet": -30499000,
    "incomeBeforeTax": -70947000,
    "incomeBeforeTaxRatio": -0.0408510271,
    "incomeTaxExpense": 2890000,
    "netIncome": -78334000,
    "netIncomeRatio": -0.0451044351,
    "eps": 0,
    "epsdiluted": 0,
    "weightedAverageShsOut": 201564509,
    "weightedAverageShsOutDil": 201696142,
    "link": "https://www.sec.gov/Archives/edgar/data/1335258/000133525816000225/0001335258-16-000225-index.htm",
    "finalLink": "https://www.sec.gov/Archives/edgar/data/1335258/000133525816000225/lyv2015123110ka.htm"
  },
  {
    "date": "2015-09-30",
    "symbol": "LYV",
    "reportedCurrency": "USD",
    "cik": "0001335258",
    "fillingDate": "2015-10-29",
    "acceptedDate": "2015-10-29 16:32:21",
    "calendarYear": "2015",
    "period": "Q3",
    "revenue": 2622917000,
    "costOfRevenue": 1974322000,
    "grossProfit": 648595000,
    "grossProfitRatio": 0.2472800321,
    "researchAndDevelopmentExpenses": 0,
    "generalAndAdministrativeExpenses": 365220000,
    "sellingAndMarketingExpenses": 0,
    "sellingGeneralAndAdministrativeExpenses": 365220000,
    "otherExpenses": 129865000,
    "operatingExpenses": 495085000,
    "costAndExpenses": 2469407000,
    "interestIncome": 460000,
    "interestExpense": 25844000,
    "depreciationAndAmortization": 99054000,
    "ebitda": 242857000,
    "ebitdaratio": 0.0925904251,
    "operatingIncome": 153510000,
    "operatingIncomeRatio": 0.0585264421,
    "totalOtherIncomeExpensesNet": -35551000,
    "incomeBeforeTax": 117959000,
    "incomeBeforeTaxRatio": 0.0449724486,
    "incomeTaxExpense": 13577000,
    "netIncome": 89049000,
    "netIncomeRatio": 0.033950369,
    "eps": 0.39,
    "epsdiluted": 0.38,
    "weightedAverageShsOut": 201392591,
    "weightedAverageShsOutDil": 208738780,
    "link": "https://www.sec.gov/Archives/edgar/data/1335258/000133525815000127/0001335258-15-000127-index.htm",
    "finalLink": "https://www.sec.gov/Archives/edgar/data/1335258/000133525815000127/lyv-2015930x10q.htm"
  },
  {
    "date": "2015-06-30",
    "symbol": "LYV",
    "reportedCurrency": "USD",
    "cik": "0001335258",
    "fillingDate": "2015-08-10",
    "acceptedDate": "2015-08-10 16:33:01",
    "calendarYear": "2015",
    "period": "Q2",
    "revenue": 1765777000,
    "costOfRevenue": 1279099000,
    "grossProfit": 486678000,
    "grossProfitRatio": 0.2756169097,
    "researchAndDevelopmentExpenses": 0,
    "generalAndAdministrativeExpenses": 329570000,
    "sellingAndMarketingExpenses": 0,
    "sellingGeneralAndAdministrativeExpenses": 329570000,
    "otherExpenses": 114863000,
    "operatingExpenses": 444433000,
    "costAndExpenses": 1723532000,
    "interestIncome": 394000,
    "interestExpense": 25650000,
    "depreciationAndAmortization": 88571000,
    "ebitda": 139343000,
    "ebitdaratio": 0.0789131357,
    "operatingIncome": 42245000,
    "operatingIncomeRatio": 0.0239243121,
    "totalOtherIncomeExpensesNet": -17123000,
    "incomeBeforeTax": 25122000,
    "incomeBeforeTaxRatio": 0.0142271646,
    "incomeTaxExpense": 4910000,
    "netIncome": 15056000,
    "netIncomeRatio": 0.008526558,
    "eps": 0.06,
    "epsdiluted": 0.06,
    "weightedAverageShsOut": 200767811,
    "weightedAverageShsOutDil": 208778589,
    "link": "https://www.sec.gov/Archives/edgar/data/1335258/000133525815000114/0001335258-15-000114-index.htm",
    "finalLink": "https://www.sec.gov/Archives/edgar/data/1335258/000133525815000114/lyv-2015630x10q.htm"
  },
  {
    "date": "2015-03-31",
    "symbol": "LYV",
    "reportedCurrency": "USD",
    "cik": "0001335258",
    "fillingDate": "2015-04-30",
    "acceptedDate": "2015-04-30 16:33:57",
    "calendarYear": "2015",
    "period": "Q1",
    "revenue": 1120312000,
    "costOfRevenue": 721289000,
    "grossProfit": 399023000,
    "grossProfitRatio": 0.3561713166,
    "researchAndDevelopmentExpenses": 0,
    "generalAndAdministrativeExpenses": 314545000,
    "sellingAndMarketingExpenses": 0,
    "sellingGeneralAndAdministrativeExpenses": 314545000,
    "otherExpenses": 108413000,
    "operatingExpenses": 422958000,
    "costAndExpenses": 1144247000,
    "interestIncome": 1565000,
    "interestExpense": 25363000,
    "depreciationAndAmortization": 84541000,
    "ebitda": 44123000,
    "ebitdaratio": 0.0393845643,
    "operatingIncome": -23935000,
    "operatingIncomeRatio": -0.0213645842,
    "totalOtherIncomeExpensesNet": -41846000,
    "incomeBeforeTax": -65781000,
    "incomeBeforeTaxRatio": -0.0587166789,
    "incomeTaxExpense": 745000,
    "netIncome": -58279000,
    "netIncomeRatio": -0.0520203301,
    "eps": -0.31,
    "epsdiluted": -0.31,
    "weightedAverageShsOut": 200155435,
    "weightedAverageShsOutDil": 200155435,
    "link": "https://www.sec.gov/Archives/edgar/data/1335258/000133525815000047/0001335258-15-000047-index.htm",
    "finalLink": "https://www.sec.gov/Archives/edgar/data/1335258/000133525815000047/lyv-2015331x10q.htm"
  },
  {
    "date": "2014-12-31",
    "symbol": "LYV",
    "reportedCurrency": "USD",
    "cik": "0001335258",
    "fillingDate": "2015-02-26",
    "acceptedDate": "2015-02-26 16:36:16",
    "calendarYear": "2014",
    "period": "Q4",
    "revenue": 1571855000,
    "costOfRevenue": 1127603000,
    "grossProfit": 444252000,
    "grossProfitRatio": 0.2826291229,
    "researchAndDevelopmentExpenses": 0,
    "generalAndAdministrativeExpenses": 352154000,
    "sellingAndMarketingExpenses": 0,
    "sellingGeneralAndAdministrativeExpenses": 352154000,
    "otherExpenses": 278916000,
    "operatingExpenses": 631070000,
    "costAndExpenses": 1758673000,
    "interestIncome": 930000,
    "interestExpense": 26117000,
    "depreciationAndAmortization": 111411000,
    "ebitda": -73362000,
    "ebitdaratio": -0.0466722439,
    "operatingIncome": -186818000,
    "operatingIncomeRatio": -0.1188519297,
    "totalOtherIncomeExpensesNet": -24072000,
    "incomeBeforeTax": -210890000,
    "incomeBeforeTaxRatio": -0.1341663194,
    "incomeTaxExpense": 5112000,
    "netIncome": -186456000,
    "netIncomeRatio": -0.1186216286,
    "eps": 0,
    "epsdiluted": 0,
    "weightedAverageShsOut": 199659413,
    "weightedAverageShsOutDil": 200155435,
    "link": "https://www.sec.gov/Archives/edgar/data/1335258/000133525815000026/0001335258-15-000026-index.htm",
    "finalLink": "https://www.sec.gov/Archives/edgar/data/1335258/000133525815000026/lyv-20141231x10k.htm"
  },
  {
    "date": "2014-09-30",
    "symbol": "LYV",
    "reportedCurrency": "USD",
    "cik": "0001335258",
    "fillingDate": "2014-10-30",
    "acceptedDate": "2014-10-30 16:32:28",
    "calendarYear": "2014",
    "period": "Q3",
    "revenue": 2502008000,
    "costOfRevenue": 1876519000,
    "grossProfit": 625489000,
    "grossProfitRatio": 0.2499948042,
    "researchAndDevelopmentExpenses": 0,
    "generalAndAdministrativeExpenses": 349676000,
    "sellingAndMarketingExpenses": 0,
    "sellingGeneralAndAdministrativeExpenses": 349676000,
    "otherExpenses": 125209000,
    "operatingExpenses": 474885000,
    "costAndExpenses": 2351404000,
    "interestIncome": 864000,
    "interestExpense": 28113000,
    "depreciationAndAmortization": 97925000,
    "ebitda": 238961000,
    "ebitdaratio": 0.0955076882,
    "operatingIncome": 150604000,
    "operatingIncomeRatio": 0.0601932528,
    "totalOtherIncomeExpensesNet": -37914000,
    "incomeBeforeTax": 112690000,
    "incomeBeforeTaxRatio": 0.045039824,
    "incomeTaxExpense": -3137000,
    "netIncome": 105163000,
    "netIncomeRatio": 0.0420314403,
    "eps": 0.52,
    "epsdiluted": 0.49,
    "weightedAverageShsOut": 199261810,
    "weightedAverageShsOutDil": 221581583,
    "link": "https://www.sec.gov/Archives/edgar/data/1335258/000133525814000123/0001335258-14-000123-index.htm",
    "finalLink": "https://www.sec.gov/Archives/edgar/data/1335258/000133525814000123/lyv-2014930x10q.htm"
  },
  {
    "date": "2014-06-30",
    "symbol": "LYV",
    "reportedCurrency": "USD",
    "cik": "0001335258",
    "fillingDate": "2014-07-31",
    "acceptedDate": "2014-07-31 16:37:16",
    "calendarYear": "2014",
    "period": "Q2",
    "revenue": 1665785000,
    "costOfRevenue": 1184696000,
    "grossProfit": 481089000,
    "grossProfitRatio": 0.2888061785,
    "researchAndDevelopmentExpenses": 0,
    "generalAndAdministrativeExpenses": 325925000,
    "sellingAndMarketingExpenses": 0,
    "sellingGeneralAndAdministrativeExpenses": 325925000,
    "otherExpenses": 99478000,
    "operatingExpenses": 425403000,
    "costAndExpenses": 1610099000,
    "interestIncome": 1146000,
    "interestExpense": 27590000,
    "depreciationAndAmortization": 76219000,
    "ebitda": 134341000,
    "ebitdaratio": 0.0806472624,
    "operatingIncome": 55686000,
    "operatingIncomeRatio": 0.0334292841,
    "totalOtherIncomeExpensesNet": -25154000,
    "incomeBeforeTax": 30532000,
    "incomeBeforeTaxRatio": 0.018328896,
    "incomeTaxExpense": 4710000,
    "netIncome": 22934000,
    "netIncomeRatio": 0.0137676831,
    "eps": 0.11,
    "epsdiluted": 0.11,
    "weightedAverageShsOut": 198701762,
    "weightedAverageShsOutDil": 205989271,
    "link": "https://www.sec.gov/Archives/edgar/data/1335258/000133525814000106/0001335258-14-000106-index.htm",
    "finalLink": "https://www.sec.gov/Archives/edgar/data/1335258/000133525814000106/lyv-2014630x10q.htm"
  },
  {
    "date": "2014-03-31",
    "symbol": "LYV",
    "reportedCurrency": "USD",
    "cik": "0001335258",
    "fillingDate": "2014-05-06",
    "acceptedDate": "2014-05-06 16:33:23",
    "calendarYear": "2014",
    "period": "Q1",
    "revenue": 1127316000,
    "costOfRevenue": 731151000,
    "grossProfit": 396165000,
    "grossProfitRatio": 0.3514232034,
    "researchAndDevelopmentExpenses": 0,
    "generalAndAdministrativeExpenses": 302405000,
    "sellingAndMarketingExpenses": 0,
    "sellingGeneralAndAdministrativeExpenses": 302405000,
    "otherExpenses": 106068000,
    "operatingExpenses": 408473000,
    "costAndExpenses": 1139624000,
    "interestIncome": 666000,
    "interestExpense": 24492000,
    "depreciationAndAmortization": 82588000,
    "ebitda": 74928000,
    "ebitdaratio": 0.0664658357,
    "operatingIncome": -12308000,
    "operatingIncomeRatio": -0.010917968,
    "totalOtherIncomeExpensesNet": -19844000,
    "incomeBeforeTax": -32152000,
    "incomeBeforeTaxRatio": -0.0285208407,
    "incomeTaxExpense": -2055000,
    "netIncome": -32448000,
    "netIncomeRatio": -0.0287834112,
    "eps": -0.16,
    "epsdiluted": -0.16,
    "weightedAverageShsOut": 197857662,
    "weightedAverageShsOutDil": 197857662,
    "link": "https://www.sec.gov/Archives/edgar/data/1335258/000133525814000049/0001335258-14-000049-index.htm",
    "finalLink": "https://www.sec.gov/Archives/edgar/data/1335258/000133525814000049/lyv-2014331x10q.htm"
  },
  {
    "date": "2013-12-31",
    "symbol": "LYV",
    "reportedCurrency": "USD",
    "cik": "0001335258",
    "fillingDate": "2014-02-24",
    "acceptedDate": "2014-02-24 16:42:56",
    "calendarYear": "2013",
    "period": "Q4",
    "revenue": 1613100000,
    "costOfRevenue": 1194924000,
    "grossProfit": 418176000,
    "grossProfitRatio": 0.259237493,
    "researchAndDevelopmentExpenses": 0,
    "generalAndAdministrativeExpenses": 326646000,
    "sellingAndMarketingExpenses": 0,
    "sellingGeneralAndAdministrativeExpenses": 326646000,
    "otherExpenses": 142524000,
    "operatingExpenses": 469170000,
    "costAndExpenses": 1664094000,
    "interestIncome": 866000,
    "interestExpense": 24074000,
    "depreciationAndAmortization": 111341000,
    "ebitda": 58662000,
    "ebitdaratio": 0.0363660033,
    "operatingIncome": -50994000,
    "operatingIncomeRatio": -0.0316124233,
    "totalOtherIncomeExpensesNet": -25759000,
    "incomeBeforeTax": -76753000,
    "incomeBeforeTaxRatio": -0.0475810551,
    "incomeTaxExpense": 4508000,
    "netIncome": -82043000,
    "netIncomeRatio": -0.050860455,
    "eps": 0,
    "epsdiluted": 0,
    "weightedAverageShsOut": 197163406,
    "weightedAverageShsOutDil": 197857662,
    "link": "https://www.sec.gov/Archives/edgar/data/1335258/000133525814000027/0001335258-14-000027-index.htm",
    "finalLink": "https://www.sec.gov/Archives/edgar/data/1335258/000133525814000027/lyv-20131231x10k.htm"
  },
  {
    "date": "2013-09-30",
    "symbol": "LYV",
    "reportedCurrency": "USD",
    "cik": "0001335258",
    "fillingDate": "2013-11-05",
    "acceptedDate": "2013-11-05 16:37:24",
    "calendarYear": "2013",
    "period": "Q3",
    "revenue": 2262236000,
    "costOfRevenue": 1698731000,
    "grossProfit": 563505000,
    "grossProfitRatio": 0.2490920488,
    "researchAndDevelopmentExpenses": 0,
    "generalAndAdministrativeExpenses": 325005000,
    "sellingAndMarketingExpenses": 0,
    "sellingGeneralAndAdministrativeExpenses": 325005000,
    "otherExpenses": 112463000,
    "operatingExpenses": 437468000,
    "costAndExpenses": 2136199000,
    "interestIncome": 1547000,
    "interestExpense": 29393000,
    "depreciationAndAmortization": 92729000,
    "ebitda": 186950000,
    "ebitdaratio": 0.082639477,
    "operatingIncome": 126037000,
    "operatingIncomeRatio": 0.0557134623,
    "totalOtherIncomeExpensesNet": -61209000,
    "incomeBeforeTax": 64828000,
    "incomeBeforeTaxRatio": 0.0286566035,
    "incomeTaxExpense": 14410000,
    "netIncome": 43774000,
    "netIncomeRatio": 0.0193498822,
    "eps": 0.22,
    "epsdiluted": 0.22,
    "weightedAverageShsOut": 196396704,
    "weightedAverageShsOutDil": 202109783,
    "link": "https://www.sec.gov/Archives/edgar/data/1335258/000133525813000032/0001335258-13-000032-index.htm",
    "finalLink": "https://www.sec.gov/Archives/edgar/data/1335258/000133525813000032/lyv-2013930x10q.htm"
  },
  {
    "date": "2013-06-30",
    "symbol": "LYV",
    "reportedCurrency": "USD",
    "cik": "0001335258",
    "fillingDate": "2013-08-06",
    "acceptedDate": "2013-08-06 16:25:54",
    "calendarYear": "2013",
    "period": "Q2",
    "revenue": 1679513000,
    "costOfRevenue": 1209918000,
    "grossProfit": 469595000,
    "grossProfitRatio": 0.2796018846,
    "researchAndDevelopmentExpenses": 0,
    "generalAndAdministrativeExpenses": 295719000,
    "sellingAndMarketingExpenses": 0,
    "sellingGeneralAndAdministrativeExpenses": 295719000,
    "otherExpenses": 76070000,
    "operatingExpenses": 371789000,
    "costAndExpenses": 1581707000,
    "interestIncome": 890000,
    "interestExpense": 30041000,
    "depreciationAndAmortization": 82688000,
    "ebitda": 180145000,
    "ebitdaratio": 0.1072602594,
    "operatingIncome": 97806000,
    "operatingIncomeRatio": 0.0582347383,
    "totalOtherIncomeExpensesNet": -30390000,
    "incomeBeforeTax": 67416000,
    "incomeBeforeTaxRatio": 0.0401402073,
    "incomeTaxExpense": 8401000,
    "netIncome": 58130000,
    "netIncomeRatio": 0.0346112236,
    "eps": 0.3,
    "epsdiluted": 0.3,
    "weightedAverageShsOut": 193069783,
    "weightedAverageShsOutDil": 196770405,
    "link": "https://www.sec.gov/Archives/edgar/data/1335258/000133525813000021/0001335258-13-000021-index.htm",
    "finalLink": "https://www.sec.gov/Archives/edgar/data/1335258/000133525813000021/lyv-2013630x10q.htm"
  },
  {
    "date": "2013-03-31",
    "symbol": "LYV",
    "reportedCurrency": "USD",
    "cik": "0001335258",
    "fillingDate": "2013-05-07",
    "acceptedDate": "2013-05-07 16:41:45",
    "calendarYear": "2013",
    "period": "Q1",
    "revenue": 923698000,
    "costOfRevenue": 576934000,
    "grossProfit": 346764000,
    "grossProfitRatio": 0.3754084127,
    "researchAndDevelopmentExpenses": 0,
    "generalAndAdministrativeExpenses": 279522000,
    "sellingAndMarketingExpenses": 0,
    "sellingGeneralAndAdministrativeExpenses": 279522000,
    "otherExpenses": 100431000,
    "operatingExpenses": 379953000,
    "costAndExpenses": 956887000,
    "interestIncome": 1768000,
    "interestExpense": 28151000,
    "depreciationAndAmortization": 82165000,
    "ebitda": 49688000,
    "ebitdaratio": 0.0537924733,
    "operatingIncome": -33189000,
    "operatingIncomeRatio": -0.0359305747,
    "totalOtherIncomeExpensesNet": -27439000,
    "incomeBeforeTax": -60628000,
    "incomeBeforeTaxRatio": -0.0656361711,
    "incomeTaxExpense": 3559000,
    "netIncome": -63239000,
    "netIncomeRatio": -0.0684628526,
    "eps": -0.33,
    "epsdiluted": -0.33,
    "weightedAverageShsOut": 188827190,
    "weightedAverageShsOutDil": 188827190,
    "link": "https://www.sec.gov/Archives/edgar/data/1335258/000133525813000007/0001335258-13-000007-index.htm",
    "finalLink": "https://www.sec.gov/Archives/edgar/data/1335258/000133525813000007/lyv-2013331x10q.htm"
  },
  {
    "date": "2012-12-31",
    "symbol": "LYV",
    "reportedCurrency": "USD",
    "cik": "0001335258",
    "fillingDate": "2013-02-26",
    "acceptedDate": "2013-02-26 16:58:02",
    "calendarYear": "2012",
    "period": "Q4",
    "revenue": 1437227000,
    "costOfRevenue": 1048271000,
    "grossProfit": 388956000,
    "grossProfitRatio": 0.270629483,
    "researchAndDevelopmentExpenses": 0,
    "generalAndAdministrativeExpenses": 0,
    "sellingAndMarketingExpenses": 0,
    "sellingGeneralAndAdministrativeExpenses": 229234000,
    "otherExpenses": 286041000,
    "operatingExpenses": 515275000,
    "costAndExpenses": 1563546000,
    "interestIncome": 1345000,
    "interestExpense": 29007000,
    "depreciationAndAmortization": 170901000,
    "ebitda": 42783000,
    "ebitdaratio": 0.0297677402,
    "operatingIncome": -126319000,
    "operatingIncomeRatio": -0.0878907786,
    "totalOtherIncomeExpensesNet": -30806000,
    "incomeBeforeTax": -157125000,
    "incomeBeforeTaxRatio": -0.1093251101,
    "incomeTaxExpense": 8280000,
    "netIncome": -159717000,
    "netIncomeRatio": -0.111128583,
    "eps": 0,
    "epsdiluted": 0,
    "weightedAverageShsOut": 187250411,
    "weightedAverageShsOutDil": 188827190,
    "link": "https://www.sec.gov/Archives/edgar/data/1335258/000119312513077102/0001193125-13-077102-index.htm",
    "finalLink": "https://www.sec.gov/Archives/edgar/data/1335258/000119312513077102/d466140d10k.htm"
  },
  {
    "date": "2012-09-30",
    "symbol": "LYV",
    "reportedCurrency": "USD",
    "cik": "0001335258",
    "fillingDate": "2012-11-05",
    "acceptedDate": "2012-11-05 16:40:20",
    "calendarYear": "2012",
    "period": "Q3",
    "revenue": 1963146000,
    "costOfRevenue": 1457423000,
    "grossProfit": 505723000,
    "grossProfitRatio": 0.2576084509,
    "researchAndDevelopmentExpenses": 0,
    "generalAndAdministrativeExpenses": 283846000,
    "sellingAndMarketingExpenses": 0,
    "sellingGeneralAndAdministrativeExpenses": 283846000,
    "otherExpenses": 117362000,
    "operatingExpenses": 401208000,
    "costAndExpenses": 1858631000,
    "interestIncome": 994000,
    "interestExpense": 35535000,
    "depreciationAndAmortization": 84684000,
    "ebitda": 200345000,
    "ebitdaratio": 0.1020530312,
    "operatingIncome": 104515000,
    "operatingIncomeRatio": 0.0532385263,
    "totalOtherIncomeExpensesNet": -24389000,
    "incomeBeforeTax": 80126000,
    "incomeBeforeTaxRatio": 0.0408150998,
    "incomeTaxExpense": 11950000,
    "netIncome": 57948000,
    "netIncomeRatio": 0.0295179268,
    "eps": 0.31,
    "epsdiluted": 0.31,
    "weightedAverageShsOut": 187153788,
    "weightedAverageShsOutDil": 189754343,
    "link": "https://www.sec.gov/Archives/edgar/data/1335258/000119312512451958/0001193125-12-451958-index.htm",
    "finalLink": "https://www.sec.gov/Archives/edgar/data/1335258/000119312512451958/d406890d10q.htm"
  },
  {
    "date": "2012-06-30",
    "symbol": "LYV",
    "reportedCurrency": "USD",
    "cik": "0001335258",
    "fillingDate": "2012-08-07",
    "acceptedDate": "2012-08-07 16:35:27",
    "calendarYear": "2012",
    "period": "Q2",
    "revenue": 1550677000,
    "costOfRevenue": 1106869000,
    "grossProfit": 443808000,
    "grossProfitRatio": 0.286202736,
    "researchAndDevelopmentExpenses": 0,
    "generalAndAdministrativeExpenses": 280943000,
    "sellingAndMarketingExpenses": 0,
    "sellingGeneralAndAdministrativeExpenses": 280943000,
    "otherExpenses": 119897000,
    "operatingExpenses": 400840000,
    "costAndExpenses": 1507709000,
    "interestIncome": 931000,
    "interestExpense": 29488000,
    "depreciationAndAmortization": 94259000,
    "ebitda": 134535000,
    "ebitdaratio": 0.0867588802,
    "operatingIncome": 42968000,
    "operatingIncomeRatio": 0.0277091877,
    "totalOtherIncomeExpensesNet": -32180000,
    "incomeBeforeTax": 10788000,
    "incomeBeforeTaxRatio": 0.0069569614,
    "incomeTaxExpense": 5228000,
    "netIncome": 7692000,
    "netIncomeRatio": 0.0049604141,
    "eps": 0.04,
    "epsdiluted": 0.04,
    "weightedAverageShsOut": 186893774,
    "weightedAverageShsOutDil": 189325338,
    "link": "https://www.sec.gov/Archives/edgar/data/1335258/000119312512341040/0001193125-12-341040-index.htm",
    "finalLink": "https://www.sec.gov/Archives/edgar/data/1335258/000119312512341040/d377556d10q.htm"
  },
  {
    "date": "2012-03-31",
    "symbol": "LYV",
    "reportedCurrency": "USD",
    "cik": "0001335258",
    "fillingDate": "2012-05-10",
    "acceptedDate": "2012-05-09 21:42:27",
    "calendarYear": "2012",
    "period": "Q1",
    "revenue": 867997000,
    "costOfRevenue": 538714000,
    "grossProfit": 329283000,
    "grossProfitRatio": 0.3793596061,
    "researchAndDevelopmentExpenses": 0,
    "generalAndAdministrativeExpenses": 268135000,
    "sellingAndMarketingExpenses": 0,
    "sellingGeneralAndAdministrativeExpenses": 268135000,
    "otherExpenses": 103951000,
    "operatingExpenses": 372086000,
    "costAndExpenses": 910800000,
    "interestIncome": 900000,
    "interestExpense": 29710000,
    "depreciationAndAmortization": 79713000,
    "ebitda": 43473000,
    "ebitdaratio": 0.0500842745,
    "operatingIncome": -42803000,
    "operatingIncomeRatio": -0.0493123824,
    "totalOtherIncomeExpensesNet": -23147000,
    "incomeBeforeTax": -65950000,
    "incomeBeforeTaxRatio": -0.0759795253,
    "incomeTaxExpense": 4278000,
    "netIncome": -69150000,
    "netIncomeRatio": -0.079666174,
    "eps": -0.37,
    "epsdiluted": -0.37,
    "weightedAverageShsOut": 186521520,
    "weightedAverageShsOutDil": 186521520,
    "link": "https://www.sec.gov/Archives/edgar/data/1335258/000119312512223061/0001193125-12-223061-index.htm",
    "finalLink": "https://www.sec.gov/Archives/edgar/data/1335258/000119312512223061/d341014d10q.htm"
  },
  {
    "date": "2011-12-31",
    "symbol": "LYV",
    "reportedCurrency": "USD",
    "cik": "0001335258",
    "fillingDate": "2012-02-24",
    "acceptedDate": "2012-02-23 19:41:09",
    "calendarYear": "2011",
    "period": "Q4",
    "revenue": 1185682000,
    "costOfRevenue": 817909000,
    "grossProfit": 367773000,
    "grossProfitRatio": 0.3101784458,
    "researchAndDevelopmentExpenses": 0,
    "generalAndAdministrativeExpenses": 0,
    "sellingAndMarketingExpenses": 0,
    "sellingGeneralAndAdministrativeExpenses": 328889000,
    "otherExpenses": 105568000,
    "operatingExpenses": 434457000,
    "costAndExpenses": 1252366000,
    "interestIncome": 1367000,
    "interestExpense": 29952000,
    "depreciationAndAmortization": 105269000,
    "ebitda": 42845000,
    "ebitdaratio": 0.0361353213,
    "operatingIncome": -66684000,
    "operatingIncomeRatio": -0.0562410495,
    "totalOtherIncomeExpensesNet": -25692000,
    "incomeBeforeTax": -92376000,
    "incomeBeforeTaxRatio": -0.0779095913,
    "incomeTaxExpense": 3320000,
    "netIncome": -99525000,
    "netIncomeRatio": -0.0839390326,
    "eps": 0,
    "epsdiluted": 0,
    "weightedAverageShsOut": 186204721,
    "weightedAverageShsOutDil": 186521520,
    "link": "https://www.sec.gov/Archives/edgar/data/1335258/000119312512075895/0001193125-12-075895-index.htm",
    "finalLink": "https://www.sec.gov/Archives/edgar/data/1335258/000119312512075895/d277780d10k.htm"
  },
  {
    "date": "2011-09-30",
    "symbol": "LYV",
    "reportedCurrency": "USD",
    "cik": "0001335258",
    "fillingDate": "2011-11-03",
    "acceptedDate": "2011-11-03 16:36:30",
    "calendarYear": "2011",
    "period": "Q3",
    "revenue": 1790025000,
    "costOfRevenue": 1286304000,
    "grossProfit": 503721000,
    "grossProfitRatio": 0.2814044497,
    "researchAndDevelopmentExpenses": 0,
    "generalAndAdministrativeExpenses": 0,
    "sellingAndMarketingExpenses": 0,
    "sellingGeneralAndAdministrativeExpenses": 309847000,
    "otherExpenses": 89065000,
    "operatingExpenses": 398912000,
    "costAndExpenses": 1685216000,
    "interestIncome": 1023000,
    "interestExpense": 30388000,
    "depreciationAndAmortization": 83341000,
    "ebitda": 185489000,
    "ebitdaratio": 0.1036236924,
    "operatingIncome": 104809000,
    "operatingIncomeRatio": 0.0585516962,
    "totalOtherIncomeExpensesNet": -33049000,
    "incomeBeforeTax": 71760000,
    "incomeBeforeTaxRatio": 0.0400888256,
    "incomeTaxExpense": 8739000,
    "netIncome": 51712000,
    "netIncomeRatio": 0.028888982,
    "eps": 0.28,
    "epsdiluted": 0.27,
    "weightedAverageShsOut": 186127846,
    "weightedAverageShsOutDil": 188531130,
    "link": "https://www.sec.gov/Archives/edgar/data/1335258/000119312511295230/0001193125-11-295230-index.htm",
    "finalLink": "https://www.sec.gov/Archives/edgar/data/1335258/000119312511295230/d248919d10q.htm"
  },
  {
    "date": "2011-06-30",
    "symbol": "LYV",
    "reportedCurrency": "USD",
    "cik": "0001335258",
    "fillingDate": "2011-08-08",
    "acceptedDate": "2011-08-08 16:24:20",
    "calendarYear": "2011",
    "period": "Q2",
    "revenue": 1558882000,
    "costOfRevenue": 1138151000,
    "grossProfit": 420731000,
    "grossProfitRatio": 0.2698927821,
    "researchAndDevelopmentExpenses": 0,
    "generalAndAdministrativeExpenses": 0,
    "sellingAndMarketingExpenses": 0,
    "sellingGeneralAndAdministrativeExpenses": 291385000,
    "otherExpenses": 76973000,
    "operatingExpenses": 368358000,
    "costAndExpenses": 1506509000,
    "interestIncome": 1298000,
    "interestExpense": 30845000,
    "depreciationAndAmortization": 76927000,
    "ebitda": 131045000,
    "ebitdaratio": 0.0840634506,
    "operatingIncome": 52373000,
    "operatingIncomeRatio": 0.0335965134,
    "totalOtherIncomeExpensesNet": -29100000,
    "incomeBeforeTax": 23273000,
    "incomeBeforeTaxRatio": 0.0149292891,
    "incomeTaxExpense": 6659000,
    "netIncome": 13257000,
    "netIncomeRatio": 0.0085041716,
    "eps": 0.07,
    "epsdiluted": 0.07,
    "weightedAverageShsOut": 180818826,
    "weightedAverageShsOutDil": 182790095,
    "link": "https://www.sec.gov/Archives/edgar/data/1335258/000119312511214277/0001193125-11-214277-index.htm",
    "finalLink": "https://www.sec.gov/Archives/edgar/data/1335258/000119312511214277/d10q.htm"
  },
  {
    "date": "2011-03-31",
    "symbol": "LYV",
    "reportedCurrency": "USD",
    "cik": "0001335258",
    "fillingDate": "2011-05-05",
    "acceptedDate": "2011-05-05 16:49:09",
    "calendarYear": "2011",
    "period": "Q1",
    "revenue": 849409000,
    "costOfRevenue": 547124000,
    "grossProfit": 302285000,
    "grossProfitRatio": 0.3558768508,
    "researchAndDevelopmentExpenses": 0,
    "generalAndAdministrativeExpenses": 0,
    "sellingAndMarketingExpenses": 0,
    "sellingGeneralAndAdministrativeExpenses": 294005000,
    "otherExpenses": 80441000,
    "operatingExpenses": 374446000,
    "costAndExpenses": 921570000,
    "interestIncome": 527000,
    "interestExpense": 29317000,
    "depreciationAndAmortization": 77481000,
    "ebitda": 7426000,
    "ebitdaratio": 0.0087425492,
    "operatingIncome": -72161000,
    "operatingIncomeRatio": -0.0849543624,
    "totalOtherIncomeExpensesNet": -27123000,
    "incomeBeforeTax": -99284000,
    "incomeBeforeTaxRatio": -0.116885976,
    "incomeTaxExpense": -44942000,
    "netIncome": -48460000,
    "netIncomeRatio": -0.0570514322,
    "eps": -0.27,
    "epsdiluted": -0.27,
    "weightedAverageShsOut": 176292809,
    "weightedAverageShsOutDil": 176292809,
    "link": "https://www.sec.gov/Archives/edgar/data/1335258/000119312511128635/0001193125-11-128635-index.htm",
    "finalLink": "https://www.sec.gov/Archives/edgar/data/1335258/000119312511128635/d10q.htm"
  },
  {
    "date": "2010-12-31",
    "symbol": "LYV",
    "reportedCurrency": "USD",
    "cik": "0001335258",
    "fillingDate": "2011-02-28",
    "acceptedDate": "2011-02-28 17:27:39",
    "calendarYear": "2010",
    "period": "Q4",
    "revenue": 1237846000,
    "costOfRevenue": 888851000,
    "grossProfit": 348995000,
    "grossProfitRatio": 0.2819373331,
    "researchAndDevelopmentExpenses": 0,
    "generalAndAdministrativeExpenses": 0,
    "sellingAndMarketingExpenses": 0,
    "sellingGeneralAndAdministrativeExpenses": 310369000,
    "otherExpenses": 141723000,
    "operatingExpenses": 452092000,
    "costAndExpenses": 1340943000,
    "interestIncome": 1613000,
    "interestExpense": 30754000,
    "depreciationAndAmortization": 140141000,
    "ebitda": 42902000,
    "ebitdaratio": 0.0346585924,
    "operatingIncome": -103097000,
    "operatingIncomeRatio": -0.0832874202,
    "totalOtherIncomeExpensesNet": -24896000,
    "incomeBeforeTax": -127993000,
    "incomeBeforeTaxRatio": -0.1033997767,
    "incomeTaxExpense": 2260000,
    "netIncome": -139294000,
    "netIncomeRatio": -0.1125293453,
    "eps": 0,
    "epsdiluted": 0,
    "weightedAverageShsOut": 170783313,
    "weightedAverageShsOutDil": 176292809,
    "link": "https://www.sec.gov/Archives/edgar/data/1335258/000119312511050243/0001193125-11-050243-index.htm",
    "finalLink": "https://www.sec.gov/Archives/edgar/data/1335258/000119312511050243/d10k.htm"
  },
  {
    "date": "2010-09-30",
    "symbol": "LYV",
    "reportedCurrency": "USD",
    "cik": "0001335258",
    "fillingDate": "2010-11-04",
    "acceptedDate": "2010-11-04 16:50:16",
    "calendarYear": "2010",
    "period": "Q3",
    "revenue": 1835806000,
    "costOfRevenue": 1388295000,
    "grossProfit": 447511000,
    "grossProfitRatio": 0.2437681324,
    "researchAndDevelopmentExpenses": 0,
    "generalAndAdministrativeExpenses": 0,
    "sellingAndMarketingExpenses": 0,
    "sellingGeneralAndAdministrativeExpenses": 272354000,
    "otherExpenses": 72051000,
    "operatingExpenses": 344405000,
    "costAndExpenses": 1732700000,
    "interestIncome": 715000,
    "interestExpense": 29414000,
    "depreciationAndAmortization": 70249000,
    "ebitda": 174905000,
    "ebitdaratio": 0.0952742283,
    "operatingIncome": 103106000,
    "operatingIncomeRatio": 0.0561638866,
    "totalOtherIncomeExpensesNet": -27730000,
    "incomeBeforeTax": 75376000,
    "incomeBeforeTaxRatio": 0.0410588047,
    "incomeTaxExpense": 10338000,
    "netIncome": 51007000,
    "netIncomeRatio": 0.0277845263,
    "eps": 0.3,
    "epsdiluted": 0.3,
    "weightedAverageShsOut": 170285159,
    "weightedAverageShsOutDil": 172302273,
    "link": "https://www.sec.gov/Archives/edgar/data/1335258/000119312510248245/0001193125-10-248245-index.htm",
    "finalLink": "https://www.sec.gov/Archives/edgar/data/1335258/000119312510248245/d10q.htm"
  },
  {
    "date": "2010-06-30",
    "symbol": "LYV",
    "reportedCurrency": "USD",
    "cik": "0001335258",
    "fillingDate": "2010-08-05",
    "acceptedDate": "2010-08-05 17:01:55",
    "calendarYear": "2010",
    "period": "Q2",
    "revenue": 1266735000,
    "costOfRevenue": 896283000,
    "grossProfit": 370452000,
    "grossProfitRatio": 0.2924463286,
    "researchAndDevelopmentExpenses": 0,
    "generalAndAdministrativeExpenses": 0,
    "sellingAndMarketingExpenses": 0,
    "sellingGeneralAndAdministrativeExpenses": 274781000,
    "otherExpenses": 70065000,
    "operatingExpenses": 344846000,
    "costAndExpenses": 1241129000,
    "interestIncome": 769000,
    "interestExpense": 29854000,
    "depreciationAndAmortization": 64308000,
    "ebitda": 71806000,
    "ebitdaratio": 0.0566858893,
    "operatingIncome": 25606000,
    "operatingIncomeRatio": 0.0202141727,
    "totalOtherIncomeExpensesNet": -48040000,
    "incomeBeforeTax": -22434000,
    "incomeBeforeTaxRatio": -0.0177100972,
    "incomeTaxExpense": 8408000,
    "netIncome": -32787000,
    "netIncomeRatio": -0.0258830774,
    "eps": -0.19,
    "epsdiluted": -0.19,
    "weightedAverageShsOut": 170007727,
    "weightedAverageShsOutDil": 170007727,
    "link": "https://www.sec.gov/Archives/edgar/data/1335258/000119312510179526/0001193125-10-179526-index.htm",
    "finalLink": "https://www.sec.gov/Archives/edgar/data/1335258/000119312510179526/d10q.htm"
  },
  {
    "date": "2010-03-31",
    "symbol": "LYV",
    "reportedCurrency": "USD",
    "cik": "0001335258",
    "fillingDate": "2010-05-10",
    "acceptedDate": "2010-05-10 17:16:40",
    "calendarYear": "2010",
    "period": "Q1",
    "revenue": 723361000,
    "costOfRevenue": 484756000,
    "grossProfit": 238605000,
    "grossProfitRatio": 0.329856047,
    "researchAndDevelopmentExpenses": 0,
    "generalAndAdministrativeExpenses": 0,
    "sellingAndMarketingExpenses": 0,
    "sellingGeneralAndAdministrativeExpenses": 268720000,
    "otherExpenses": 76221000,
    "operatingExpenses": 344941000,
    "costAndExpenses": 829697000,
    "interestIncome": 674000,
    "interestExpense": 26505000,
    "depreciationAndAmortization": 62633000,
    "ebitda": -41445000,
    "ebitdaratio": -0.0572950436,
    "operatingIncome": -106336000,
    "operatingIncomeRatio": -0.1470026722,
    "totalOtherIncomeExpensesNet": -24303000,
    "incomeBeforeTax": -130639000,
    "incomeBeforeTaxRatio": -0.1806000047,
    "incomeTaxExpense": -7991000,
    "netIncome": -122213000,
    "netIncomeRatio": -0.1689516023,
    "eps": -0.83,
    "epsdiluted": -0.84,
    "weightedAverageShsOut": 146300907,
    "weightedAverageShsOutDil": 146300907,
    "link": "https://www.sec.gov/Archives/edgar/data/1335258/000119312510114828/0001193125-10-114828-index.htm",
    "finalLink": "https://www.sec.gov/Archives/edgar/data/1335258/000119312510114828/d10q.htm"
  },
  {
    "date": "2009-12-31",
    "symbol": "LYV",
    "reportedCurrency": "USD",
    "cik": "0001335258",
    "fillingDate": "2010-02-25",
    "acceptedDate": "2010-02-25 16:50:52",
    "calendarYear": "2009",
    "period": "Q4",
    "revenue": 810452000,
    "costOfRevenue": 667848000,
    "grossProfit": 142604000,
    "grossProfitRatio": 0.1759561331,
    "researchAndDevelopmentExpenses": 0,
    "generalAndAdministrativeExpenses": 0,
    "sellingAndMarketingExpenses": 0,
    "sellingGeneralAndAdministrativeExpenses": 162206000,
    "otherExpenses": 59707000,
    "operatingExpenses": 221913000,
    "costAndExpenses": 889761000,
    "interestIncome": -2019000,
    "interestExpense": 15663000,
    "depreciationAndAmortization": 44995000,
    "ebitda": -31457000,
    "ebitdaratio": -0.0388141432,
    "operatingIncome": -79309000,
    "operatingIncomeRatio": -0.0978577386,
    "totalOtherIncomeExpensesNet": -12806000,
    "incomeBeforeTax": -92115000,
    "incomeBeforeTaxRatio": -0.1136587978,
    "incomeTaxExpense": -16897000,
    "netIncome": 479000,
    "netIncomeRatio": 0.0005910282,
    "eps": 0,
    "epsdiluted": 0,
    "weightedAverageShsOut": 146300907,
    "weightedAverageShsOutDil": 146300907,
    "link": "https://www.sec.gov/Archives/edgar/data/1335258/000119312510040804/0001193125-10-040804-index.htm",
    "finalLink": "https://www.sec.gov/Archives/edgar/data/1335258/000119312510040804/d10k.htm"
  },
  {
    "date": "2009-09-30",
    "symbol": "LYV",
    "reportedCurrency": "USD",
    "cik": "0001335258",
    "fillingDate": "2009-11-09",
    "acceptedDate": "2009-11-09 17:13:49",
    "calendarYear": "2009",
    "period": "Q3",
    "revenue": 1794588000,
    "costOfRevenue": 1467647000,
    "grossProfit": 326941000,
    "grossProfitRatio": 0.1821816484,
    "researchAndDevelopmentExpenses": 0,
    "generalAndAdministrativeExpenses": 16190000,
    "sellingAndMarketingExpenses": 158646000,
    "sellingGeneralAndAdministrativeExpenses": 174836000,
    "otherExpenses": 43706000,
    "operatingExpenses": 218542000,
    "costAndExpenses": 1686189000,
    "interestIncome": 348000,
    "interestExpense": 17438000,
    "depreciationAndAmortization": 37401000,
    "ebitda": 142447000,
    "ebitdaratio": 0.079375879,
    "operatingIncome": 108399000,
    "operatingIncomeRatio": 0.0604032792,
    "totalOtherIncomeExpensesNet": -20791000,
    "incomeBeforeTax": 87608000,
    "incomeBeforeTaxRatio": 0.0488178902,
    "incomeTaxExpense": 15215000,
    "netIncome": 69247000,
    "netIncomeRatio": 0.0385865725,
    "eps": 0.82,
    "epsdiluted": 0.78,
    "weightedAverageShsOut": 83631558,
    "weightedAverageShsOutDil": 92717666,
    "link": "https://www.sec.gov/Archives/edgar/data/1335258/000119312509229585/0001193125-09-229585-index.htm",
    "finalLink": "https://www.sec.gov/Archives/edgar/data/1335258/000119312509229585/d10q.htm"
  },
  {
    "date": "2009-06-30",
    "symbol": "LYV",
    "reportedCurrency": "USD",
    "cik": "0001335258",
    "fillingDate": "2009-08-06",
    "acceptedDate": "2009-08-06 16:39:15",
    "calendarYear": "2009",
    "period": "Q2",
    "revenue": 1047216000,
    "costOfRevenue": 838731000,
    "grossProfit": 208485000,
    "grossProfitRatio": 0.1990850025,
    "researchAndDevelopmentExpenses": 0,
    "generalAndAdministrativeExpenses": 0,
    "sellingAndMarketingExpenses": 0,
    "sellingGeneralAndAdministrativeExpenses": 166958000,
    "otherExpenses": 49662000,
    "operatingExpenses": 216620000,
    "costAndExpenses": 1055351000,
    "interestIncome": 589000,
    "interestExpense": 15951000,
    "depreciationAndAmortization": 36885000,
    "ebitda": 31046000,
    "ebitdaratio": 0.0296462239,
    "operatingIncome": -8135000,
    "operatingIncomeRatio": -0.0077682159,
    "totalOtherIncomeExpensesNet": -13568000,
    "incomeBeforeTax": -21703000,
    "incomeBeforeTaxRatio": -0.0207244733,
    "incomeTaxExpense": 8603000,
    "netIncome": -27198000,
    "netIncomeRatio": -0.0259717193,
    "eps": -0.33,
    "epsdiluted": -0.33,
    "weightedAverageShsOut": 83612409,
    "weightedAverageShsOutDil": 83612409,
    "link": "https://www.sec.gov/Archives/edgar/data/1335258/000119312509167262/0001193125-09-167262-index.htm",
    "finalLink": "https://www.sec.gov/Archives/edgar/data/1335258/000119312509167262/d10q.htm"
  },
  {
    "date": "2009-03-31",
    "symbol": "LYV",
    "reportedCurrency": "USD",
    "cik": "0001335258",
    "fillingDate": "2009-05-07",
    "acceptedDate": "2009-05-07 16:45:52",
    "calendarYear": "2009",
    "period": "Q1",
    "revenue": 484912000,
    "costOfRevenue": 373060000,
    "grossProfit": 111852000,
    "grossProfitRatio": 0.2306645329,
    "researchAndDevelopmentExpenses": 0,
    "generalAndAdministrativeExpenses": 0,
    "sellingAndMarketingExpenses": 0,
    "sellingGeneralAndAdministrativeExpenses": 154434000,
    "otherExpenses": 45677000,
    "operatingExpenses": 200111000,
    "costAndExpenses": 573171000,
    "interestIncome": 1082000,
    "interestExpense": 17313000,
    "depreciationAndAmortization": 43413000,
    "ebitda": -45367000,
    "ebitdaratio": -0.0935571815,
    "operatingIncome": -88259000,
    "operatingIncomeRatio": -0.1820103441,
    "totalOtherIncomeExpensesNet": -17776000,
    "incomeBeforeTax": -106035000,
    "incomeBeforeTaxRatio": -0.2186685419,
    "incomeTaxExpense": 86000,
    "netIncome": -102707000,
    "netIncomeRatio": -0.211805441,
    "eps": -1.29,
    "epsdiluted": -1.29,
    "weightedAverageShsOut": 79601562,
    "weightedAverageShsOutDil": 79601562,
    "link": "https://www.sec.gov/Archives/edgar/data/1335258/000119312509103490/0001193125-09-103490-index.htm",
    "finalLink": "https://www.sec.gov/Archives/edgar/data/1335258/000119312509103490/d10q.htm"
  },
  {
    "date": "2008-12-31",
    "symbol": "LYV",
    "reportedCurrency": "USD",
    "cik": "0001335258",
    "fillingDate": "2009-03-05",
    "acceptedDate": "2009-03-05 06:06:42",
    "calendarYear": "2008",
    "period": "Q4",
    "revenue": 915761000,
    "costOfRevenue": 787727000,
    "grossProfit": 128034000,
    "grossProfitRatio": 0.1398115884,
    "researchAndDevelopmentExpenses": 0,
    "generalAndAdministrativeExpenses": 0,
    "sellingAndMarketingExpenses": 0,
    "sellingGeneralAndAdministrativeExpenses": 124862000,
    "otherExpenses": 320515000,
    "operatingExpenses": 445377000,
    "costAndExpenses": 1233104000,
    "interestIncome": 0,
    "interestExpense": 47738000,
    "depreciationAndAmortization": 39633000,
    "ebitda": -268637000,
    "ebitdaratio": -0.2933483736,
    "operatingIncome": -317343000,
    "operatingIncomeRatio": -0.34653474,
    "totalOtherIncomeExpensesNet": -16718000,
    "incomeBeforeTax": -334061000,
    "incomeBeforeTaxRatio": -0.3647905949,
    "incomeTaxExpense": 15894000,
    "netIncome": -337526000,
    "netIncomeRatio": -0.3685743333,
    "eps": 0,
    "epsdiluted": 0,
    "weightedAverageShsOut": 77970117,
    "weightedAverageShsOutDil": 79601562,
    "link": "https://www.sec.gov/Archives/edgar/data/1335258/000119312509045320/0001193125-09-045320-index.htm",
    "finalLink": "https://www.sec.gov/Archives/edgar/data/1335258/000119312509045320/d10k.htm"
  },
  {
    "date": "2008-09-30",
    "symbol": "LYV",
    "reportedCurrency": "USD",
    "cik": "0001335258",
    "fillingDate": "2008-11-07",
    "acceptedDate": "2008-11-07 14:50:36",
    "calendarYear": "2008",
    "period": "Q3",
    "revenue": 1588653000,
    "costOfRevenue": 1295416000,
    "grossProfit": 293237000,
    "grossProfitRatio": 0.1845821586,
    "researchAndDevelopmentExpenses": 0,
    "generalAndAdministrativeExpenses": 0,
    "sellingAndMarketingExpenses": 0,
    "sellingGeneralAndAdministrativeExpenses": 187316000,
    "otherExpenses": 30332000,
    "operatingExpenses": 217648000,
    "costAndExpenses": 1513064000,
    "interestIncome": 0,
    "interestExpense": 0,
    "depreciationAndAmortization": 44786000,
    "ebitda": 120375000,
    "ebitdaratio": 0.0757717387,
    "operatingIncome": 75589000,
    "operatingIncomeRatio": 0.0475805604,
    "totalOtherIncomeExpensesNet": -14866000,
    "incomeBeforeTax": 60723000,
    "incomeBeforeTaxRatio": 0.0382229474,
    "incomeTaxExpense": -50697000,
    "netIncome": 139928000,
    "netIncomeRatio": 0.0880796499,
    "eps": 1.84,
    "epsdiluted": 1.67,
    "weightedAverageShsOut": 76230900,
    "weightedAverageShsOutDil": 84736808,
    "link": "https://www.sec.gov/Archives/edgar/data/1335258/000119312508229812/0001193125-08-229812-index.htm",
    "finalLink": "https://www.sec.gov/Archives/edgar/data/1335258/000119312508229812/d10q.htm"
  },
  {
    "date": "2008-06-30",
    "symbol": "LYV",
    "reportedCurrency": "USD",
    "cik": "0001335258",
    "fillingDate": "2008-08-07",
    "acceptedDate": "2008-08-07 17:05:22",
    "calendarYear": "2008",
    "period": "Q2",
    "revenue": 1129735000,
    "costOfRevenue": 891716000,
    "grossProfit": 238019000,
    "grossProfitRatio": 0.2106856918,
    "researchAndDevelopmentExpenses": 0,
    "generalAndAdministrativeExpenses": 0,
    "sellingAndMarketingExpenses": 0,
    "sellingGeneralAndAdministrativeExpenses": 177143000,
    "otherExpenses": 33042000,
    "operatingExpenses": 210185000,
    "costAndExpenses": 1101901000,
    "interestIncome": 3266000,
    "interestExpense": 14434000,
    "depreciationAndAmortization": 33223000,
    "ebitda": 63179000,
    "ebitdaratio": 0.0559237343,
    "operatingIncome": 27834000,
    "operatingIncomeRatio": 0.0246376363,
    "totalOtherIncomeExpensesNet": -14199000,
    "incomeBeforeTax": 13635000,
    "incomeBeforeTaxRatio": 0.0120692021,
    "incomeTaxExpense": 14072000,
    "netIncome": -652000,
    "netIncomeRatio": -0.0005771265,
    "eps": -0.01,
    "epsdiluted": -0.01,
    "weightedAverageShsOut": 75720739,
    "weightedAverageShsOutDil": 76791658,
    "link": "https://www.sec.gov/Archives/edgar/data/1335258/000119312508170244/0001193125-08-170244-index.htm",
    "finalLink": "https://www.sec.gov/Archives/edgar/data/1335258/000119312508170244/d10q.htm"
  },
  {
    "date": "2008-03-31",
    "symbol": "LYV",
    "reportedCurrency": "USD",
    "cik": "0001335258",
    "fillingDate": "2008-05-08",
    "acceptedDate": "2008-05-08 16:27:40",
    "calendarYear": "2008",
    "period": "Q1",
    "revenue": 532689000,
    "costOfRevenue": 402311000,
    "grossProfit": 130378000,
    "grossProfitRatio": 0.244754444,
    "researchAndDevelopmentExpenses": 0,
    "generalAndAdministrativeExpenses": 0,
    "sellingAndMarketingExpenses": 0,
    "sellingGeneralAndAdministrativeExpenses": 166038000,
    "otherExpenses": 34678000,
    "operatingExpenses": 200716000,
    "costAndExpenses": 603027000,
    "interestIncome": 2162000,
    "interestExpense": 15927000,
    "depreciationAndAmortization": 34544000,
    "ebitda": -32481000,
    "ebitdaratio": -0.0609755411,
    "operatingIncome": -70338000,
    "operatingIncomeRatio": -0.1320432748,
    "totalOtherIncomeExpensesNet": -14453000,
    "incomeBeforeTax": -84791000,
    "incomeBeforeTaxRatio": -0.1591754288,
    "incomeTaxExpense": -13962000,
    "netIncome": -37241000,
    "netIncomeRatio": -0.0699113366,
    "eps": -0.5,
    "epsdiluted": -0.5,
    "weightedAverageShsOut": 74984934,
    "weightedAverageShsOutDil": 74984934,
    "link": "https://www.sec.gov/Archives/edgar/data/1335258/000119312508107859/0001193125-08-107859-index.htm",
    "finalLink": "https://www.sec.gov/Archives/edgar/data/1335258/000119312508107859/d10q.htm"
  },
  {
    "date": "2007-12-31",
    "symbol": "LYV",
    "reportedCurrency": "USD",
    "cik": "0001335258",
    "fillingDate": "2008-02-29",
    "acceptedDate": "2008-02-29 12:38:55",
    "calendarYear": "2007",
    "period": "Q4",
    "revenue": 1013500000,
    "costOfRevenue": 819702000,
    "grossProfit": 193798000,
    "grossProfitRatio": 0.1912165762,
    "researchAndDevelopmentExpenses": 0,
    "generalAndAdministrativeExpenses": 0,
    "sellingAndMarketingExpenses": 0,
    "sellingGeneralAndAdministrativeExpenses": 178756000,
    "otherExpenses": 10852000,
    "operatingExpenses": 189608000,
    "costAndExpenses": 1009310000,
    "interestIncome": 0,
    "interestExpense": 0,
    "depreciationAndAmortization": 41902000,
    "ebitda": 46092000,
    "ebitdaratio": 0.0454780464,
    "operatingIncome": 4190000,
    "operatingIncomeRatio": 0.0041341885,
    "totalOtherIncomeExpensesNet": -12013000,
    "incomeBeforeTax": -7823000,
    "incomeBeforeTaxRatio": -0.0077187963,
    "incomeTaxExpense": 10539000,
    "netIncome": -18362000,
    "netIncomeRatio": -0.0181174149,
    "eps": 0,
    "epsdiluted": 0,
    "weightedAverageShsOut": 73299817,
    "weightedAverageShsOutDil": 74984934,
    "link": "https://www.sec.gov/Archives/edgar/data/1335258/000119312508043193/0001193125-08-043193-index.htm",
    "finalLink": "https://www.sec.gov/Archives/edgar/data/1335258/000119312508043193/d10k.htm"
  },
  {
    "date": "2007-09-30",
    "symbol": "LYV",
    "reportedCurrency": "USD",
    "cik": "0001335258",
    "fillingDate": "2007-11-08",
    "acceptedDate": "2007-11-08 16:53:24",
    "calendarYear": "2007",
    "period": "Q3",
    "revenue": 1452578000,
    "costOfRevenue": 1200071000,
    "grossProfit": 252507000,
    "grossProfitRatio": 0.1738336943,
    "researchAndDevelopmentExpenses": 0,
    "generalAndAdministrativeExpenses": 0,
    "sellingAndMarketingExpenses": 0,
    "sellingGeneralAndAdministrativeExpenses": 163245000,
    "otherExpenses": 20079000,
    "operatingExpenses": 183324000,
    "costAndExpenses": 1383395000,
    "interestIncome": 0,
    "interestExpense": 0,
    "depreciationAndAmortization": 27690000,
    "ebitda": 96873000,
    "ebitdaratio": 0.0666903946,
    "operatingIncome": 69183000,
    "operatingIncomeRatio": 0.047627735,
    "totalOtherIncomeExpensesNet": -15992000,
    "incomeBeforeTax": 53191000,
    "incomeBeforeTaxRatio": 0.0366183434,
    "incomeTaxExpense": 12240000,
    "netIncome": 41553000,
    "netIncomeRatio": 0.0286063812,
    "eps": 0.6,
    "epsdiluted": 0.55,
    "weightedAverageShsOut": 69398147,
    "weightedAverageShsOutDil": 78215047,
    "link": "https://www.sec.gov/Archives/edgar/data/1335258/000119312507240473/0001193125-07-240473-index.htm",
    "finalLink": "https://www.sec.gov/Archives/edgar/data/1335258/000119312507240473/d10q.htm"
  },
  {
    "date": "2007-06-30",
    "symbol": "LYV",
    "reportedCurrency": "USD",
    "cik": "0001335258",
    "fillingDate": "2007-08-09",
    "acceptedDate": "2007-08-09 16:12:38",
    "calendarYear": "2007",
    "period": "Q2",
    "revenue": 1039565000,
    "costOfRevenue": 814993000,
    "grossProfit": 224572000,
    "grossProfitRatio": 0.216024972,
    "researchAndDevelopmentExpenses": 0,
    "generalAndAdministrativeExpenses": 0,
    "sellingAndMarketingExpenses": 0,
    "sellingGeneralAndAdministrativeExpenses": 182426000,
    "otherExpenses": 5759000,
    "operatingExpenses": 188185000,
    "costAndExpenses": 1003178000,
    "interestIncome": 0,
    "interestExpense": 0,
    "depreciationAndAmortization": 25344000,
    "ebitda": 61731000,
    "ebitdaratio": 0.0593815683,
    "operatingIncome": 36387000,
    "operatingIncomeRatio": 0.0350021403,
    "totalOtherIncomeExpensesNet": -11117000,
    "incomeBeforeTax": 25270000,
    "incomeBeforeTaxRatio": 0.0243082443,
    "incomeTaxExpense": 15348000,
    "netIncome": 9922000,
    "netIncomeRatio": 0.0095443767,
    "eps": 0.15,
    "epsdiluted": 0.15,
    "weightedAverageShsOut": 65521804,
    "weightedAverageShsOutDil": 67702746,
    "link": "https://www.sec.gov/Archives/edgar/data/1335258/000119312507177474/0001193125-07-177474-index.htm",
    "finalLink": "https://www.sec.gov/Archives/edgar/data/1335258/000119312507177474/d10q.htm"
  },
  {
    "date": "2007-03-31",
    "symbol": "LYV",
    "reportedCurrency": "USD",
    "cik": "0001335258",
    "fillingDate": "2007-05-10",
    "acceptedDate": "2007-05-10 16:59:42",
    "calendarYear": "2007",
    "period": "Q1",
    "revenue": 520312000,
    "costOfRevenue": 373289000,
    "grossProfit": 147023000,
    "grossProfitRatio": 0.2825669983,
    "researchAndDevelopmentExpenses": 0,
    "generalAndAdministrativeExpenses": 0,
    "sellingAndMarketingExpenses": 0,
    "sellingGeneralAndAdministrativeExpenses": 152263000,
    "otherExpenses": 31637000,
    "operatingExpenses": 183900000,
    "costAndExpenses": 557189000,
    "interestIncome": 0,
    "interestExpense": 0,
    "depreciationAndAmortization": 27987000,
    "ebitda": -8890000,
    "ebitdaratio": -0.0170859023,
    "operatingIncome": -36877000,
    "operatingIncomeRatio": -0.0708747828,
    "totalOtherIncomeExpensesNet": -8906000,
    "incomeBeforeTax": -45783000,
    "incomeBeforeTaxRatio": -0.0879914359,
    "incomeTaxExpense": 5901000,
    "netIncome": -45049000,
    "netIncomeRatio": -0.0865807439,
    "eps": -0.69,
    "epsdiluted": -0.69,
    "weightedAverageShsOut": 65499719,
    "weightedAverageShsOutDil": 65499719,
    "link": "https://www.sec.gov/Archives/edgar/data/1335258/000119312507110414/0001193125-07-110414-index.htm",
    "finalLink": "https://www.sec.gov/Archives/edgar/data/1335258/000119312507110414/d10q.htm"
  },
  {
    "date": "2006-12-31",
    "symbol": "LYV",
    "reportedCurrency": "USD",
    "cik": "0001335258",
    "fillingDate": "2007-03-01",
    "acceptedDate": "2007-03-01 16:33:34",
    "calendarYear": "2006",
    "period": "Q4",
    "revenue": 1051973000,
    "costOfRevenue": 879270000,
    "grossProfit": 172703000,
    "grossProfitRatio": 0.1641705633,
    "researchAndDevelopmentExpenses": 0,
    "generalAndAdministrativeExpenses": 0,
    "sellingAndMarketingExpenses": 0,
    "sellingGeneralAndAdministrativeExpenses": 155610000,
    "otherExpenses": 34141000,
    "operatingExpenses": 189751000,
    "costAndExpenses": 1069021000,
    "interestIncome": 0,
    "interestExpense": 12421000,
    "depreciationAndAmortization": 34523000,
    "ebitda": 17475000,
    "ebitdaratio": 0.0166116431,
    "operatingIncome": -17048000,
    "operatingIncomeRatio": -0.0162057391,
    "totalOtherIncomeExpensesNet": -9285000,
    "incomeBeforeTax": -26333000,
    "incomeBeforeTaxRatio": -0.0250320113,
    "incomeTaxExpense": 6807000,
    "netIncome": -33140000,
    "netIncomeRatio": -0.0315027097,
    "eps": 0,
    "epsdiluted": 0,
    "weightedAverageShsOut": 65484548,
    "weightedAverageShsOutDil": 65499719,
    "link": "https://www.sec.gov/Archives/edgar/data/1335258/000095012907001097/0000950129-07-001097-index.htm",
    "finalLink": "https://www.sec.gov/Archives/edgar/data/1335258/000095012907001097/h44068e10vk.htm"
  },
  {
    "date": "2006-09-30",
    "symbol": "LYV",
    "reportedCurrency": "USD",
    "cik": "0001335258",
    "fillingDate": "2006-11-14",
    "acceptedDate": "2006-11-13 20:11:49",
    "calendarYear": "2006",
    "period": "Q3",
    "revenue": 1368221000,
    "costOfRevenue": 1132788000,
    "grossProfit": 235433000,
    "grossProfitRatio": 0.172072348,
    "researchAndDevelopmentExpenses": 0,
    "generalAndAdministrativeExpenses": 0,
    "sellingAndMarketingExpenses": 0,
    "sellingGeneralAndAdministrativeExpenses": 146911000,
    "otherExpenses": 60485000,
    "operatingExpenses": 207396000,
    "costAndExpenses": 1340184000,
    "interestIncome": 0,
    "interestExpense": 0,
    "depreciationAndAmortization": 62777000,
    "ebitda": 90814000,
    "ebitdaratio": 0.0663737803,
    "operatingIncome": 28037000,
    "operatingIncomeRatio": 0.0204915726,
    "totalOtherIncomeExpensesNet": -12807000,
    "incomeBeforeTax": 15230000,
    "incomeBeforeTaxRatio": 0.0111312427,
    "incomeTaxExpense": 24331000,
    "netIncome": -9101000,
    "netIncomeRatio": -0.0066517032,
    "eps": -0.14,
    "epsdiluted": -0.14,
    "weightedAverageShsOut": 65477685,
    "weightedAverageShsOutDil": 65477685,
    "link": "https://www.sec.gov/Archives/edgar/data/1335258/000095012906009663/0000950129-06-009663-index.htm",
    "finalLink": "https://www.sec.gov/Archives/edgar/data/1335258/000095012906009663/h41199e10vq.htm"
  },
  {
    "date": "2006-06-30",
    "symbol": "LYV",
    "reportedCurrency": "USD",
    "cik": "0001335258",
    "fillingDate": "2006-08-11",
    "acceptedDate": "2006-08-10 18:51:20",
    "calendarYear": "2006",
    "period": "Q2",
    "revenue": 768230000,
    "costOfRevenue": 604779000,
    "grossProfit": 163451000,
    "grossProfitRatio": 0.2127631048,
    "researchAndDevelopmentExpenses": 0,
    "generalAndAdministrativeExpenses": 0,
    "sellingAndMarketingExpenses": 0,
    "sellingGeneralAndAdministrativeExpenses": 137145000,
    "otherExpenses": 14624000,
    "operatingExpenses": 151769000,
    "costAndExpenses": 756548000,
    "interestIncome": 4496000,
    "interestExpense": 8348000,
    "depreciationAndAmortization": 16493000,
    "ebitda": 28175000,
    "ebitdaratio": 0.0366752145,
    "operatingIncome": 11682000,
    "operatingIncomeRatio": 0.0152063835,
    "totalOtherIncomeExpensesNet": 3354000,
    "incomeBeforeTax": 15036000,
    "incomeBeforeTaxRatio": 0.0195722635,
    "incomeTaxExpense": 5354000,
    "netIncome": 9682000,
    "netIncomeRatio": 0.0126029965,
    "eps": 0.15,
    "epsdiluted": 0.15,
    "weightedAverageShsOut": 64462679,
    "weightedAverageShsOutDil": 65329597,
    "link": "https://www.sec.gov/Archives/edgar/data/1335258/000095012906007810/0000950129-06-007810-index.htm",
    "finalLink": "https://www.sec.gov/Archives/edgar/data/1335258/000095012906007810/h38448e10vq.htm"
  },
  {
    "date": "2006-03-31",
    "symbol": "LYV",
    "reportedCurrency": "USD",
    "cik": "0001335258",
    "fillingDate": "2006-05-10",
    "acceptedDate": "2006-05-10 15:13:03",
    "calendarYear": "2006",
    "period": "Q1",
    "revenue": 516567000,
    "costOfRevenue": 377832000,
    "grossProfit": 138735000,
    "grossProfitRatio": 0.2685711631,
    "researchAndDevelopmentExpenses": 0,
    "generalAndAdministrativeExpenses": 0,
    "sellingAndMarketingExpenses": 0,
    "sellingGeneralAndAdministrativeExpenses": 123395000,
    "otherExpenses": 7277000,
    "operatingExpenses": 130672000,
    "costAndExpenses": 508504000,
    "interestIncome": 0,
    "interestExpense": 7813000,
    "depreciationAndAmortization": 15110000,
    "ebitda": 23173000,
    "ebitdaratio": 0.0448596213,
    "operatingIncome": 8063000,
    "operatingIncomeRatio": 0.0156088174,
    "totalOtherIncomeExpensesNet": -6228000,
    "incomeBeforeTax": 1835000,
    "incomeBeforeTaxRatio": 0.0035522982,
    "incomeTaxExpense": 718000,
    "netIncome": 5287000,
    "netIncomeRatio": 0.0102348776,
    "eps": 0.02,
    "epsdiluted": 0.02,
    "weightedAverageShsOut": 63971508,
    "weightedAverageShsOutDil": 64480376,
    "link": "https://www.sec.gov/Archives/edgar/data/1335258/000095012906005265/0000950129-06-005265-index.htm",
    "finalLink": "https://www.sec.gov/Archives/edgar/data/1335258/000095012906005265/h35972e10vq.htm"
  },
  {
    "date": "2005-12-31",
    "symbol": "LYV",
    "reportedCurrency": "USD",
    "cik": "0001335258",
    "fillingDate": "2006-03-21",
    "acceptedDate": "2006-03-21 16:19:01",
    "calendarYear": "2005",
    "period": "Q4",
    "revenue": 752257000,
    "costOfRevenue": 1150599000,
    "grossProfit": -398342000,
    "grossProfitRatio": -0.529529137,
    "researchAndDevelopmentExpenses": 0,
    "generalAndAdministrativeExpenses": 0,
    "sellingAndMarketingExpenses": 0,
    "sellingGeneralAndAdministrativeExpenses": -320683000,
    "otherExpenses": -14876000,
    "operatingExpenses": -335559000,
    "costAndExpenses": 815040000,
    "interestIncome": 0,
    "interestExpense": 14106000,
    "depreciationAndAmortization": 18239000,
    "ebitda": -44544000,
    "ebitdaratio": -0.0592138059,
    "operatingIncome": -62783000,
    "operatingIncomeRatio": -0.0834595092,
    "totalOtherIncomeExpensesNet": -13558000,
    "incomeBeforeTax": -76341000,
    "incomeBeforeTaxRatio": -0.101482605,
    "incomeTaxExpense": 58604000,
    "netIncome": -134945000,
    "netIncomeRatio": -0.1793868319,
    "eps": 0,
    "epsdiluted": 0,
    "weightedAverageShsOut": 67565000,
    "weightedAverageShsOutDil": 67565000,
    "link": "https://www.sec.gov/Archives/edgar/data/1335258/000095012906002894/0000950129-06-002894-index.htm",
    "finalLink": "https://www.sec.gov/Archives/edgar/data/1335258/000095012906002894/h34204e10vk.htm"
  },
  {
    "date": "2005-09-30",
    "symbol": "LYV",
    "reportedCurrency": "USD",
    "cik": "0001335258",
    "fillingDate": "2005-09-30",
    "acceptedDate": "2005-09-29 20:00:00",
    "calendarYear": "2005",
    "period": "Q3",
    "revenue": 998414000,
    "costOfRevenue": 781280000,
    "grossProfit": 217134000,
    "grossProfitRatio": 0.2174789216,
    "researchAndDevelopmentExpenses": 0,
    "generalAndAdministrativeExpenses": 0,
    "sellingAndMarketingExpenses": 0,
    "sellingGeneralAndAdministrativeExpenses": 128141000,
    "otherExpenses": 27125000,
    "operatingExpenses": 155266000,
    "costAndExpenses": 936546000,
    "interestIncome": 0,
    "interestExpense": 0,
    "depreciationAndAmortization": 15633000,
    "ebitda": 77501000,
    "ebitdaratio": 0.0776241118,
    "operatingIncome": 61868000,
    "operatingIncomeRatio": 0.0619662785,
    "totalOtherIncomeExpensesNet": -18396000,
    "incomeBeforeTax": 43472000,
    "incomeBeforeTaxRatio": 0.0435410561,
    "incomeTaxExpense": 17389000,
    "netIncome": 26083000,
    "netIncomeRatio": 0.0261244334,
    "eps": 0.39,
    "epsdiluted": 0.39,
    "weightedAverageShsOut": 67565000,
    "weightedAverageShsOutDil": 67565000,
    "link": "",
    "finalLink": ""
  },
  {
    "date": "2005-06-30",
    "symbol": "LYV",
    "reportedCurrency": "USD",
    "cik": "0001335258",
    "fillingDate": "2005-06-30",
    "acceptedDate": "2005-06-29 20:00:00",
    "calendarYear": "2005",
    "period": "Q2",
    "revenue": 741691000,
    "costOfRevenue": 583318000,
    "grossProfit": 158373000,
    "grossProfitRatio": 0.2135296235,
    "researchAndDevelopmentExpenses": 0,
    "generalAndAdministrativeExpenses": 0,
    "sellingAndMarketingExpenses": 0,
    "sellingGeneralAndAdministrativeExpenses": 120227000,
    "otherExpenses": 22888000,
    "operatingExpenses": 143115000,
    "costAndExpenses": 726433000,
    "interestIncome": 0,
    "interestExpense": 11702000,
    "depreciationAndAmortization": 15282000,
    "ebitda": 30540000,
    "ebitdaratio": 0.0411761771,
    "operatingIncome": 15258000,
    "operatingIncomeRatio": 0.0205719093,
    "totalOtherIncomeExpensesNet": -13641000,
    "incomeBeforeTax": 1617000,
    "incomeBeforeTaxRatio": 0.0021801532,
    "incomeTaxExpense": 647000,
    "netIncome": 970000,
    "netIncomeRatio": 0.0013078223,
    "eps": 0.0144,
    "epsdiluted": 0.0144,
    "weightedAverageShsOut": 67565000,
    "weightedAverageShsOutDil": 67565000,
    "link": "",
    "finalLink": ""
  },
  {
    "date": "2005-03-31",
    "symbol": "LYV",
    "reportedCurrency": "USD",
    "cik": "0001335258",
    "fillingDate": "2005-03-31",
    "acceptedDate": "2005-03-30 19:00:00",
    "calendarYear": "2005",
    "period": "Q1",
    "revenue": 444483000,
    "costOfRevenue": 314634000,
    "grossProfit": 129849000,
    "grossProfitRatio": 0.2921349073,
    "researchAndDevelopmentExpenses": 0,
    "generalAndAdministrativeExpenses": 0,
    "sellingAndMarketingExpenses": 0,
    "sellingGeneralAndAdministrativeExpenses": 123031000,
    "otherExpenses": 34344000,
    "operatingExpenses": 157375000,
    "costAndExpenses": 472009000,
    "interestIncome": 0,
    "interestExpense": 0,
    "depreciationAndAmortization": 15477000,
    "ebitda": -12049000,
    "ebitdaratio": -0.0271078984,
    "operatingIncome": -27526000,
    "operatingIncomeRatio": -0.0619281277,
    "totalOtherIncomeExpensesNet": -10353000,
    "incomeBeforeTax": -37879000,
    "incomeBeforeTaxRatio": -0.0852203571,
    "incomeTaxExpense": -15152000,
    "netIncome": -22727000,
    "netIncomeRatio": -0.0511313144,
    "eps": -0.34,
    "epsdiluted": -0.34,
    "weightedAverageShsOut": 67565000,
    "weightedAverageShsOutDil": 67565000,
    "link": "",
    "finalLink": ""
  }
]