[
  {
    "date": "2024-12-31",
    "symbol": "LYV",
    "reportedCurrency": "USD",
    "cik": "0001335258",
    "fillingDate": "2025-02-21",
    "acceptedDate": "2025-02-20 17:39:17",
    "calendarYear": "2024",
    "period": "FY",
    "revenue": 23155625000,
    "costOfRevenue": 17328154000,
    "grossProfit": 5827471000,
    "grossProfitRatio": 0.2516654593,
    "researchAndDevelopmentExpenses": 0,
    "generalAndAdministrativeExpenses": 4041824000,
    "sellingAndMarketingExpenses": 54600000,
    "sellingGeneralAndAdministrativeExpenses": 4096424000,
    "otherExpenses": 906537000,
    "operatingExpenses": 5002961000,
    "costAndExpenses": 22331115000,
    "interestIncome": 156254000,
    "interestExpense": 325974000,
    "depreciationAndAmortization": 549923000,
    "ebitda": 1615323000,
    "ebitdaratio": 0.0697594213,
    "operatingIncome": 824510000,
    "operatingIncomeRatio": 0.0356073308,
    "totalOtherIncomeExpensesNet": -85084000,
    "incomeBeforeTax": 739426000,
    "incomeBeforeTaxRatio": 0.0319328889,
    "incomeTaxExpense": -391698000,
    "netIncome": 896287000,
    "netIncomeRatio": 0.038707096,
    "eps": 2.77,
    "epsdiluted": 2.74,
    "weightedAverageShsOut": 230124255,
    "weightedAverageShsOutDil": 236352449,
    "link": "https://www.sec.gov/Archives/edgar/data/1335258/000133525825000028/0001335258-25-000028-index.htm",
    "finalLink": "https://www.sec.gov/Archives/edgar/data/1335258/000133525825000028/lyv-20241231.htm"
  },
  {
    "date": "2023-12-31",
    "symbol": "LYV",
    "reportedCurrency": "USD",
    "cik": "0001335258",
    "fillingDate": "2024-02-22",
    "acceptedDate": "2024-02-22 16:34:57",
    "calendarYear": "2023",
    "period": "FY",
    "revenue": 22726317000,
    "costOfRevenue": 17250530000,
    "grossProfit": 5475787000,
    "grossProfitRatio": 0.2409447602,
    "researchAndDevelopmentExpenses": 0,
    "generalAndAdministrativeExpenses": 3509467000,
    "sellingAndMarketingExpenses": 47700000,
    "sellingGeneralAndAdministrativeExpenses": 3557167000,
    "otherExpenses": 833687000,
    "operatingExpenses": 4390854000,
    "costAndExpenses": 21641384000,
    "interestIncome": 237818000,
    "interestExpense": 350244000,
    "depreciationAndAmortization": 516797000,
    "ebitda": 1780315000,
    "ebitdaratio": 0.0783371542,
    "operatingIncome": 1084933000,
    "operatingIncomeRatio": 0.0477390595,
    "totalOtherIncomeExpensesNet": -171659000,
    "incomeBeforeTax": 913274000,
    "incomeBeforeTaxRatio": 0.0401857459,
    "incomeTaxExpense": 209476000,
    "netIncome": 556893000,
    "netIncomeRatio": 0.0245043225,
    "eps": 1.35,
    "epsdiluted": 1.34,
    "weightedAverageShsOut": 228628390,
    "weightedAverageShsOutDil": 230977326,
    "link": "https://www.sec.gov/Archives/edgar/data/1335258/000133525824000017/0001335258-24-000017-index.htm",
    "finalLink": "https://www.sec.gov/Archives/edgar/data/1335258/000133525824000017/lyv-20231231.htm"
  },
  {
    "date": "2022-12-31",
    "symbol": "LYV",
    "reportedCurrency": "USD",
    "cik": "0001335258",
    "fillingDate": "2023-02-23",
    "acceptedDate": "2023-02-23 16:46:35",
    "calendarYear": "2022",
    "period": "FY",
    "revenue": 16681254000,
    "costOfRevenue": 12347611000,
    "grossProfit": 4333643000,
    "grossProfitRatio": 0.2597912003,
    "researchAndDevelopmentExpenses": 0,
    "generalAndAdministrativeExpenses": 2923884000,
    "sellingAndMarketingExpenses": 32000000,
    "sellingGeneralAndAdministrativeExpenses": 2955884000,
    "otherExpenses": 655728000,
    "operatingExpenses": 3611612000,
    "costAndExpenses": 15959223000,
    "interestIncome": 77620000,
    "interestExpense": 278483000,
    "depreciationAndAmortization": 449976000,
    "ebitda": 1218983000,
    "ebitdaratio": 0.0730750218,
    "operatingIncome": 722031000,
    "operatingIncomeRatio": 0.0432839761,
    "totalOtherIncomeExpensesNet": -231507000,
    "incomeBeforeTax": 490524000,
    "incomeBeforeTaxRatio": 0.029405703,
    "incomeTaxExpense": 115941000,
    "netIncome": 266440000,
    "netIncomeRatio": 0.0159724203,
    "eps": 0.66,
    "epsdiluted": 0.64,
    "weightedAverageShsOut": 224809558,
    "weightedAverageShsOutDil": 231556866,
    "link": "https://www.sec.gov/Archives/edgar/data/1335258/000133525823000014/0001335258-23-000014-index.htm",
    "finalLink": "https://www.sec.gov/Archives/edgar/data/1335258/000133525823000014/lyv-20221231.htm"
  },
  {
    "date": "2021-12-31",
    "symbol": "LYV",
    "reportedCurrency": "USD",
    "cik": "0001335258",
    "fillingDate": "2022-02-23",
    "acceptedDate": "2022-02-23 16:33:45",
    "calendarYear": "2021",
    "period": "FY",
    "revenue": 6268447000,
    "costOfRevenue": 4355989000,
    "grossProfit": 1912458000,
    "grossProfitRatio": 0.3050927925,
    "researchAndDevelopmentExpenses": 0,
    "generalAndAdministrativeExpenses": 1727722000,
    "sellingAndMarketingExpenses": 18100000,
    "sellingGeneralAndAdministrativeExpenses": 1745822000,
    "otherExpenses": 584494000,
    "operatingExpenses": 2330316000,
    "costAndExpenses": 6686305000,
    "interestIncome": 6625000,
    "interestExpense": 282440000,
    "depreciationAndAmortization": 416277000,
    "ebitda": 87450000,
    "ebitdaratio": 0.0139508239,
    "operatingIncome": -417858000,
    "operatingIncomeRatio": -0.0666605301,
    "totalOtherIncomeExpensesNet": -193409000,
    "incomeBeforeTax": -611267000,
    "incomeBeforeTaxRatio": -0.0975149028,
    "incomeTaxExpense": -2481000,
    "netIncome": -650904000,
    "netIncomeRatio": -0.1038381596,
    "eps": -3.09,
    "epsdiluted": -3.09,
    "weightedAverageShsOut": 217190862,
    "weightedAverageShsOutDil": 217190862,
    "link": "https://www.sec.gov/Archives/edgar/data/1335258/000133525822000019/0001335258-22-000019-index.htm",
    "finalLink": "https://www.sec.gov/Archives/edgar/data/1335258/000133525822000019/lyv-20211231.htm"
  },
  {
    "date": "2020-12-31",
    "symbol": "LYV",
    "reportedCurrency": "USD",
    "cik": "0001335258",
    "fillingDate": "2021-03-01",
    "acceptedDate": "2021-03-01 16:51:51",
    "calendarYear": "2020",
    "period": "FY",
    "revenue": 1861178000,
    "costOfRevenue": 1402400000,
    "grossProfit": 458778000,
    "grossProfitRatio": 0.2464987229,
    "researchAndDevelopmentExpenses": 0,
    "generalAndAdministrativeExpenses": 1524342000,
    "sellingAndMarketingExpenses": 0,
    "sellingGeneralAndAdministrativeExpenses": 1524342000,
    "otherExpenses": 587628000,
    "operatingExpenses": 2111970000,
    "costAndExpenses": 3514370000,
    "interestIncome": 11737000,
    "interestExpense": 226832000,
    "depreciationAndAmortization": 485025000,
    "ebitda": -1144808000,
    "ebitdaratio": -0.6150986096,
    "operatingIncome": -1653192000,
    "operatingIncomeRatio": -0.8882503447,
    "totalOtherIncomeExpensesNet": -203473000,
    "incomeBeforeTax": -1856665000,
    "incomeBeforeTaxRatio": -0.9975751916,
    "incomeTaxExpense": -28875000,
    "netIncome": -1724535000,
    "netIncomeRatio": -0.9265825192,
    "eps": -8.12,
    "epsdiluted": -8.12,
    "weightedAverageShsOut": 212270944,
    "weightedAverageShsOutDil": 212270944,
    "link": "https://www.sec.gov/Archives/edgar/data/1335258/000133525821000009/0001335258-21-000009-index.htm",
    "finalLink": "https://www.sec.gov/Archives/edgar/data/1335258/000133525821000009/lyv-20201231.htm"
  },
  {
    "date": "2019-12-31",
    "symbol": "LYV",
    "reportedCurrency": "USD",
    "cik": "0001335258",
    "fillingDate": "2020-02-27",
    "acceptedDate": "2020-02-27 16:32:47",
    "calendarYear": "2019",
    "period": "FY",
    "revenue": 11547969000,
    "costOfRevenue": 8467182000,
    "grossProfit": 3080787000,
    "grossProfitRatio": 0.2667817172,
    "researchAndDevelopmentExpenses": 0,
    "generalAndAdministrativeExpenses": 2145486000,
    "sellingAndMarketingExpenses": 0,
    "sellingGeneralAndAdministrativeExpenses": 2145486000,
    "otherExpenses": 610457000,
    "operatingExpenses": 2755943000,
    "costAndExpenses": 11223125000,
    "interestIncome": 14406000,
    "interestExpense": 157521000,
    "depreciationAndAmortization": 443991000,
    "ebitda": 786616000,
    "ebitdaratio": 0.0681172594,
    "operatingIncome": 324844000,
    "operatingIncomeRatio": 0.0281299681,
    "totalOtherIncomeExpensesNet": -139740000,
    "incomeBeforeTax": 185104000,
    "incomeBeforeTaxRatio": 0.016029139,
    "incomeTaxExpense": 66892000,
    "netIncome": 69889000,
    "netIncomeRatio": 0.0060520599,
    "eps": -0.02,
    "epsdiluted": -0.02,
    "weightedAverageShsOut": 210082696,
    "weightedAverageShsOutDil": 210082696,
    "link": "https://www.sec.gov/Archives/edgar/data/1335258/000133525820000028/0001335258-20-000028-index.htm",
    "finalLink": "https://www.sec.gov/Archives/edgar/data/1335258/000133525820000028/lyv-20191231.htm"
  },
  {
    "date": "2018-12-31",
    "symbol": "LYV",
    "reportedCurrency": "USD",
    "cik": "0001335258",
    "fillingDate": "2019-06-28",
    "acceptedDate": "2019-06-28 16:56:55",
    "calendarYear": "2018",
    "period": "FY",
    "revenue": 10787800000,
    "costOfRevenue": 7967932000,
    "grossProfit": 2819868000,
    "grossProfitRatio": 0.2613941675,
    "researchAndDevelopmentExpenses": 0,
    "generalAndAdministrativeExpenses": 1997028000,
    "sellingAndMarketingExpenses": 0,
    "sellingGeneralAndAdministrativeExpenses": 1997028000,
    "otherExpenses": 550304000,
    "operatingExpenses": 2547332000,
    "costAndExpenses": 10515264000,
    "interestIncome": 8961000,
    "interestExpense": 140976000,
    "depreciationAndAmortization": 386529000,
    "ebitda": 658610000,
    "ebitdaratio": 0.0610513728,
    "operatingIncome": 272536000,
    "operatingIncomeRatio": 0.025263353,
    "totalOtherIncomeExpensesNet": -141431000,
    "incomeBeforeTax": 131105000,
    "incomeBeforeTaxRatio": 0.0121530803,
    "incomeTaxExpense": 40765000,
    "netIncome": 60249000,
    "netIncomeRatio": 0.00558492,
    "eps": -0.09,
    "epsdiluted": -0.09,
    "weightedAverageShsOut": 207441468,
    "weightedAverageShsOutDil": 207441468,
    "link": "https://www.sec.gov/Archives/edgar/data/1335258/000133525819000086/0001335258-19-000086-index.htm",
    "finalLink": "https://www.sec.gov/Archives/edgar/data/1335258/000133525819000086/lyv-20181231x10ka.htm"
  },
  {
    "date": "2017-12-31",
    "symbol": "LYV",
    "reportedCurrency": "USD",
    "cik": "0001335258",
    "fillingDate": "2018-06-29",
    "acceptedDate": "2018-06-29 16:09:57",
    "calendarYear": "2017",
    "period": "FY",
    "revenue": 9687222000,
    "costOfRevenue": 7181898000,
    "grossProfit": 2505324000,
    "grossProfitRatio": 0.2586215119,
    "researchAndDevelopmentExpenses": 0,
    "generalAndAdministrativeExpenses": 1907723000,
    "sellingAndMarketingExpenses": 0,
    "sellingGeneralAndAdministrativeExpenses": 1907723000,
    "otherExpenses": 506204000,
    "operatingExpenses": 2413927000,
    "costAndExpenses": 9595825000,
    "interestIncome": 5717000,
    "interestExpense": 107770000,
    "depreciationAndAmortization": 372201000,
    "ebitda": 470591000,
    "ebitdaratio": 0.0485785295,
    "operatingIncome": 91397000,
    "operatingIncomeRatio": 0.0094347998,
    "totalOtherIncomeExpensesNet": -100777000,
    "incomeBeforeTax": -9380000,
    "incomeBeforeTaxRatio": -0.0009682859,
    "incomeTaxExpense": -17154000,
    "netIncome": -6015000,
    "netIncomeRatio": -0.000620921,
    "eps": -0.48,
    "epsdiluted": -0.48,
    "weightedAverageShsOut": 204923740,
    "weightedAverageShsOutDil": 204923740,
    "link": "https://www.sec.gov/Archives/edgar/data/1335258/000133525818000103/0001335258-18-000103-index.htm",
    "finalLink": "https://www.sec.gov/Archives/edgar/data/1335258/000133525818000103/lyv-20171231x10ka.htm"
  },
  {
    "date": "2016-12-31",
    "symbol": "LYV",
    "reportedCurrency": "USD",
    "cik": "0001335258",
    "fillingDate": "2017-02-23",
    "acceptedDate": "2017-02-23 16:34:33",
    "calendarYear": "2016",
    "period": "FY",
    "revenue": 7826336000,
    "costOfRevenue": 5639177000,
    "grossProfit": 2187159000,
    "grossProfitRatio": 0.2794614236,
    "researchAndDevelopmentExpenses": 0,
    "generalAndAdministrativeExpenses": 1548450000,
    "sellingAndMarketingExpenses": 0,
    "sellingGeneralAndAdministrativeExpenses": 1548450000,
    "otherExpenses": 443769000,
    "operatingExpenses": 1992219000,
    "costAndExpenses": 7631396000,
    "interestIncome": 2573000,
    "interestExpense": 106506000,
    "depreciationAndAmortization": 318584000,
    "ebitda": 473416000,
    "ebitdaratio": 0.0604901195,
    "operatingIncome": 194940000,
    "operatingIncomeRatio": 0.0249082074,
    "totalOtherIncomeExpensesNet": -146614000,
    "incomeBeforeTax": 48326000,
    "incomeBeforeTaxRatio": 0.0061747924,
    "incomeTaxExpense": 28029000,
    "netIncome": 2942000,
    "netIncomeRatio": 0.0003759103,
    "eps": -0.23,
    "epsdiluted": -0.23,
    "weightedAverageShsOut": 202076243,
    "weightedAverageShsOutDil": 202076243,
    "link": "https://www.sec.gov/Archives/edgar/data/1335258/000133525817000031/0001335258-17-000031-index.htm",
    "finalLink": "https://www.sec.gov/Archives/edgar/data/1335258/000133525817000031/lyv-20161231x10k.htm"
  },
  {
    "date": "2015-12-31",
    "symbol": "LYV",
    "reportedCurrency": "USD",
    "cik": "0001335258",
    "fillingDate": "2016-06-29",
    "acceptedDate": "2016-06-29 14:03:52",
    "calendarYear": "2015",
    "period": "FY",
    "revenue": 7245731000,
    "costOfRevenue": 5196473000,
    "grossProfit": 2049258000,
    "grossProfitRatio": 0.2828228097,
    "researchAndDevelopmentExpenses": 0,
    "generalAndAdministrativeExpenses": 1411855000,
    "sellingAndMarketingExpenses": 0,
    "sellingGeneralAndAdministrativeExpenses": 1411855000,
    "otherExpenses": 506031000,
    "operatingExpenses": 1917886000,
    "costAndExpenses": 7114359000,
    "interestIncome": 3528000,
    "interestExpense": 102881000,
    "depreciationAndAmortization": 397241000,
    "ebitda": 506475000,
    "ebitdaratio": 0.0698997796,
    "operatingIncome": 131372000,
    "operatingIncomeRatio": 0.0181309519,
    "totalOtherIncomeExpensesNet": -125019000,
    "incomeBeforeTax": 6353000,
    "incomeBeforeTaxRatio": 0.0008767921,
    "incomeTaxExpense": 22122000,
    "netIncome": -32508000,
    "netIncomeRatio": -0.0044865038,
    "eps": -0.33,
    "epsdiluted": -0.33,
    "weightedAverageShsOut": 200973485,
    "weightedAverageShsOutDil": 200973485,
    "link": "https://www.sec.gov/Archives/edgar/data/1335258/000133525816000225/0001335258-16-000225-index.htm",
    "finalLink": "https://www.sec.gov/Archives/edgar/data/1335258/000133525816000225/lyv2015123110ka.htm"
  },
  {
    "date": "2014-12-31",
    "symbol": "LYV",
    "reportedCurrency": "USD",
    "cik": "0001335258",
    "fillingDate": "2015-02-26",
    "acceptedDate": "2015-02-26 16:36:16",
    "calendarYear": "2014",
    "period": "FY",
    "revenue": 6866964000,
    "costOfRevenue": 4919969000,
    "grossProfit": 1946995000,
    "grossProfitRatio": 0.283530684,
    "researchAndDevelopmentExpenses": 0,
    "generalAndAdministrativeExpenses": 1337316000,
    "sellingAndMarketingExpenses": 0,
    "sellingGeneralAndAdministrativeExpenses": 1337316000,
    "otherExpenses": 602515000,
    "operatingExpenses": 1939831000,
    "costAndExpenses": 6859800000,
    "interestIncome": 3606000,
    "interestExpense": 106312000,
    "depreciationAndAmortization": 368143000,
    "ebitda": 374635000,
    "ebitdaratio": 0.0545561328,
    "operatingIncome": 7164000,
    "operatingIncomeRatio": 0.0010432558,
    "totalOtherIncomeExpensesNet": -106984000,
    "incomeBeforeTax": -99820000,
    "incomeBeforeTaxRatio": -0.0145362638,
    "incomeTaxExpense": 4630000,
    "netIncome": -90807000,
    "netIncomeRatio": -0.0132237478,
    "eps": -0.49,
    "epsdiluted": -0.49,
    "weightedAverageShsOut": 198874019,
    "weightedAverageShsOutDil": 198874019,
    "link": "https://www.sec.gov/Archives/edgar/data/1335258/000133525815000026/0001335258-15-000026-index.htm",
    "finalLink": "https://www.sec.gov/Archives/edgar/data/1335258/000133525815000026/lyv-20141231x10k.htm"
  },
  {
    "date": "2013-12-31",
    "symbol": "LYV",
    "reportedCurrency": "USD",
    "cik": "0001335258",
    "fillingDate": "2014-02-24",
    "acceptedDate": "2014-02-24 16:42:56",
    "calendarYear": "2013",
    "period": "FY",
    "revenue": 6478547000,
    "costOfRevenue": 4680507000,
    "grossProfit": 1798040000,
    "grossProfitRatio": 0.2775375404,
    "researchAndDevelopmentExpenses": 0,
    "generalAndAdministrativeExpenses": 1226892000,
    "sellingAndMarketingExpenses": 0,
    "sellingGeneralAndAdministrativeExpenses": 1226892000,
    "otherExpenses": 431488000,
    "operatingExpenses": 1658380000,
    "costAndExpenses": 6338887000,
    "interestIncome": 5071000,
    "interestExpense": 111659000,
    "depreciationAndAmortization": 368923000,
    "ebitda": 475445000,
    "ebitdaratio": 0.0733875976,
    "operatingIncome": 139660000,
    "operatingIncomeRatio": 0.0215573029,
    "totalOtherIncomeExpensesNet": -144797000,
    "incomeBeforeTax": -5137000,
    "incomeBeforeTaxRatio": -0.0007929247,
    "incomeTaxExpense": 30878000,
    "netIncome": -43378000,
    "netIncomeRatio": -0.0066956372,
    "eps": -0.23,
    "epsdiluted": -0.23,
    "weightedAverageShsOut": 193885066,
    "weightedAverageShsOutDil": 193885066,
    "link": "https://www.sec.gov/Archives/edgar/data/1335258/000133525814000027/0001335258-14-000027-index.htm",
    "finalLink": "https://www.sec.gov/Archives/edgar/data/1335258/000133525814000027/lyv-20131231x10k.htm"
  },
  {
    "date": "2012-12-31",
    "symbol": "LYV",
    "reportedCurrency": "USD",
    "cik": "0001335258",
    "fillingDate": "2013-02-26",
    "acceptedDate": "2013-02-26 16:58:02",
    "calendarYear": "2012",
    "period": "FY",
    "revenue": 5819047000,
    "costOfRevenue": 4151277000,
    "grossProfit": 1667770000,
    "grossProfitRatio": 0.2866053496,
    "researchAndDevelopmentExpenses": 0,
    "generalAndAdministrativeExpenses": 1143632000,
    "sellingAndMarketingExpenses": 0,
    "sellingGeneralAndAdministrativeExpenses": 1143632000,
    "otherExpenses": 545777000,
    "operatingExpenses": 1689409000,
    "costAndExpenses": 5840686000,
    "interestIncome": 4170000,
    "interestExpense": 123740000,
    "depreciationAndAmortization": 429557000,
    "ebitda": 421136000,
    "ebitdaratio": 0.0723719881,
    "operatingIncome": -21639000,
    "operatingIncomeRatio": -0.0037186502,
    "totalOtherIncomeExpensesNet": -110522000,
    "incomeBeforeTax": -132161000,
    "incomeBeforeTaxRatio": -0.0227117946,
    "incomeTaxExpense": 29736000,
    "netIncome": -163227000,
    "netIncomeRatio": -0.0280504694,
    "eps": -0.88,
    "epsdiluted": -0.88,
    "weightedAverageShsOut": 186955748,
    "weightedAverageShsOutDil": 186955748,
    "link": "https://www.sec.gov/Archives/edgar/data/1335258/000119312513077102/0001193125-13-077102-index.htm",
    "finalLink": "https://www.sec.gov/Archives/edgar/data/1335258/000119312513077102/d466140d10k.htm"
  },
  {
    "date": "2011-12-31",
    "symbol": "LYV",
    "reportedCurrency": "USD",
    "cik": "0001335258",
    "fillingDate": "2012-02-24",
    "acceptedDate": "2012-02-23 19:41:09",
    "calendarYear": "2011",
    "period": "FY",
    "revenue": 5383998000,
    "costOfRevenue": 3789488000,
    "grossProfit": 1594510000,
    "grossProfitRatio": 0.2961572423,
    "researchAndDevelopmentExpenses": 0,
    "generalAndAdministrativeExpenses": 1111969000,
    "sellingAndMarketingExpenses": 0,
    "sellingGeneralAndAdministrativeExpenses": 1111969000,
    "otherExpenses": 464204000,
    "operatingExpenses": 1576173000,
    "costAndExpenses": 5365661000,
    "interestIncome": 4215000,
    "interestExpense": 120414000,
    "depreciationAndAmortization": 343018000,
    "ebitda": 366805000,
    "ebitdaratio": 0.06812874,
    "operatingIncome": 18337000,
    "operatingIncomeRatio": 0.0034058334,
    "totalOtherIncomeExpensesNet": -114964000,
    "incomeBeforeTax": -96627000,
    "incomeBeforeTaxRatio": -0.017947072,
    "incomeTaxExpense": -26224000,
    "netIncome": -83016000,
    "netIncomeRatio": -0.015419025,
    "eps": -0.46,
    "epsdiluted": -0.46,
    "weightedAverageShsOut": 182388070,
    "weightedAverageShsOutDil": 182388070,
    "link": "https://www.sec.gov/Archives/edgar/data/1335258/000119312512075895/0001193125-12-075895-index.htm",
    "finalLink": "https://www.sec.gov/Archives/edgar/data/1335258/000119312512075895/d277780d10k.htm"
  },
  {
    "date": "2010-12-31",
    "symbol": "LYV",
    "reportedCurrency": "USD",
    "cik": "0001335258",
    "fillingDate": "2011-02-28",
    "acceptedDate": "2011-02-28 17:27:39",
    "calendarYear": "2010",
    "period": "FY",
    "revenue": 5063748000,
    "costOfRevenue": 3658310000,
    "grossProfit": 1405438000,
    "grossProfitRatio": 0.2775489618,
    "researchAndDevelopmentExpenses": 0,
    "generalAndAdministrativeExpenses": 1014491000,
    "sellingAndMarketingExpenses": 0,
    "sellingGeneralAndAdministrativeExpenses": 1014491000,
    "otherExpenses": 454647000,
    "operatingExpenses": 1469138000,
    "costAndExpenses": 5127448000,
    "interestIncome": 3771000,
    "interestExpense": 116527000,
    "depreciationAndAmortization": 321666000,
    "ebitda": 249539000,
    "ebitdaratio": 0.049279506,
    "operatingIncome": -63700000,
    "operatingIncomeRatio": -0.0125796149,
    "totalOtherIncomeExpensesNet": -124954000,
    "incomeBeforeTax": -188654000,
    "incomeBeforeTaxRatio": -0.0372558034,
    "incomeTaxExpense": 15154000,
    "netIncome": -228390000,
    "netIncomeRatio": -0.0451029554,
    "eps": -1.39,
    "epsdiluted": -1.39,
    "weightedAverageShsOut": 164410167,
    "weightedAverageShsOutDil": 164410167,
    "link": "https://www.sec.gov/Archives/edgar/data/1335258/000119312511050243/0001193125-11-050243-index.htm",
    "finalLink": "https://www.sec.gov/Archives/edgar/data/1335258/000119312511050243/d10k.htm"
  },
  {
    "date": "2009-12-31",
    "symbol": "LYV",
    "reportedCurrency": "USD",
    "cik": "0001335258",
    "fillingDate": "2010-02-25",
    "acceptedDate": "2010-02-25 16:50:52",
    "calendarYear": "2009",
    "period": "FY",
    "revenue": 4181021000,
    "costOfRevenue": 3357245000,
    "grossProfit": 823776000,
    "grossProfitRatio": 0.1970274725,
    "researchAndDevelopmentExpenses": 0,
    "generalAndAdministrativeExpenses": 0,
    "sellingAndMarketingExpenses": 0,
    "sellingGeneralAndAdministrativeExpenses": 675869000,
    "otherExpenses": 200263000,
    "operatingExpenses": 876132000,
    "costAndExpenses": 4233377000,
    "interestIncome": 2193000,
    "interestExpense": 66365000,
    "depreciationAndAmortization": 162694000,
    "ebitda": 114381000,
    "ebitdaratio": 0.0273571934,
    "operatingIncome": -52356000,
    "operatingIncomeRatio": -0.0125223002,
    "totalOtherIncomeExpensesNet": -62322000,
    "incomeBeforeTax": -114678000,
    "incomeBeforeTaxRatio": -0.0274282287,
    "incomeTaxExpense": 11333000,
    "netIncome": -60179000,
    "netIncomeRatio": -0.0143933742,
    "eps": -0.73,
    "epsdiluted": -0.73,
    "weightedAverageShsOut": 82652366,
    "weightedAverageShsOutDil": 82652366,
    "link": "https://www.sec.gov/Archives/edgar/data/1335258/000119312510040804/0001193125-10-040804-index.htm",
    "finalLink": "https://www.sec.gov/Archives/edgar/data/1335258/000119312510040804/d10k.htm"
  },
  {
    "date": "2008-12-31",
    "symbol": "LYV",
    "reportedCurrency": "USD",
    "cik": "0001335258",
    "fillingDate": "2009-03-05",
    "acceptedDate": "2009-03-05 06:06:42",
    "calendarYear": "2008",
    "period": "FY",
    "revenue": 4085306000,
    "costOfRevenue": 3299444000,
    "grossProfit": 785862000,
    "grossProfitRatio": 0.192363069,
    "researchAndDevelopmentExpenses": 0,
    "generalAndAdministrativeExpenses": 0,
    "sellingAndMarketingExpenses": 0,
    "sellingGeneralAndAdministrativeExpenses": 672083000,
    "otherExpenses": 411072000,
    "operatingExpenses": 1083155000,
    "costAndExpenses": 4382599000,
    "interestIncome": 0,
    "interestExpense": 63023000,
    "depreciationAndAmortization": 148222000,
    "ebitda": -139409000,
    "ebitdaratio": -0.034124494,
    "operatingIncome": -297293000,
    "operatingIncomeRatio": -0.072771293,
    "totalOtherIncomeExpensesNet": -60442000,
    "incomeBeforeTax": -357735000,
    "incomeBeforeTaxRatio": -0.087566268,
    "incomeTaxExpense": -24257000,
    "netIncome": -239412000,
    "netIncomeRatio": -0.0586031989,
    "eps": -3.14,
    "epsdiluted": -3.14,
    "weightedAverageShsOut": 76228275,
    "weightedAverageShsOutDil": 76228275,
    "link": "https://www.sec.gov/Archives/edgar/data/1335258/000119312509045320/0001193125-09-045320-index.htm",
    "finalLink": "https://www.sec.gov/Archives/edgar/data/1335258/000119312509045320/d10k.htm"
  },
  {
    "date": "2007-12-31",
    "symbol": "LYV",
    "reportedCurrency": "USD",
    "cik": "0001335258",
    "fillingDate": "2008-02-29",
    "acceptedDate": "2008-02-29 12:38:55",
    "calendarYear": "2007",
    "period": "FY",
    "revenue": 3755470000,
    "costOfRevenue": 3049464000,
    "grossProfit": 706006000,
    "grossProfitRatio": 0.187994046,
    "researchAndDevelopmentExpenses": 0,
    "generalAndAdministrativeExpenses": 0,
    "sellingAndMarketingExpenses": 0,
    "sellingGeneralAndAdministrativeExpenses": 592983000,
    "otherExpenses": 96180000,
    "operatingExpenses": 689163000,
    "costAndExpenses": 3738627000,
    "interestIncome": 0,
    "interestExpense": 0,
    "depreciationAndAmortization": 122923000,
    "ebitda": 139766000,
    "ebitdaratio": 0.0372166467,
    "operatingIncome": 16843000,
    "operatingIncomeRatio": 0.0044849247,
    "totalOtherIncomeExpensesNet": -59348000,
    "incomeBeforeTax": -42505000,
    "incomeBeforeTaxRatio": -0.0113181572,
    "incomeTaxExpense": 13274000,
    "netIncome": -11936000,
    "netIncomeRatio": -0.0031782973,
    "eps": -0.17,
    "epsdiluted": -0.17,
    "weightedAverageShsOut": 68440582,
    "weightedAverageShsOutDil": 68440582,
    "link": "https://www.sec.gov/Archives/edgar/data/1335258/000119312508043193/0001193125-08-043193-index.htm",
    "finalLink": "https://www.sec.gov/Archives/edgar/data/1335258/000119312508043193/d10k.htm"
  },
  {
    "date": "2006-12-31",
    "symbol": "LYV",
    "reportedCurrency": "USD",
    "cik": "0001335258",
    "fillingDate": "2007-03-01",
    "acceptedDate": "2007-03-01 16:33:34",
    "calendarYear": "2006",
    "period": "FY",
    "revenue": 3294471000,
    "costOfRevenue": 2712732000,
    "grossProfit": 581739000,
    "grossProfitRatio": 0.1765803979,
    "researchAndDevelopmentExpenses": 0,
    "generalAndAdministrativeExpenses": 0,
    "sellingAndMarketingExpenses": 0,
    "sellingGeneralAndAdministrativeExpenses": 468970000,
    "otherExpenses": 113641000,
    "operatingExpenses": 582611000,
    "costAndExpenses": 3295343000,
    "interestIncome": 12446000,
    "interestExpense": 37218000,
    "depreciationAndAmortization": 128903000,
    "ebitda": 128031000,
    "ebitdaratio": 0.0388623849,
    "operatingIncome": -872000,
    "operatingIncomeRatio": -0.0002646859,
    "totalOtherIncomeExpensesNet": 37157000,
    "incomeBeforeTax": 36285000,
    "incomeBeforeTaxRatio": 0.0110139078,
    "incomeTaxExpense": 18602000,
    "netIncome": -31442000,
    "netIncomeRatio": -0.0095438691,
    "eps": -0.48,
    "epsdiluted": -0.48,
    "weightedAverageShsOut": 64853243,
    "weightedAverageShsOutDil": 64853243,
    "link": "https://www.sec.gov/Archives/edgar/data/1335258/000095012907001097/0000950129-07-001097-index.htm",
    "finalLink": "https://www.sec.gov/Archives/edgar/data/1335258/000095012907001097/h44068e10vk.htm"
  },
  {
    "date": "2005-12-31",
    "symbol": "LYV",
    "reportedCurrency": "USD",
    "cik": "0001335258",
    "fillingDate": "2006-03-21",
    "acceptedDate": "2006-03-21 16:19:01",
    "calendarYear": "2005",
    "period": "FY",
    "revenue": 2936845000,
    "costOfRevenue": 2829832000,
    "grossProfit": 107013000,
    "grossProfitRatio": 0.0364380824,
    "researchAndDevelopmentExpenses": 0,
    "generalAndAdministrativeExpenses": 0,
    "sellingAndMarketingExpenses": 0,
    "sellingGeneralAndAdministrativeExpenses": 50715000,
    "otherExpenses": 69481000,
    "operatingExpenses": 120196000,
    "costAndExpenses": 2950028000,
    "interestIncome": 0,
    "interestExpense": 52496000,
    "depreciationAndAmortization": 64631000,
    "ebitda": 51448000,
    "ebitdaratio": 0.0175181189,
    "operatingIncome": -13183000,
    "operatingIncomeRatio": -0.0044888307,
    "totalOtherIncomeExpensesNet": -55948000,
    "incomeBeforeTax": -69131000,
    "incomeBeforeTaxRatio": -0.0235392062,
    "incomeTaxExpense": 61488000,
    "netIncome": -130619000,
    "netIncomeRatio": -0.0444759597,
    "eps": -1.96,
    "epsdiluted": -1.96,
    "weightedAverageShsOut": 66809394,
    "weightedAverageShsOutDil": 66809394,
    "link": "https://www.sec.gov/Archives/edgar/data/1335258/000095012906002894/0000950129-06-002894-index.htm",
    "finalLink": "https://www.sec.gov/Archives/edgar/data/1335258/000095012906002894/h34204e10vk.htm"
  },
  {
    "date": "2004-12-31",
    "symbol": "LYV",
    "reportedCurrency": "USD",
    "cik": "0001335258",
    "fillingDate": "2004-12-31",
    "acceptedDate": "2004-12-30 19:00:00",
    "calendarYear": "2004",
    "period": "FY",
    "revenue": 2806128000,
    "costOfRevenue": 2185127000,
    "grossProfit": 621001000,
    "grossProfitRatio": 0.2213017368,
    "researchAndDevelopmentExpenses": 0,
    "generalAndAdministrativeExpenses": 0,
    "sellingAndMarketingExpenses": 0,
    "sellingGeneralAndAdministrativeExpenses": 460166000,
    "otherExpenses": 101852000,
    "operatingExpenses": 562018000,
    "costAndExpenses": 2747145000,
    "interestIncome": 0,
    "interestExpense": 0,
    "depreciationAndAmortization": 64095000,
    "ebitda": 123078000,
    "ebitdaratio": 0.0438604369,
    "operatingIncome": 58983000,
    "operatingIncomeRatio": 0.0210193548,
    "totalOtherIncomeExpensesNet": -44258000,
    "incomeBeforeTax": 14725000,
    "incomeBeforeTaxRatio": 0.0052474442,
    "incomeTaxExpense": -1535000,
    "netIncome": 16260000,
    "netIncomeRatio": 0.0057944613,
    "eps": 0.24,
    "epsdiluted": 0.24,
    "weightedAverageShsOut": 67565000,
    "weightedAverageShsOutDil": 67565000,
    "link": "",
    "finalLink": ""
  },
  {
    "date": "2003-12-31",
    "symbol": "LYV",
    "reportedCurrency": "USD",
    "cik": "0001335258",
    "fillingDate": "2003-12-31",
    "acceptedDate": "2003-12-30 19:00:00",
    "calendarYear": "2003",
    "period": "FY",
    "revenue": 2707902000,
    "costOfRevenue": 2506635000,
    "grossProfit": 201267000,
    "grossProfitRatio": 0.0743258065,
    "researchAndDevelopmentExpenses": 0,
    "generalAndAdministrativeExpenses": 0,
    "sellingAndMarketingExpenses": 0,
    "sellingGeneralAndAdministrativeExpenses": 0,
    "otherExpenses": 247263000,
    "operatingExpenses": 247263000,
    "costAndExpenses": 2753898000,
    "interestIncome": 0,
    "interestExpense": 2788000,
    "depreciationAndAmortization": 63436000,
    "ebitda": 17440000,
    "ebitdaratio": 0.0064404103,
    "operatingIncome": -45996000,
    "operatingIncomeRatio": -0.0169858437,
    "totalOtherIncomeExpensesNet": 114363000,
    "incomeBeforeTax": 68367000,
    "incomeBeforeTaxRatio": 0.0252472209,
    "incomeTaxExpense": 11335000,
    "netIncome": 57032000,
    "netIncomeRatio": 0.0210613235,
    "eps": 0.84,
    "epsdiluted": 0.84,
    "weightedAverageShsOut": 67565000,
    "weightedAverageShsOutDil": 67565000,
    "link": "",
    "finalLink": ""
  },
  {
    "date": "2002-12-31",
    "symbol": "LYV",
    "reportedCurrency": "USD",
    "cik": "0001335258",
    "fillingDate": "2002-12-31",
    "acceptedDate": "2002-12-30 19:00:00",
    "calendarYear": "2002",
    "period": "FY",
    "revenue": 2473319000,
    "costOfRevenue": 1853096000,
    "grossProfit": 620223000,
    "grossProfitRatio": 0.2507654694,
    "researchAndDevelopmentExpenses": 0,
    "generalAndAdministrativeExpenses": 0,
    "sellingAndMarketingExpenses": 0,
    "sellingGeneralAndAdministrativeExpenses": 449611000,
    "otherExpenses": 75696000,
    "operatingExpenses": 525307000,
    "costAndExpenses": 2378403000,
    "interestIncome": 0,
    "interestExpense": 0,
    "depreciationAndAmortization": 64836000,
    "ebitda": 159752000,
    "ebitdaratio": 0.0645901317,
    "operatingIncome": 94916000,
    "operatingIncomeRatio": 0.0383759636,
    "totalOtherIncomeExpensesNet": -62486000,
    "incomeBeforeTax": 32430000,
    "incomeBeforeTaxRatio": 0.0131119358,
    "incomeTaxExpense": -28999000,
    "netIncome": -3928576000,
    "netIncomeRatio": -1.5883822507,
    "eps": -58.15,
    "epsdiluted": -58.15,
    "weightedAverageShsOut": 67565000,
    "weightedAverageShsOutDil": 67565000,
    "link": "",
    "finalLink": ""
  },
  {
    "date": "2001-12-31",
    "symbol": "LYV",
    "reportedCurrency": "USD",
    "cik": "0001335258",
    "fillingDate": "2001-12-31",
    "acceptedDate": "2001-12-30 19:00:00",
    "calendarYear": "2001",
    "period": "FY",
    "revenue": 2543668000,
    "costOfRevenue": 2386504000,
    "grossProfit": 157164000,
    "grossProfitRatio": 0.0617863652,
    "researchAndDevelopmentExpenses": 0,
    "generalAndAdministrativeExpenses": 0,
    "sellingAndMarketingExpenses": 0,
    "sellingGeneralAndAdministrativeExpenses": 0,
    "otherExpenses": 347359000,
    "operatingExpenses": 347359000,
    "costAndExpenses": 2733863000,
    "interestIncome": 0,
    "interestExpense": 0,
    "depreciationAndAmortization": 299343000,
    "ebitda": 109148000,
    "ebitdaratio": 0.0429096879,
    "operatingIncome": -190195000,
    "operatingIncomeRatio": -0.0747719435,
    "totalOtherIncomeExpensesNet": -65074000,
    "incomeBeforeTax": -255269000,
    "incomeBeforeTaxRatio": -0.1003546847,
    "incomeTaxExpense": -531000,
    "netIncome": -254738000,
    "netIncomeRatio": -0.100145931,
    "eps": -3.77,
    "epsdiluted": -3.77,
    "weightedAverageShsOut": 67565000,
    "weightedAverageShsOutDil": 67565000,
    "link": "",
    "finalLink": ""
  }
]