[
  {
    "date": "2025-06-30",
    "symbol": "MA",
    "reportedCurrency": "USD",
    "cik": "0001141391",
    "fillingDate": "2025-07-31",
    "acceptedDate": "2025-07-31 10:16:14",
    "calendarYear": "2025",
    "period": "Q2",
    "revenue": 8133000000,
    "costOfRevenue": 1852000000,
    "grossProfit": 6281000000,
    "grossProfitRatio": 0.7722857494,
    "researchAndDevelopmentExpenses": 0,
    "generalAndAdministrativeExpenses": 873000000,
    "sellingAndMarketingExpenses": 213000000,
    "sellingGeneralAndAdministrativeExpenses": 1086000000,
    "otherExpenses": 418000000,
    "operatingExpenses": 1504000000,
    "costAndExpenses": 3356000000,
    "interestIncome": 0,
    "interestExpense": 195000000,
    "depreciationAndAmortization": 281000000,
    "ebitda": 5148000000,
    "ebitdaratio": 0.6329767613,
    "operatingIncome": 4777000000,
    "operatingIncomeRatio": 0.5873601377,
    "totalOtherIncomeExpensesNet": -105000000,
    "incomeBeforeTax": 4672000000,
    "incomeBeforeTaxRatio": 0.5744497725,
    "incomeTaxExpense": 971000000,
    "netIncome": 3701000000,
    "netIncomeRatio": 0.4550596336,
    "eps": 4.07,
    "epsdiluted": 4.07,
    "weightedAverageShsOut": 908000000,
    "weightedAverageShsOutDil": 909000000,
    "link": "https://www.sec.gov/Archives/edgar/data/1141391/000114139125000172/0001141391-25-000172-index.htm",
    "finalLink": "https://www.sec.gov/Archives/edgar/data/1141391/000114139125000172/ma-20250630.htm"
  },
  {
    "date": "2025-03-31",
    "symbol": "MA",
    "reportedCurrency": "USD",
    "cik": "0001141391",
    "fillingDate": "2025-05-01",
    "acceptedDate": "2025-05-01 10:14:31",
    "calendarYear": "2025",
    "period": "Q1",
    "revenue": 7250000000,
    "costOfRevenue": 1688000000,
    "grossProfit": 5562000000,
    "grossProfitRatio": 0.7671724138,
    "researchAndDevelopmentExpenses": 0,
    "generalAndAdministrativeExpenses": 834000000,
    "sellingAndMarketingExpenses": 152000000,
    "sellingGeneralAndAdministrativeExpenses": 986000000,
    "otherExpenses": 427000000,
    "operatingExpenses": 1413000000,
    "costAndExpenses": 3101000000,
    "interestIncome": 0,
    "interestExpense": 182000000,
    "depreciationAndAmortization": 275000000,
    "ebitda": 4488000000,
    "ebitdaratio": 0.6190344828,
    "operatingIncome": 4149000000,
    "operatingIncomeRatio": 0.5722758621,
    "totalOtherIncomeExpensesNet": -118000000,
    "incomeBeforeTax": 4031000000,
    "incomeBeforeTaxRatio": 0.556,
    "incomeTaxExpense": 751000000,
    "netIncome": 3280000000,
    "netIncomeRatio": 0.4524137931,
    "eps": 3.6,
    "epsdiluted": 3.59,
    "weightedAverageShsOut": 912000000,
    "weightedAverageShsOutDil": 914000000,
    "link": "https://www.sec.gov/Archives/edgar/data/1141391/000114139125000090/0001141391-25-000090-index.htm",
    "finalLink": "https://www.sec.gov/Archives/edgar/data/1141391/000114139125000090/ma-20250331.htm"
  },
  {
    "date": "2024-12-31",
    "symbol": "MA",
    "reportedCurrency": "USD",
    "cik": "0001141391",
    "fillingDate": "2025-02-12",
    "acceptedDate": "2025-02-12 14:30:36",
    "calendarYear": "2024",
    "period": "Q4",
    "revenue": 7489000000,
    "costOfRevenue": 1653000000,
    "grossProfit": 5836000000,
    "grossProfitRatio": 0.7792762719,
    "researchAndDevelopmentExpenses": 0,
    "generalAndAdministrativeExpenses": 1076000000,
    "sellingAndMarketingExpenses": 295000000,
    "sellingGeneralAndAdministrativeExpenses": 1371000000,
    "otherExpenses": 527000000,
    "operatingExpenses": 1898000000,
    "costAndExpenses": 3551000000,
    "interestIncome": 0,
    "interestExpense": 184000000,
    "depreciationAndAmortization": 231000000,
    "ebitda": 4306000000,
    "ebitdaratio": 0.5749766324,
    "operatingIncome": 3938000000,
    "operatingIncomeRatio": 0.5258378956,
    "totalOtherIncomeExpensesNet": -47000000,
    "incomeBeforeTax": 3891000000,
    "incomeBeforeTaxRatio": 0.5195620243,
    "incomeTaxExpense": 549000000,
    "netIncome": 3342000000,
    "netIncomeRatio": 0.4462545066,
    "eps": 3.64,
    "epsdiluted": 3.64,
    "weightedAverageShsOut": 917000000,
    "weightedAverageShsOutDil": 919000000,
    "link": "https://www.sec.gov/Archives/edgar/data/1141391/000114139125000011/0001141391-25-000011-index.htm",
    "finalLink": "https://www.sec.gov/Archives/edgar/data/1141391/000114139125000011/ma-20241231.htm"
  },
  {
    "date": "2024-09-30",
    "symbol": "MA",
    "reportedCurrency": "USD",
    "cik": "0001141391",
    "fillingDate": "2024-10-31",
    "acceptedDate": "2024-10-31 10:27:36",
    "calendarYear": "2024",
    "period": "Q3",
    "revenue": 7369000000,
    "costOfRevenue": 1899000000,
    "grossProfit": 5470000000,
    "grossProfitRatio": 0.7422988194,
    "researchAndDevelopmentExpenses": 0,
    "generalAndAdministrativeExpenses": 829000000,
    "sellingAndMarketingExpenses": 220000000,
    "sellingGeneralAndAdministrativeExpenses": 1049000000,
    "otherExpenses": 417000000,
    "operatingExpenses": 1466000000,
    "costAndExpenses": 3365000000,
    "interestIncome": 0,
    "interestExpense": 159000000,
    "depreciationAndAmortization": 225000000,
    "ebitda": 4250000000,
    "ebitdaratio": 0.576740399,
    "operatingIncome": 4004000000,
    "operatingIncomeRatio": 0.5433573076,
    "totalOtherIncomeExpensesNet": -138000000,
    "incomeBeforeTax": 3866000000,
    "incomeBeforeTaxRatio": 0.5246302076,
    "incomeTaxExpense": 603000000,
    "netIncome": 3263000000,
    "netIncomeRatio": 0.4428009228,
    "eps": 3.54,
    "epsdiluted": 3.53,
    "weightedAverageShsOut": 923000000,
    "weightedAverageShsOutDil": 925000000,
    "link": "https://www.sec.gov/Archives/edgar/data/1141391/000114139124000202/0001141391-24-000202-index.htm",
    "finalLink": "https://www.sec.gov/Archives/edgar/data/1141391/000114139124000202/ma-20240930.htm"
  },
  {
    "date": "2024-06-30",
    "symbol": "MA",
    "reportedCurrency": "USD",
    "cik": "0001141391",
    "fillingDate": "2024-07-31",
    "acceptedDate": "2024-07-31 10:19:22",
    "calendarYear": "2024",
    "period": "Q2",
    "revenue": 6961000000,
    "costOfRevenue": 1607000000,
    "grossProfit": 5354000000,
    "grossProfitRatio": 0.7691423646,
    "researchAndDevelopmentExpenses": 0,
    "generalAndAdministrativeExpenses": 806000000,
    "sellingAndMarketingExpenses": 184000000,
    "sellingGeneralAndAdministrativeExpenses": 990000000,
    "otherExpenses": 328000000,
    "operatingExpenses": 1318000000,
    "costAndExpenses": 2925000000,
    "interestIncome": 0,
    "interestExpense": 153000000,
    "depreciationAndAmortization": 225000000,
    "ebitda": 4317000000,
    "ebitdaratio": 0.6201695159,
    "operatingIncome": 4036000000,
    "operatingIncomeRatio": 0.5798017526,
    "totalOtherIncomeExpensesNet": -97000000,
    "incomeBeforeTax": 3939000000,
    "incomeBeforeTaxRatio": 0.5658669731,
    "incomeTaxExpense": 681000000,
    "netIncome": 3258000000,
    "netIncomeRatio": 0.4680362017,
    "eps": 3.51,
    "epsdiluted": 3.5,
    "weightedAverageShsOut": 929000000,
    "weightedAverageShsOutDil": 930000000,
    "link": "https://www.sec.gov/Archives/edgar/data/1141391/000114139124000161/0001141391-24-000161-index.htm",
    "finalLink": "https://www.sec.gov/Archives/edgar/data/1141391/000114139124000161/ma-20240630.htm"
  },
  {
    "date": "2024-03-31",
    "symbol": "MA",
    "reportedCurrency": "USD",
    "cik": "0001141391",
    "fillingDate": "2024-05-01",
    "acceptedDate": "2024-05-01 10:22:38",
    "calendarYear": "2024",
    "period": "Q1",
    "revenue": 6348000000,
    "costOfRevenue": 1514000000,
    "grossProfit": 4834000000,
    "grossProfitRatio": 0.7614996849,
    "researchAndDevelopmentExpenses": 0,
    "generalAndAdministrativeExpenses": 744000000,
    "sellingAndMarketingExpenses": 116000000,
    "sellingGeneralAndAdministrativeExpenses": 860000000,
    "otherExpenses": 370000000,
    "operatingExpenses": 1230000000,
    "costAndExpenses": 2744000000,
    "interestIncome": 0,
    "interestExpense": 150000000,
    "depreciationAndAmortization": 216000000,
    "ebitda": 3924000000,
    "ebitdaratio": 0.618147448,
    "operatingIncome": 3604000000,
    "operatingIncomeRatio": 0.5677378702,
    "totalOtherIncomeExpensesNet": -46000000,
    "incomeBeforeTax": 3558000000,
    "incomeBeforeTaxRatio": 0.5604914934,
    "incomeTaxExpense": 547000000,
    "netIncome": 3011000000,
    "netIncomeRatio": 0.4743226213,
    "eps": 3.23,
    "epsdiluted": 3.22,
    "weightedAverageShsOut": 933000000,
    "weightedAverageShsOutDil": 935000000,
    "link": "https://www.sec.gov/Archives/edgar/data/1141391/000114139124000087/0001141391-24-000087-index.htm",
    "finalLink": "https://www.sec.gov/Archives/edgar/data/1141391/000114139124000087/ma-20240331.htm"
  },
  {
    "date": "2023-12-31",
    "symbol": "MA",
    "reportedCurrency": "USD",
    "cik": "0001141391",
    "fillingDate": "2024-02-13",
    "acceptedDate": "2024-02-13 12:47:32",
    "calendarYear": "2023",
    "period": "Q4",
    "revenue": 6548000000,
    "costOfRevenue": 1528000000,
    "grossProfit": 5020000000,
    "grossProfitRatio": 0.7666463042,
    "researchAndDevelopmentExpenses": 0,
    "generalAndAdministrativeExpenses": 853000000,
    "sellingAndMarketingExpenses": 264000000,
    "sellingGeneralAndAdministrativeExpenses": 1117000000,
    "otherExpenses": 531000000,
    "operatingExpenses": 1648000000,
    "costAndExpenses": 3176000000,
    "interestIncome": 0,
    "interestExpense": 148000000,
    "depreciationAndAmortization": 205000000,
    "ebitda": 3674000000,
    "ebitdaratio": 0.5610873549,
    "operatingIncome": 3372000000,
    "operatingIncomeRatio": 0.514966402,
    "totalOtherIncomeExpensesNet": -51000000,
    "incomeBeforeTax": 3321000000,
    "incomeBeforeTaxRatio": 0.5071777642,
    "incomeTaxExpense": 530000000,
    "netIncome": 2791000000,
    "netIncomeRatio": 0.4262370189,
    "eps": 2.98,
    "epsdiluted": 2.97,
    "weightedAverageShsOut": 936000000,
    "weightedAverageShsOutDil": 939000000,
    "link": "https://www.sec.gov/Archives/edgar/data/1141391/000114139124000022/0001141391-24-000022-index.htm",
    "finalLink": "https://www.sec.gov/Archives/edgar/data/1141391/000114139124000022/ma-20231231.htm"
  },
  {
    "date": "2023-09-30",
    "symbol": "MA",
    "reportedCurrency": "USD",
    "cik": "0001141391",
    "fillingDate": "2023-10-26",
    "acceptedDate": "2023-10-26 10:11:53",
    "calendarYear": "2023",
    "period": "Q3",
    "revenue": 6533000000,
    "costOfRevenue": 1573000000,
    "grossProfit": 4960000000,
    "grossProfitRatio": 0.7592224093,
    "researchAndDevelopmentExpenses": 0,
    "generalAndAdministrativeExpenses": 687000000,
    "sellingAndMarketingExpenses": 193000000,
    "sellingGeneralAndAdministrativeExpenses": 880000000,
    "otherExpenses": 236000000,
    "operatingExpenses": 1116000000,
    "costAndExpenses": 2689000000,
    "interestIncome": 0,
    "interestExpense": 151000000,
    "depreciationAndAmortization": 211000000,
    "ebitda": 4123000000,
    "ebitdaratio": 0.6311036277,
    "operatingIncome": 3844000000,
    "operatingIncomeRatio": 0.5883973672,
    "totalOtherIncomeExpensesNet": -83000000,
    "incomeBeforeTax": 3761000000,
    "incomeBeforeTaxRatio": 0.5756926374,
    "incomeTaxExpense": 563000000,
    "netIncome": 3198000000,
    "netIncomeRatio": 0.4895147712,
    "eps": 3.4,
    "epsdiluted": 3.39,
    "weightedAverageShsOut": 941000000,
    "weightedAverageShsOutDil": 943000000,
    "link": "https://www.sec.gov/Archives/edgar/data/1141391/000114139123000157/0001141391-23-000157-index.htm",
    "finalLink": "https://www.sec.gov/Archives/edgar/data/1141391/000114139123000157/ma-20230930.htm"
  },
  {
    "date": "2023-06-30",
    "symbol": "MA",
    "reportedCurrency": "USD",
    "cik": "0001141391",
    "fillingDate": "2023-07-27",
    "acceptedDate": "2023-07-27 10:19:39",
    "calendarYear": "2023",
    "period": "Q2",
    "revenue": 6269000000,
    "costOfRevenue": 1495000000,
    "grossProfit": 4774000000,
    "grossProfitRatio": 0.7615249641,
    "researchAndDevelopmentExpenses": 0,
    "generalAndAdministrativeExpenses": 681000000,
    "sellingAndMarketingExpenses": 201000000,
    "sellingGeneralAndAdministrativeExpenses": 882000000,
    "otherExpenses": 236000000,
    "operatingExpenses": 1118000000,
    "costAndExpenses": 2613000000,
    "interestIncome": 0,
    "interestExpense": 144000000,
    "depreciationAndAmortization": 192000000,
    "ebitda": 4040000000,
    "ebitdaratio": 0.6444408997,
    "operatingIncome": 3656000000,
    "operatingIncomeRatio": 0.5831871112,
    "totalOtherIncomeExpensesNet": 48000000,
    "incomeBeforeTax": 3704000000,
    "incomeBeforeTaxRatio": 0.5908438347,
    "incomeTaxExpense": 859000000,
    "netIncome": 2845000000,
    "netIncomeRatio": 0.453820386,
    "eps": 3.01,
    "epsdiluted": 3,
    "weightedAverageShsOut": 946000000,
    "weightedAverageShsOutDil": 949000000,
    "link": "https://www.sec.gov/Archives/edgar/data/1141391/000114139123000131/0001141391-23-000131-index.htm",
    "finalLink": "https://www.sec.gov/Archives/edgar/data/1141391/000114139123000131/ma-20230630.htm"
  },
  {
    "date": "2023-03-31",
    "symbol": "MA",
    "reportedCurrency": "USD",
    "cik": "0001141391",
    "fillingDate": "2023-04-27",
    "acceptedDate": "2023-04-27 10:45:20",
    "calendarYear": "2023",
    "period": "Q1",
    "revenue": 5748000000,
    "costOfRevenue": 1426000000,
    "grossProfit": 4322000000,
    "grossProfitRatio": 0.7519137091,
    "researchAndDevelopmentExpenses": 0,
    "generalAndAdministrativeExpenses": 601000000,
    "sellingAndMarketingExpenses": 167000000,
    "sellingGeneralAndAdministrativeExpenses": 768000000,
    "otherExpenses": 418000000,
    "operatingExpenses": 1186000000,
    "costAndExpenses": 2612000000,
    "interestIncome": 0,
    "interestExpense": 132000000,
    "depreciationAndAmortization": 191000000,
    "ebitda": 3176000000,
    "ebitdaratio": 0.5525400139,
    "operatingIncome": 3136000000,
    "operatingIncomeRatio": 0.5455810717,
    "totalOtherIncomeExpensesNet": -283000000,
    "incomeBeforeTax": 2853000000,
    "incomeBeforeTaxRatio": 0.4963465553,
    "incomeTaxExpense": 492000000,
    "netIncome": 2361000000,
    "netIncomeRatio": 0.4107515658,
    "eps": 2.48,
    "epsdiluted": 2.47,
    "weightedAverageShsOut": 953000000,
    "weightedAverageShsOutDil": 956000000,
    "link": "https://www.sec.gov/Archives/edgar/data/1141391/000114139123000059/0001141391-23-000059-index.htm",
    "finalLink": "https://www.sec.gov/Archives/edgar/data/1141391/000114139123000059/ma-20230331.htm"
  },
  {
    "date": "2022-12-31",
    "symbol": "MA",
    "reportedCurrency": "USD",
    "cik": "0001141391",
    "fillingDate": "2023-02-14",
    "acceptedDate": "2023-02-14 16:48:22",
    "calendarYear": "2022",
    "period": "Q4",
    "revenue": 5817000000,
    "costOfRevenue": 1381000000,
    "grossProfit": 4436000000,
    "grossProfitRatio": 0.7625924016,
    "researchAndDevelopmentExpenses": 0,
    "generalAndAdministrativeExpenses": 844000000,
    "sellingAndMarketingExpenses": 216000000,
    "sellingGeneralAndAdministrativeExpenses": 1060000000,
    "otherExpenses": 192000000,
    "operatingExpenses": 1252000000,
    "costAndExpenses": 2633000000,
    "interestIncome": 0,
    "interestExpense": 127000000,
    "depreciationAndAmortization": 184000000,
    "ebitda": 3400000000,
    "ebitdaratio": 0.5844937253,
    "operatingIncome": 3184000000,
    "operatingIncomeRatio": 0.5473611827,
    "totalOtherIncomeExpensesNet": -95000000,
    "incomeBeforeTax": 3089000000,
    "incomeBeforeTaxRatio": 0.5310297404,
    "incomeTaxExpense": 564000000,
    "netIncome": 2525000000,
    "netIncomeRatio": 0.434072546,
    "eps": 2.63,
    "epsdiluted": 2.62,
    "weightedAverageShsOut": 960000000,
    "weightedAverageShsOutDil": 963000000,
    "link": "https://www.sec.gov/Archives/edgar/data/1141391/000114139123000020/0001141391-23-000020-index.htm",
    "finalLink": "https://www.sec.gov/Archives/edgar/data/1141391/000114139123000020/ma-20221231.htm"
  },
  {
    "date": "2022-09-30",
    "symbol": "MA",
    "reportedCurrency": "USD",
    "cik": "0001141391",
    "fillingDate": "2022-10-27",
    "acceptedDate": "2022-10-27 10:06:30",
    "calendarYear": "2022",
    "period": "Q3",
    "revenue": 5756000000,
    "costOfRevenue": 1382000000,
    "grossProfit": 4374000000,
    "grossProfitRatio": 0.7599027102,
    "researchAndDevelopmentExpenses": 0,
    "generalAndAdministrativeExpenses": 649000000,
    "sellingAndMarketingExpenses": 182000000,
    "sellingGeneralAndAdministrativeExpenses": 831000000,
    "otherExpenses": 431000000,
    "operatingExpenses": 1262000000,
    "costAndExpenses": 2644000000,
    "interestIncome": 0,
    "interestExpense": 120000000,
    "depreciationAndAmortization": 185000000,
    "ebitda": 3377000000,
    "ebitdaratio": 0.5866921473,
    "operatingIncome": 3112000000,
    "operatingIncomeRatio": 0.5406532314,
    "totalOtherIncomeExpensesNet": -40000000,
    "incomeBeforeTax": 3072000000,
    "incomeBeforeTaxRatio": 0.5337039611,
    "incomeTaxExpense": 573000000,
    "netIncome": 2499000000,
    "netIncomeRatio": 0.4341556637,
    "eps": 2.59,
    "epsdiluted": 2.58,
    "weightedAverageShsOut": 965000000,
    "weightedAverageShsOutDil": 968000000,
    "link": "https://www.sec.gov/Archives/edgar/data/1141391/000114139122000163/0001141391-22-000163-index.htm",
    "finalLink": "https://www.sec.gov/Archives/edgar/data/1141391/000114139122000163/ma-20220930.htm"
  },
  {
    "date": "2022-06-30",
    "symbol": "MA",
    "reportedCurrency": "USD",
    "cik": "0001141391",
    "fillingDate": "2022-07-28",
    "acceptedDate": "2022-07-28 13:25:14",
    "calendarYear": "2022",
    "period": "Q2",
    "revenue": 5497000000,
    "costOfRevenue": 1319000000,
    "grossProfit": 4178000000,
    "grossProfitRatio": 0.7600509369,
    "researchAndDevelopmentExpenses": 0,
    "generalAndAdministrativeExpenses": 593000000,
    "sellingAndMarketingExpenses": 210000000,
    "sellingGeneralAndAdministrativeExpenses": 803000000,
    "otherExpenses": 357000000,
    "operatingExpenses": 1160000000,
    "costAndExpenses": 2479000000,
    "interestIncome": 0,
    "interestExpense": 114000000,
    "depreciationAndAmortization": 189000000,
    "ebitda": 3101000000,
    "ebitdaratio": 0.5641258868,
    "operatingIncome": 3018000000,
    "operatingIncomeRatio": 0.5490267419,
    "totalOtherIncomeExpensesNet": -220000000,
    "incomeBeforeTax": 2798000000,
    "incomeBeforeTaxRatio": 0.5090049118,
    "incomeTaxExpense": 523000000,
    "netIncome": 2275000000,
    "netIncomeRatio": 0.4138621066,
    "eps": 2.34,
    "epsdiluted": 2.34,
    "weightedAverageShsOut": 971000000,
    "weightedAverageShsOutDil": 974000000,
    "link": "https://www.sec.gov/Archives/edgar/data/1141391/000114139122000150/0001141391-22-000150-index.htm",
    "finalLink": "https://www.sec.gov/Archives/edgar/data/1141391/000114139122000150/ma-20220630.htm"
  },
  {
    "date": "2022-03-31",
    "symbol": "MA",
    "reportedCurrency": "USD",
    "cik": "0001141391",
    "fillingDate": "2022-04-28",
    "acceptedDate": "2022-04-28 10:16:49",
    "calendarYear": "2022",
    "period": "Q1",
    "revenue": 5167000000,
    "costOfRevenue": 1181000000,
    "grossProfit": 3986000000,
    "grossProfitRatio": 0.771434101,
    "researchAndDevelopmentExpenses": 0,
    "generalAndAdministrativeExpenses": 627000000,
    "sellingAndMarketingExpenses": 181000000,
    "sellingGeneralAndAdministrativeExpenses": 808000000,
    "otherExpenses": 228000000,
    "operatingExpenses": 1036000000,
    "costAndExpenses": 2217000000,
    "interestIncome": 0,
    "interestExpense": 110000000,
    "depreciationAndAmortization": 192000000,
    "ebitda": 3075000000,
    "ebitdaratio": 0.5951228953,
    "operatingIncome": 2950000000,
    "operatingIncomeRatio": 0.5709309077,
    "totalOtherIncomeExpensesNet": -177000000,
    "incomeBeforeTax": 2773000000,
    "incomeBeforeTaxRatio": 0.5366750532,
    "incomeTaxExpense": 142000000,
    "netIncome": 2631000000,
    "netIncomeRatio": 0.5091929553,
    "eps": 2.69,
    "epsdiluted": 2.68,
    "weightedAverageShsOut": 977000000,
    "weightedAverageShsOutDil": 981000000,
    "link": "https://www.sec.gov/Archives/edgar/data/1141391/000114139122000088/0001141391-22-000088-index.htm",
    "finalLink": "https://www.sec.gov/Archives/edgar/data/1141391/000114139122000088/ma-20220331.htm"
  },
  {
    "date": "2021-12-31",
    "symbol": "MA",
    "reportedCurrency": "USD",
    "cik": "0001141391",
    "fillingDate": "2022-02-11",
    "acceptedDate": "2022-02-11 09:52:16",
    "calendarYear": "2021",
    "period": "Q4",
    "revenue": 5216000000,
    "costOfRevenue": 1089000000,
    "grossProfit": 4127000000,
    "grossProfitRatio": 0.7912193252,
    "researchAndDevelopmentExpenses": 0,
    "generalAndAdministrativeExpenses": 757000000,
    "sellingAndMarketingExpenses": 338000000,
    "sellingGeneralAndAdministrativeExpenses": 1095000000,
    "otherExpenses": 205000000,
    "operatingExpenses": 1300000000,
    "costAndExpenses": 2389000000,
    "interestIncome": 0,
    "interestExpense": 108000000,
    "depreciationAndAmortization": 189000000,
    "ebitda": 3120000000,
    "ebitdaratio": 0.5981595092,
    "operatingIncome": 2827000000,
    "operatingIncomeRatio": 0.5419861963,
    "totalOtherIncomeExpensesNet": -4000000,
    "incomeBeforeTax": 2823000000,
    "incomeBeforeTaxRatio": 0.5412193252,
    "incomeTaxExpense": 444000000,
    "netIncome": 2379000000,
    "netIncomeRatio": 0.4560966258,
    "eps": 2.42,
    "epsdiluted": 2.41,
    "weightedAverageShsOut": 982000000,
    "weightedAverageShsOutDil": 986000000,
    "link": "https://www.sec.gov/Archives/edgar/data/1141391/000114139122000023/0001141391-22-000023-index.htm",
    "finalLink": "https://www.sec.gov/Archives/edgar/data/1141391/000114139122000023/ma-20211231.htm"
  },
  {
    "date": "2021-09-30",
    "symbol": "MA",
    "reportedCurrency": "USD",
    "cik": "0001141391",
    "fillingDate": "2021-10-28",
    "acceptedDate": "2021-10-28 10:12:34",
    "calendarYear": "2021",
    "period": "Q3",
    "revenue": 4985000000,
    "costOfRevenue": 1166000000,
    "grossProfit": 3819000000,
    "grossProfitRatio": 0.7660982949,
    "researchAndDevelopmentExpenses": 0,
    "generalAndAdministrativeExpenses": 646000000,
    "sellingAndMarketingExpenses": 222000000,
    "sellingGeneralAndAdministrativeExpenses": 868000000,
    "otherExpenses": 234000000,
    "operatingExpenses": 1102000000,
    "costAndExpenses": 2268000000,
    "interestIncome": 0,
    "interestExpense": 110000000,
    "depreciationAndAmortization": 188000000,
    "ebitda": 3114000000,
    "ebitdaratio": 0.6246740221,
    "operatingIncome": 2717000000,
    "operatingIncomeRatio": 0.5450351053,
    "totalOtherIncomeExpensesNet": 99000000,
    "incomeBeforeTax": 2816000000,
    "incomeBeforeTaxRatio": 0.5648946841,
    "incomeTaxExpense": 402000000,
    "netIncome": 2414000000,
    "netIncomeRatio": 0.4842527583,
    "eps": 2.45,
    "epsdiluted": 2.44,
    "weightedAverageShsOut": 986000000,
    "weightedAverageShsOutDil": 990000000,
    "link": "https://www.sec.gov/Archives/edgar/data/1141391/000114139121000182/0001141391-21-000182-index.htm",
    "finalLink": "https://www.sec.gov/Archives/edgar/data/1141391/000114139121000182/ma-20210930.htm"
  },
  {
    "date": "2021-06-30",
    "symbol": "MA",
    "reportedCurrency": "USD",
    "cik": "0001141391",
    "fillingDate": "2021-07-29",
    "acceptedDate": "2021-07-29 10:27:00",
    "calendarYear": "2021",
    "period": "Q2",
    "revenue": 4528000000,
    "costOfRevenue": 1130000000,
    "grossProfit": 3398000000,
    "grossProfitRatio": 0.7504416961,
    "researchAndDevelopmentExpenses": 0,
    "generalAndAdministrativeExpenses": 580000000,
    "sellingAndMarketingExpenses": 216000000,
    "sellingGeneralAndAdministrativeExpenses": 796000000,
    "otherExpenses": 261000000,
    "operatingExpenses": 1057000000,
    "costAndExpenses": 2187000000,
    "interestIncome": 0,
    "interestExpense": 106000000,
    "depreciationAndAmortization": 186000000,
    "ebitda": 2770000000,
    "ebitdaratio": 0.6117491166,
    "operatingIncome": 2341000000,
    "operatingIncomeRatio": 0.5170053004,
    "totalOtherIncomeExpensesNet": 137000000,
    "incomeBeforeTax": 2478000000,
    "incomeBeforeTaxRatio": 0.5472614841,
    "incomeTaxExpense": 412000000,
    "netIncome": 2066000000,
    "netIncomeRatio": 0.4562720848,
    "eps": 2.09,
    "epsdiluted": 2.08,
    "weightedAverageShsOut": 990000000,
    "weightedAverageShsOutDil": 994000000,
    "link": "https://www.sec.gov/Archives/edgar/data/1141391/000114139121000156/0001141391-21-000156-index.htm",
    "finalLink": "https://www.sec.gov/Archives/edgar/data/1141391/000114139121000156/ma-20210630.htm"
  },
  {
    "date": "2021-03-31",
    "symbol": "MA",
    "reportedCurrency": "USD",
    "cik": "0001141391",
    "fillingDate": "2021-04-29",
    "acceptedDate": "2021-04-29 10:12:52",
    "calendarYear": "2021",
    "period": "Q1",
    "revenue": 4155000000,
    "costOfRevenue": 1104000000,
    "grossProfit": 3051000000,
    "grossProfitRatio": 0.7342960289,
    "researchAndDevelopmentExpenses": 0,
    "generalAndAdministrativeExpenses": 564000000,
    "sellingAndMarketingExpenses": 119000000,
    "sellingGeneralAndAdministrativeExpenses": 683000000,
    "otherExpenses": 171000000,
    "operatingExpenses": 854000000,
    "costAndExpenses": 1958000000,
    "interestIncome": 0,
    "interestExpense": 107000000,
    "depreciationAndAmortization": 163000000,
    "ebitda": 2460000000,
    "ebitdaratio": 0.5920577617,
    "operatingIncome": 2197000000,
    "operatingIncomeRatio": 0.5287605295,
    "totalOtherIncomeExpensesNet": -7000000,
    "incomeBeforeTax": 2190000000,
    "incomeBeforeTaxRatio": 0.5270758123,
    "incomeTaxExpense": 362000000,
    "netIncome": 1828000000,
    "netIncomeRatio": 0.4399518652,
    "eps": 1.84,
    "epsdiluted": 1.83,
    "weightedAverageShsOut": 994000000,
    "weightedAverageShsOutDil": 998000000,
    "link": "https://www.sec.gov/Archives/edgar/data/1141391/000114139121000091/0001141391-21-000091-index.htm",
    "finalLink": "https://www.sec.gov/Archives/edgar/data/1141391/000114139121000091/ma-20210331.htm"
  },
  {
    "date": "2020-12-31",
    "symbol": "MA",
    "reportedCurrency": "USD",
    "cik": "0001141391",
    "fillingDate": "2021-02-12",
    "acceptedDate": "2021-02-12 10:44:10",
    "calendarYear": "2020",
    "period": "Q4",
    "revenue": 4120000000,
    "costOfRevenue": 970000000,
    "grossProfit": 3150000000,
    "grossProfitRatio": 0.7645631068,
    "researchAndDevelopmentExpenses": 0,
    "generalAndAdministrativeExpenses": 636000000,
    "sellingAndMarketingExpenses": 242000000,
    "sellingGeneralAndAdministrativeExpenses": 878000000,
    "otherExpenses": 214000000,
    "operatingExpenses": 1092000000,
    "costAndExpenses": 2062000000,
    "interestIncome": 0,
    "interestExpense": 105000000,
    "depreciationAndAmortization": 150000000,
    "ebitda": 2423000000,
    "ebitdaratio": 0.5881067961,
    "operatingIncome": 2058000000,
    "operatingIncomeRatio": 0.4995145631,
    "totalOtherIncomeExpensesNet": 110000000,
    "incomeBeforeTax": 2168000000,
    "incomeBeforeTaxRatio": 0.5262135922,
    "incomeTaxExpense": 383000000,
    "netIncome": 1785000000,
    "netIncomeRatio": 0.4332524272,
    "eps": 1.79,
    "epsdiluted": 1.78,
    "weightedAverageShsOut": 996000014,
    "weightedAverageShsOutDil": 1001000015,
    "link": "https://www.sec.gov/Archives/edgar/data/1141391/000114139121000018/0001141391-21-000018-index.htm",
    "finalLink": "https://www.sec.gov/Archives/edgar/data/1141391/000114139121000018/ma-20201231.htm"
  },
  {
    "date": "2020-09-30",
    "symbol": "MA",
    "reportedCurrency": "USD",
    "cik": "0001141391",
    "fillingDate": "2020-10-28",
    "acceptedDate": "2020-10-28 10:14:35",
    "calendarYear": "2020",
    "period": "Q3",
    "revenue": 3837000000,
    "costOfRevenue": 940000000,
    "grossProfit": 2897000000,
    "grossProfitRatio": 0.7550169403,
    "researchAndDevelopmentExpenses": 0,
    "generalAndAdministrativeExpenses": 460000000,
    "sellingAndMarketingExpenses": 168000000,
    "sellingGeneralAndAdministrativeExpenses": 628000000,
    "otherExpenses": 164000000,
    "operatingExpenses": 792000000,
    "costAndExpenses": 1732000000,
    "interestIncome": 0,
    "interestExpense": 105000000,
    "depreciationAndAmortization": 141000000,
    "ebitda": 2161000000,
    "ebitdaratio": 0.563200417,
    "operatingIncome": 2105000000,
    "operatingIncomeRatio": 0.5486056815,
    "totalOtherIncomeExpensesNet": -190000000,
    "incomeBeforeTax": 1915000000,
    "incomeBeforeTaxRatio": 0.499087829,
    "incomeTaxExpense": 402000000,
    "netIncome": 1513000000,
    "netIncomeRatio": 0.394318478,
    "eps": 1.51,
    "epsdiluted": 1.51,
    "weightedAverageShsOut": 1001000000,
    "weightedAverageShsOutDil": 1005000000,
    "link": "https://www.sec.gov/Archives/edgar/data/1141391/000114139120000203/0001141391-20-000203-index.htm",
    "finalLink": "https://www.sec.gov/Archives/edgar/data/1141391/000114139120000203/ma-20200930.htm"
  },
  {
    "date": "2020-06-30",
    "symbol": "MA",
    "reportedCurrency": "USD",
    "cik": "0001141391",
    "fillingDate": "2020-07-30",
    "acceptedDate": "2020-07-30 18:21:41",
    "calendarYear": "2020",
    "period": "Q2",
    "revenue": 3335000000,
    "costOfRevenue": 915000000,
    "grossProfit": 2420000000,
    "grossProfitRatio": 0.7256371814,
    "researchAndDevelopmentExpenses": 0,
    "generalAndAdministrativeExpenses": 434000000,
    "sellingAndMarketingExpenses": 93000000,
    "sellingGeneralAndAdministrativeExpenses": 527000000,
    "otherExpenses": 186000000,
    "operatingExpenses": 713000000,
    "costAndExpenses": 1628000000,
    "interestIncome": 0,
    "interestExpense": 101000000,
    "depreciationAndAmortization": 145000000,
    "ebitda": 1936000000,
    "ebitdaratio": 0.5805097451,
    "operatingIncome": 1707000000,
    "operatingIncomeRatio": 0.511844078,
    "totalOtherIncomeExpensesNet": -17000000,
    "incomeBeforeTax": 1690000000,
    "incomeBeforeTaxRatio": 0.5067466267,
    "incomeTaxExpense": 270000000,
    "netIncome": 1420000000,
    "netIncomeRatio": 0.4257871064,
    "eps": 1.41,
    "epsdiluted": 1.41,
    "weightedAverageShsOut": 1004000000,
    "weightedAverageShsOutDil": 1008000000,
    "link": "https://www.sec.gov/Archives/edgar/data/1141391/000114139120000165/0001141391-20-000165-index.htm",
    "finalLink": "https://www.sec.gov/Archives/edgar/data/1141391/000114139120000165/ma06302020-10xq.htm"
  },
  {
    "date": "2020-03-31",
    "symbol": "MA",
    "reportedCurrency": "USD",
    "cik": "0001141391",
    "fillingDate": "2020-04-29",
    "acceptedDate": "2020-04-29 11:13:34",
    "calendarYear": "2020",
    "period": "Q1",
    "revenue": 4009000000,
    "costOfRevenue": 962000000,
    "grossProfit": 3047000000,
    "grossProfitRatio": 0.7600399102,
    "researchAndDevelopmentExpenses": 0,
    "generalAndAdministrativeExpenses": 584000000,
    "sellingAndMarketingExpenses": 154000000,
    "sellingGeneralAndAdministrativeExpenses": 738000000,
    "otherExpenses": 98000000,
    "operatingExpenses": 836000000,
    "costAndExpenses": 1798000000,
    "interestIncome": 0,
    "interestExpense": 69000000,
    "depreciationAndAmortization": 144000000,
    "ebitda": 2200000000,
    "ebitdaratio": 0.5487652781,
    "operatingIncome": 2211000000,
    "operatingIncomeRatio": 0.5515091045,
    "totalOtherIncomeExpensesNet": -224000000,
    "incomeBeforeTax": 1987000000,
    "incomeBeforeTaxRatio": 0.4956348217,
    "incomeTaxExpense": 294000000,
    "netIncome": 1693000000,
    "netIncomeRatio": 0.4222998254,
    "eps": 1.68,
    "epsdiluted": 1.68,
    "weightedAverageShsOut": 1005000000,
    "weightedAverageShsOutDil": 1010000000,
    "link": "https://www.sec.gov/Archives/edgar/data/1141391/000114139120000091/0001141391-20-000091-index.htm",
    "finalLink": "https://www.sec.gov/Archives/edgar/data/1141391/000114139120000091/ma03312020-10xq.htm"
  },
  {
    "date": "2019-12-31",
    "symbol": "MA",
    "reportedCurrency": "USD",
    "cik": "0001141391",
    "fillingDate": "2020-02-14",
    "acceptedDate": "2020-02-14 09:29:40",
    "calendarYear": "2019",
    "period": "Q4",
    "revenue": 4414000000,
    "costOfRevenue": 936000000,
    "grossProfit": 3478000000,
    "grossProfitRatio": 0.78794744,
    "researchAndDevelopmentExpenses": 0,
    "generalAndAdministrativeExpenses": 623000000,
    "sellingAndMarketingExpenses": 290000000,
    "sellingGeneralAndAdministrativeExpenses": 913000000,
    "otherExpenses": 166000000,
    "operatingExpenses": 1079000000,
    "costAndExpenses": 2015000000,
    "interestIncome": 0,
    "interestExpense": 64000000,
    "depreciationAndAmortization": 146000000,
    "ebitda": 2685000000,
    "ebitdaratio": 0.6082917988,
    "operatingIncome": 2399000000,
    "operatingIncomeRatio": 0.543497961,
    "totalOtherIncomeExpensesNet": 76000000,
    "incomeBeforeTax": 2475000000,
    "incomeBeforeTaxRatio": 0.5607159039,
    "incomeTaxExpense": 375000000,
    "netIncome": 2100000000,
    "netIncomeRatio": 0.4757589488,
    "eps": 2.08,
    "epsdiluted": 2.07,
    "weightedAverageShsOut": 1008000015,
    "weightedAverageShsOutDil": 1013000015,
    "link": "https://www.sec.gov/Archives/edgar/data/1141391/000114139120000032/0001141391-20-000032-index.htm",
    "finalLink": "https://www.sec.gov/Archives/edgar/data/1141391/000114139120000032/ma12312019-10xk.htm"
  },
  {
    "date": "2019-09-30",
    "symbol": "MA",
    "reportedCurrency": "USD",
    "cik": "0001141391",
    "fillingDate": "2019-10-29",
    "acceptedDate": "2019-10-29 10:17:11",
    "calendarYear": "2019",
    "period": "Q3",
    "revenue": 4467000000,
    "costOfRevenue": 937000000,
    "grossProfit": 3530000000,
    "grossProfitRatio": 0.7902395344,
    "researchAndDevelopmentExpenses": 0,
    "generalAndAdministrativeExpenses": 513000000,
    "sellingAndMarketingExpenses": 227000000,
    "sellingGeneralAndAdministrativeExpenses": 740000000,
    "otherExpenses": 135000000,
    "operatingExpenses": 875000000,
    "costAndExpenses": 1812000000,
    "interestIncome": 0,
    "interestExpense": 63000000,
    "depreciationAndAmortization": 137000000,
    "ebitda": 2734000000,
    "ebitdaratio": 0.6120438773,
    "operatingIncome": 2655000000,
    "operatingIncomeRatio": 0.59435863,
    "totalOtherIncomeExpensesNet": -121000000,
    "incomeBeforeTax": 2534000000,
    "incomeBeforeTaxRatio": 0.5672710992,
    "incomeTaxExpense": 426000000,
    "netIncome": 2108000000,
    "netIncomeRatio": 0.4719050817,
    "eps": 2.08,
    "epsdiluted": 2.07,
    "weightedAverageShsOut": 1013000015,
    "weightedAverageShsOutDil": 1019000015,
    "link": "https://www.sec.gov/Archives/edgar/data/1141391/000114139119000150/0001141391-19-000150-index.htm",
    "finalLink": "https://www.sec.gov/Archives/edgar/data/1141391/000114139119000150/ma09302019-10xq.htm"
  },
  {
    "date": "2019-06-30",
    "symbol": "MA",
    "reportedCurrency": "USD",
    "cik": "0001141391",
    "fillingDate": "2019-07-30",
    "acceptedDate": "2019-07-30 10:26:01",
    "calendarYear": "2019",
    "period": "Q2",
    "revenue": 4113000000,
    "costOfRevenue": 853000000,
    "grossProfit": 3260000000,
    "grossProfitRatio": 0.7926088014,
    "researchAndDevelopmentExpenses": 0,
    "generalAndAdministrativeExpenses": 503000000,
    "sellingAndMarketingExpenses": 225000000,
    "sellingGeneralAndAdministrativeExpenses": 728000000,
    "otherExpenses": 135000000,
    "operatingExpenses": 863000000,
    "costAndExpenses": 1716000000,
    "interestIncome": 0,
    "interestExpense": 51000000,
    "depreciationAndAmortization": 122000000,
    "ebitda": 2692000000,
    "ebitdaratio": 0.65451009,
    "operatingIncome": 2397000000,
    "operatingIncomeRatio": 0.5827862874,
    "totalOtherIncomeExpensesNet": 122000000,
    "incomeBeforeTax": 2519000000,
    "incomeBeforeTaxRatio": 0.6124483345,
    "incomeTaxExpense": 471000000,
    "netIncome": 2048000000,
    "netIncomeRatio": 0.497933382,
    "eps": 2.01,
    "epsdiluted": 2,
    "weightedAverageShsOut": 1020000015,
    "weightedAverageShsOutDil": 1025000015,
    "link": "https://www.sec.gov/Archives/edgar/data/1141391/000114139119000128/0001141391-19-000128-index.htm",
    "finalLink": "https://www.sec.gov/Archives/edgar/data/1141391/000114139119000128/ma06302019-10xq.htm"
  },
  {
    "date": "2019-03-31",
    "symbol": "MA",
    "reportedCurrency": "USD",
    "cik": "0001141391",
    "fillingDate": "2019-04-30",
    "acceptedDate": "2019-04-30 10:11:52",
    "calendarYear": "2019",
    "period": "Q1",
    "revenue": 3889000000,
    "costOfRevenue": 811000000,
    "grossProfit": 3078000000,
    "grossProfitRatio": 0.7914631011,
    "researchAndDevelopmentExpenses": 0,
    "generalAndAdministrativeExpenses": 555000000,
    "sellingAndMarketingExpenses": 192000000,
    "sellingGeneralAndAdministrativeExpenses": 747000000,
    "otherExpenses": 118000000,
    "operatingExpenses": 865000000,
    "costAndExpenses": 1676000000,
    "interestIncome": 0,
    "interestExpense": 46000000,
    "depreciationAndAmortization": 117000000,
    "ebitda": 2366000000,
    "ebitdaratio": 0.6083826176,
    "operatingIncome": 2213000000,
    "operatingIncomeRatio": 0.5690408845,
    "totalOtherIncomeExpensesNet": -10000000,
    "incomeBeforeTax": 2203000000,
    "incomeBeforeTaxRatio": 0.5664695294,
    "incomeTaxExpense": 341000000,
    "netIncome": 1862000000,
    "netIncomeRatio": 0.4787863204,
    "eps": 1.81,
    "epsdiluted": 1.8,
    "weightedAverageShsOut": 1026000015,
    "weightedAverageShsOutDil": 1032000015,
    "link": "https://www.sec.gov/Archives/edgar/data/1141391/000114139119000076/0001141391-19-000076-index.htm",
    "finalLink": "https://www.sec.gov/Archives/edgar/data/1141391/000114139119000076/ma03312019-10xq.htm"
  },
  {
    "date": "2018-12-31",
    "symbol": "MA",
    "reportedCurrency": "USD",
    "cik": "0001141391",
    "fillingDate": "2019-02-13",
    "acceptedDate": "2019-02-13 10:03:54",
    "calendarYear": "2018",
    "period": "Q4",
    "revenue": 3807000000,
    "costOfRevenue": 843000000,
    "grossProfit": 2964000000,
    "grossProfitRatio": 0.7785657998,
    "researchAndDevelopmentExpenses": 0,
    "generalAndAdministrativeExpenses": 654000000,
    "sellingAndMarketingExpenses": 213000000,
    "sellingGeneralAndAdministrativeExpenses": 867000000,
    "otherExpenses": 863000000,
    "operatingExpenses": 1730000000,
    "costAndExpenses": 2573000000,
    "interestIncome": 0,
    "interestExpense": 47000000,
    "depreciationAndAmortization": 113000000,
    "ebitda": 1375000000,
    "ebitdaratio": 0.3611767796,
    "operatingIncome": 1234000000,
    "operatingIncomeRatio": 0.3241397426,
    "totalOtherIncomeExpensesNet": -19000000,
    "incomeBeforeTax": 1215000000,
    "incomeBeforeTaxRatio": 0.3191489362,
    "incomeTaxExpense": 316000000,
    "netIncome": 899000000,
    "netIncomeRatio": 0.2361439454,
    "eps": 0.87,
    "epsdiluted": 0.87,
    "weightedAverageShsOut": 1032000015,
    "weightedAverageShsOutDil": 1038000015,
    "link": "https://www.sec.gov/Archives/edgar/data/1141391/000114139119000013/0001141391-19-000013-index.htm",
    "finalLink": "https://www.sec.gov/Archives/edgar/data/1141391/000114139119000013/ma12312018-10xk.htm"
  },
  {
    "date": "2018-09-30",
    "symbol": "MA",
    "reportedCurrency": "USD",
    "cik": "0001141391",
    "fillingDate": "2018-10-30",
    "acceptedDate": "2018-10-30 10:20:31",
    "calendarYear": "2018",
    "period": "Q3",
    "revenue": 3898000000,
    "costOfRevenue": 822000000,
    "grossProfit": 3076000000,
    "grossProfitRatio": 0.789122627,
    "researchAndDevelopmentExpenses": 0,
    "generalAndAdministrativeExpenses": 444000000,
    "sellingAndMarketingExpenses": 203000000,
    "sellingGeneralAndAdministrativeExpenses": 647000000,
    "otherExpenses": 142000000,
    "operatingExpenses": 789000000,
    "costAndExpenses": 1611000000,
    "interestIncome": 0,
    "interestExpense": 48000000,
    "depreciationAndAmortization": 111000000,
    "ebitda": 2423000000,
    "ebitdaratio": 0.6216008209,
    "operatingIncome": 2287000000,
    "operatingIncomeRatio": 0.5867111339,
    "totalOtherIncomeExpensesNet": -23000000,
    "incomeBeforeTax": 2264000000,
    "incomeBeforeTaxRatio": 0.5808106721,
    "incomeTaxExpense": 365000000,
    "netIncome": 1899000000,
    "netIncomeRatio": 0.4871729092,
    "eps": 1.83,
    "epsdiluted": 1.82,
    "weightedAverageShsOut": 1037000015,
    "weightedAverageShsOutDil": 1043000015,
    "link": "https://www.sec.gov/Archives/edgar/data/1141391/000114139118000127/0001141391-18-000127-index.htm",
    "finalLink": "https://www.sec.gov/Archives/edgar/data/1141391/000114139118000127/ma09302018-10xq.htm"
  },
  {
    "date": "2018-06-30",
    "symbol": "MA",
    "reportedCurrency": "USD",
    "cik": "0001141391",
    "fillingDate": "2018-07-26",
    "acceptedDate": "2018-07-26 10:13:22",
    "calendarYear": "2018",
    "period": "Q2",
    "revenue": 3665000000,
    "costOfRevenue": 797000000,
    "grossProfit": 2868000000,
    "grossProfitRatio": 0.7825375171,
    "researchAndDevelopmentExpenses": 0,
    "generalAndAdministrativeExpenses": 446000000,
    "sellingAndMarketingExpenses": 205000000,
    "sellingGeneralAndAdministrativeExpenses": 651000000,
    "otherExpenses": 281000000,
    "operatingExpenses": 932000000,
    "costAndExpenses": 1729000000,
    "interestIncome": 0,
    "interestExpense": 48000000,
    "depreciationAndAmortization": 115000000,
    "ebitda": 2085000000,
    "ebitdaratio": 0.5688949523,
    "operatingIncome": 1936000000,
    "operatingIncomeRatio": 0.5282401091,
    "totalOtherIncomeExpensesNet": -14000000,
    "incomeBeforeTax": 1922000000,
    "incomeBeforeTaxRatio": 0.524420191,
    "incomeTaxExpense": 353000000,
    "netIncome": 1569000000,
    "netIncomeRatio": 0.4281036835,
    "eps": 1.5,
    "epsdiluted": 1.5,
    "weightedAverageShsOut": 1043000015,
    "weightedAverageShsOutDil": 1049000015,
    "link": "https://www.sec.gov/Archives/edgar/data/1141391/000114139118000111/0001141391-18-000111-index.htm",
    "finalLink": "https://www.sec.gov/Archives/edgar/data/1141391/000114139118000111/ma06302018-10xq.htm"
  },
  {
    "date": "2018-03-31",
    "symbol": "MA",
    "reportedCurrency": "USD",
    "cik": "0001141391",
    "fillingDate": "2018-05-02",
    "acceptedDate": "2018-05-02 10:38:44",
    "calendarYear": "2018",
    "period": "Q1",
    "revenue": 3580000000,
    "costOfRevenue": 752000000,
    "grossProfit": 2828000000,
    "grossProfitRatio": 0.7899441341,
    "researchAndDevelopmentExpenses": 0,
    "generalAndAdministrativeExpenses": 541000000,
    "sellingAndMarketingExpenses": 197000000,
    "sellingGeneralAndAdministrativeExpenses": 738000000,
    "otherExpenses": 265000000,
    "operatingExpenses": 1003000000,
    "costAndExpenses": 1755000000,
    "interestIncome": 0,
    "interestExpense": 43000000,
    "depreciationAndAmortization": 120000000,
    "ebitda": 1966000000,
    "ebitdaratio": 0.5491620112,
    "operatingIncome": 1825000000,
    "operatingIncomeRatio": 0.5097765363,
    "totalOtherIncomeExpensesNet": -22000000,
    "incomeBeforeTax": 1803000000,
    "incomeBeforeTaxRatio": 0.5036312849,
    "incomeTaxExpense": 311000000,
    "netIncome": 1492000000,
    "netIncomeRatio": 0.4167597765,
    "eps": 1.42,
    "epsdiluted": 1.41,
    "weightedAverageShsOut": 1051000015,
    "weightedAverageShsOutDil": 1057000015,
    "link": "https://www.sec.gov/Archives/edgar/data/1141391/000114139118000056/0001141391-18-000056-index.htm",
    "finalLink": "https://www.sec.gov/Archives/edgar/data/1141391/000114139118000056/ma03312018-10xq.htm"
  },
  {
    "date": "2017-12-31",
    "symbol": "MA",
    "reportedCurrency": "USD",
    "cik": "0001141391",
    "fillingDate": "2018-02-14",
    "acceptedDate": "2018-02-14 12:37:09",
    "calendarYear": "2017",
    "period": "Q4",
    "revenue": 3312000000,
    "costOfRevenue": 726000000,
    "grossProfit": 2586000000,
    "grossProfitRatio": 0.7807971014,
    "researchAndDevelopmentExpenses": 0,
    "generalAndAdministrativeExpenses": 625000000,
    "sellingAndMarketingExpenses": 311000000,
    "sellingGeneralAndAdministrativeExpenses": 936000000,
    "otherExpenses": 128000000,
    "operatingExpenses": 1064000000,
    "costAndExpenses": 1790000000,
    "interestIncome": 0,
    "interestExpense": 41000000,
    "depreciationAndAmortization": 116000000,
    "ebitda": 1641000000,
    "ebitdaratio": 0.4954710145,
    "operatingIncome": 1522000000,
    "operatingIncomeRatio": 0.4595410628,
    "totalOtherIncomeExpensesNet": -38000000,
    "incomeBeforeTax": 1484000000,
    "incomeBeforeTaxRatio": 0.4480676329,
    "incomeTaxExpense": 1257000000,
    "netIncome": 227000000,
    "netIncomeRatio": 0.0685386473,
    "eps": 0.21,
    "epsdiluted": 0.21,
    "weightedAverageShsOut": 1057000015,
    "weightedAverageShsOutDil": 1063000015,
    "link": "https://www.sec.gov/Archives/edgar/data/1141391/000114139118000009/0001141391-18-000009-index.htm",
    "finalLink": "https://www.sec.gov/Archives/edgar/data/1141391/000114139118000009/ma12312017-10xk.htm"
  },
  {
    "date": "2017-09-30",
    "symbol": "MA",
    "reportedCurrency": "USD",
    "cik": "0001141391",
    "fillingDate": "2017-10-31",
    "acceptedDate": "2017-10-31 10:23:17",
    "calendarYear": "2017",
    "period": "Q3",
    "revenue": 3398000000,
    "costOfRevenue": 723000000,
    "grossProfit": 2675000000,
    "grossProfitRatio": 0.787227781,
    "researchAndDevelopmentExpenses": 0,
    "generalAndAdministrativeExpenses": 390000000,
    "sellingAndMarketingExpenses": 203000000,
    "sellingGeneralAndAdministrativeExpenses": 593000000,
    "otherExpenses": 141000000,
    "operatingExpenses": 734000000,
    "costAndExpenses": 1457000000,
    "interestIncome": 0,
    "interestExpense": 35000000,
    "depreciationAndAmortization": 118000000,
    "ebitda": 2085000000,
    "ebitdaratio": 0.6135962331,
    "operatingIncome": 1941000000,
    "operatingIncomeRatio": 0.5712183637,
    "totalOtherIncomeExpensesNet": -9000000,
    "incomeBeforeTax": 1932000000,
    "incomeBeforeTaxRatio": 0.5685697469,
    "incomeTaxExpense": 502000000,
    "netIncome": 1430000000,
    "netIncomeRatio": 0.4208357858,
    "eps": 1.34,
    "epsdiluted": 1.34,
    "weightedAverageShsOut": 1063000015,
    "weightedAverageShsOutDil": 1068000016,
    "link": "https://www.sec.gov/Archives/edgar/data/1141391/000114139117000152/0001141391-17-000152-index.htm",
    "finalLink": "https://www.sec.gov/Archives/edgar/data/1141391/000114139117000152/ma09302017-10xq.htm"
  },
  {
    "date": "2017-06-30",
    "symbol": "MA",
    "reportedCurrency": "USD",
    "cik": "0001141391",
    "fillingDate": "2017-07-27",
    "acceptedDate": "2017-07-27 10:23:14",
    "calendarYear": "2017",
    "period": "Q2",
    "revenue": 3053000000,
    "costOfRevenue": 644000000,
    "grossProfit": 2409000000,
    "grossProfitRatio": 0.789059941,
    "researchAndDevelopmentExpenses": 0,
    "generalAndAdministrativeExpenses": 398000000,
    "sellingAndMarketingExpenses": 214000000,
    "sellingGeneralAndAdministrativeExpenses": 612000000,
    "otherExpenses": 144000000,
    "operatingExpenses": 756000000,
    "costAndExpenses": 1400000000,
    "interestIncome": 0,
    "interestExpense": 39000000,
    "depreciationAndAmortization": 111000000,
    "ebitda": 1778000000,
    "ebitdaratio": 0.5823779889,
    "operatingIncome": 1653000000,
    "operatingIncomeRatio": 0.5414346544,
    "totalOtherIncomeExpensesNet": -25000000,
    "incomeBeforeTax": 1628000000,
    "incomeBeforeTaxRatio": 0.5332459876,
    "incomeTaxExpense": 451000000,
    "netIncome": 1177000000,
    "netIncomeRatio": 0.3855224369,
    "eps": 1.1,
    "epsdiluted": 1.1,
    "weightedAverageShsOut": 1070000016,
    "weightedAverageShsOutDil": 1075000016,
    "link": "https://www.sec.gov/Archives/edgar/data/1141391/000114139117000125/0001141391-17-000125-index.htm",
    "finalLink": "https://www.sec.gov/Archives/edgar/data/1141391/000114139117000125/ma06302017-10xq.htm"
  },
  {
    "date": "2017-03-31",
    "symbol": "MA",
    "reportedCurrency": "USD",
    "cik": "0001141391",
    "fillingDate": "2017-05-02",
    "acceptedDate": "2017-05-02 10:22:18",
    "calendarYear": "2017",
    "period": "Q1",
    "revenue": 2734000000,
    "costOfRevenue": 594000000,
    "grossProfit": 2140000000,
    "grossProfitRatio": 0.7827359181,
    "researchAndDevelopmentExpenses": 0,
    "generalAndAdministrativeExpenses": 320000000,
    "sellingAndMarketingExpenses": 170000000,
    "sellingGeneralAndAdministrativeExpenses": 490000000,
    "otherExpenses": 144000000,
    "operatingExpenses": 634000000,
    "costAndExpenses": 1228000000,
    "interestIncome": 0,
    "interestExpense": 39000000,
    "depreciationAndAmortization": 92000000,
    "ebitda": 1609000000,
    "ebitdaratio": 0.5885149963,
    "operatingIncome": 1506000000,
    "operatingIncomeRatio": 0.5508412582,
    "totalOtherIncomeExpensesNet": -28000000,
    "incomeBeforeTax": 1478000000,
    "incomeBeforeTaxRatio": 0.5405998537,
    "incomeTaxExpense": 397000000,
    "netIncome": 1081000000,
    "netIncomeRatio": 0.395391368,
    "eps": 1,
    "epsdiluted": 1,
    "weightedAverageShsOut": 1078000016,
    "weightedAverageShsOutDil": 1082000016,
    "link": "https://www.sec.gov/Archives/edgar/data/1141391/000114139117000063/0001141391-17-000063-index.htm",
    "finalLink": "https://www.sec.gov/Archives/edgar/data/1141391/000114139117000063/ma03312017-10xq.htm"
  },
  {
    "date": "2016-12-31",
    "symbol": "MA",
    "reportedCurrency": "USD",
    "cik": "0001141391",
    "fillingDate": "2017-02-15",
    "acceptedDate": "2017-02-15 10:22:25",
    "calendarYear": "2016",
    "period": "Q4",
    "revenue": 2756000000,
    "costOfRevenue": 579000000,
    "grossProfit": 2177000000,
    "grossProfitRatio": 0.7899129173,
    "researchAndDevelopmentExpenses": 0,
    "generalAndAdministrativeExpenses": 413000000,
    "sellingAndMarketingExpenses": 308000000,
    "sellingGeneralAndAdministrativeExpenses": 721000000,
    "otherExpenses": 93000000,
    "operatingExpenses": 814000000,
    "costAndExpenses": 1393000000,
    "interestIncome": 0,
    "interestExpense": 30000000,
    "depreciationAndAmortization": 92000000,
    "ebitda": 1433000000,
    "ebitdaratio": 0.5199564586,
    "operatingIncome": 1363000000,
    "operatingIncomeRatio": 0.4945573295,
    "totalOtherIncomeExpensesNet": -52000000,
    "incomeBeforeTax": 1311000000,
    "incomeBeforeTaxRatio": 0.4756894049,
    "incomeTaxExpense": 378000000,
    "netIncome": 933000000,
    "netIncomeRatio": 0.3385341074,
    "eps": 0.86,
    "epsdiluted": 0.86,
    "weightedAverageShsOut": 1087000016,
    "weightedAverageShsOutDil": 1090000016,
    "link": "https://www.sec.gov/Archives/edgar/data/1141391/000114139117000014/0001141391-17-000014-index.htm",
    "finalLink": "https://www.sec.gov/Archives/edgar/data/1141391/000114139117000014/ma12312016-10xk.htm"
  },
  {
    "date": "2016-09-30",
    "symbol": "MA",
    "reportedCurrency": "USD",
    "cik": "0001141391",
    "fillingDate": "2016-10-28",
    "acceptedDate": "2016-10-28 10:27:22",
    "calendarYear": "2016",
    "period": "Q3",
    "revenue": 2880000000,
    "costOfRevenue": 575000000,
    "grossProfit": 2305000000,
    "grossProfitRatio": 0.8003472222,
    "researchAndDevelopmentExpenses": 0,
    "generalAndAdministrativeExpenses": 346000000,
    "sellingAndMarketingExpenses": 184000000,
    "sellingGeneralAndAdministrativeExpenses": 530000000,
    "otherExpenses": 105000000,
    "operatingExpenses": 635000000,
    "costAndExpenses": 1210000000,
    "interestIncome": 0,
    "interestExpense": 23000000,
    "depreciationAndAmortization": 93000000,
    "ebitda": 1749000000,
    "ebitdaratio": 0.6072916667,
    "operatingIncome": 1670000000,
    "operatingIncomeRatio": 0.5798611111,
    "totalOtherIncomeExpensesNet": -37000000,
    "incomeBeforeTax": 1633000000,
    "incomeBeforeTaxRatio": 0.5670138889,
    "incomeTaxExpense": 449000000,
    "netIncome": 1184000000,
    "netIncomeRatio": 0.4111111111,
    "eps": 1.08,
    "epsdiluted": 1.08,
    "weightedAverageShsOut": 1096000016,
    "weightedAverageShsOutDil": 1099000016,
    "link": "https://www.sec.gov/Archives/edgar/data/1141391/000114139116000235/0001141391-16-000235-index.htm",
    "finalLink": "https://www.sec.gov/Archives/edgar/data/1141391/000114139116000235/ma09302016-10xq.htm"
  },
  {
    "date": "2016-06-30",
    "symbol": "MA",
    "reportedCurrency": "USD",
    "cik": "0001141391",
    "fillingDate": "2016-07-28",
    "acceptedDate": "2016-07-28 10:32:59",
    "calendarYear": "2016",
    "period": "Q2",
    "revenue": 2694000000,
    "costOfRevenue": 551000000,
    "grossProfit": 2143000000,
    "grossProfitRatio": 0.795471418,
    "researchAndDevelopmentExpenses": 0,
    "generalAndAdministrativeExpenses": 388000000,
    "sellingAndMarketingExpenses": 184000000,
    "sellingGeneralAndAdministrativeExpenses": 572000000,
    "otherExpenses": 191000000,
    "operatingExpenses": 763000000,
    "costAndExpenses": 1314000000,
    "interestIncome": 0,
    "interestExpense": 22000000,
    "depreciationAndAmortization": 93000000,
    "ebitda": 1480000000,
    "ebitdaratio": 0.5493689681,
    "operatingIncome": 1380000000,
    "operatingIncomeRatio": 0.5122494432,
    "totalOtherIncomeExpensesNet": -15000000,
    "incomeBeforeTax": 1365000000,
    "incomeBeforeTaxRatio": 0.5066815145,
    "incomeTaxExpense": 382000000,
    "netIncome": 983000000,
    "netIncomeRatio": 0.3648849295,
    "eps": 0.89,
    "epsdiluted": 0.89,
    "weightedAverageShsOut": 1098000016,
    "weightedAverageShsOutDil": 1101000016,
    "link": "https://www.sec.gov/Archives/edgar/data/1141391/000114139116000207/0001141391-16-000207-index.htm",
    "finalLink": "https://www.sec.gov/Archives/edgar/data/1141391/000114139116000207/ma06302016-10xq.htm"
  },
  {
    "date": "2016-03-31",
    "symbol": "MA",
    "reportedCurrency": "USD",
    "cik": "0001141391",
    "fillingDate": "2016-04-28",
    "acceptedDate": "2016-04-28 10:23:33",
    "calendarYear": "2016",
    "period": "Q1",
    "revenue": 2446000000,
    "costOfRevenue": 520000000,
    "grossProfit": 1926000000,
    "grossProfitRatio": 0.7874080131,
    "researchAndDevelopmentExpenses": 0,
    "generalAndAdministrativeExpenses": 308000000,
    "sellingAndMarketingExpenses": 135000000,
    "sellingGeneralAndAdministrativeExpenses": 443000000,
    "otherExpenses": 135000000,
    "operatingExpenses": 578000000,
    "costAndExpenses": 1098000000,
    "interestIncome": 0,
    "interestExpense": 20000000,
    "depreciationAndAmortization": 95000000,
    "ebitda": 1452000000,
    "ebitdaratio": 0.5936222404,
    "operatingIncome": 1348000000,
    "operatingIncomeRatio": 0.551103843,
    "totalOtherIncomeExpensesNet": -11000000,
    "incomeBeforeTax": 1337000000,
    "incomeBeforeTaxRatio": 0.5466067048,
    "incomeTaxExpense": 378000000,
    "netIncome": 959000000,
    "netIncomeRatio": 0.3920686836,
    "eps": 0.86,
    "epsdiluted": 0.86,
    "weightedAverageShsOut": 1109000016,
    "weightedAverageShsOutDil": 1112000016,
    "link": "https://www.sec.gov/Archives/edgar/data/1141391/000114139116000135/0001141391-16-000135-index.htm",
    "finalLink": "https://www.sec.gov/Archives/edgar/data/1141391/000114139116000135/ma03312016-10xq.htm"
  },
  {
    "date": "2015-12-31",
    "symbol": "MA",
    "reportedCurrency": "USD",
    "cik": "0001141391",
    "fillingDate": "2016-02-12",
    "acceptedDate": "2016-02-12 10:42:08",
    "calendarYear": "2015",
    "period": "Q4",
    "revenue": 2517000000,
    "costOfRevenue": 565000000,
    "grossProfit": 1952000000,
    "grossProfitRatio": 0.7755264203,
    "researchAndDevelopmentExpenses": 0,
    "generalAndAdministrativeExpenses": 435000000,
    "sellingAndMarketingExpenses": 319000000,
    "sellingGeneralAndAdministrativeExpenses": 754000000,
    "otherExpenses": 91000000,
    "operatingExpenses": 845000000,
    "costAndExpenses": 1410000000,
    "interestIncome": 0,
    "interestExpense": 12000000,
    "depreciationAndAmortization": 93000000,
    "ebitda": 1130000000,
    "ebitdaratio": 0.4489471593,
    "operatingIncome": 1107000000,
    "operatingIncomeRatio": 0.4398092968,
    "totalOtherIncomeExpensesNet": -82000000,
    "incomeBeforeTax": 1025000000,
    "incomeBeforeTaxRatio": 0.4072308304,
    "incomeTaxExpense": 135000000,
    "netIncome": 890000000,
    "netIncomeRatio": 0.3535955503,
    "eps": 0.79,
    "epsdiluted": 0.79,
    "weightedAverageShsOut": 1121000016,
    "weightedAverageShsOutDil": 1124000016,
    "link": "https://www.sec.gov/Archives/edgar/data/1141391/000114139116000085/0001141391-16-000085-index.htm",
    "finalLink": "https://www.sec.gov/Archives/edgar/data/1141391/000114139116000085/ma12312015-10xk.htm"
  },
  {
    "date": "2015-09-30",
    "symbol": "MA",
    "reportedCurrency": "USD",
    "cik": "0001141391",
    "fillingDate": "2015-10-29",
    "acceptedDate": "2015-10-29 10:29:56",
    "calendarYear": "2015",
    "period": "Q3",
    "revenue": 2530000000,
    "costOfRevenue": 584000000,
    "grossProfit": 1946000000,
    "grossProfitRatio": 0.7691699605,
    "researchAndDevelopmentExpenses": 0,
    "generalAndAdministrativeExpenses": 311000000,
    "sellingAndMarketingExpenses": 184000000,
    "sellingGeneralAndAdministrativeExpenses": 495000000,
    "otherExpenses": 82000000,
    "operatingExpenses": 577000000,
    "costAndExpenses": 1161000000,
    "interestIncome": 0,
    "interestExpense": 15000000,
    "depreciationAndAmortization": 94000000,
    "ebitda": 1461000000,
    "ebitdaratio": 0.5774703557,
    "operatingIncome": 1369000000,
    "operatingIncomeRatio": 0.5411067194,
    "totalOtherIncomeExpensesNet": -17000000,
    "incomeBeforeTax": 1352000000,
    "incomeBeforeTaxRatio": 0.5343873518,
    "incomeTaxExpense": 375000000,
    "netIncome": 977000000,
    "netIncomeRatio": 0.3861660079,
    "eps": 0.86,
    "epsdiluted": 0.86,
    "weightedAverageShsOut": 1130000016,
    "weightedAverageShsOutDil": 1133000016,
    "link": "https://www.sec.gov/Archives/edgar/data/1141391/000114139115000065/0001141391-15-000065-index.htm",
    "finalLink": "https://www.sec.gov/Archives/edgar/data/1141391/000114139115000065/ma09302015-10xq.htm"
  },
  {
    "date": "2015-06-30",
    "symbol": "MA",
    "reportedCurrency": "USD",
    "cik": "0001141391",
    "fillingDate": "2015-07-29",
    "acceptedDate": "2015-07-29 10:34:25",
    "calendarYear": "2015",
    "period": "Q2",
    "revenue": 2390000000,
    "costOfRevenue": 488000000,
    "grossProfit": 1902000000,
    "grossProfitRatio": 0.7958158996,
    "researchAndDevelopmentExpenses": 0,
    "generalAndAdministrativeExpenses": 302000000,
    "sellingAndMarketingExpenses": 176000000,
    "sellingGeneralAndAdministrativeExpenses": 478000000,
    "otherExpenses": 173000000,
    "operatingExpenses": 651000000,
    "costAndExpenses": 1139000000,
    "interestIncome": 0,
    "interestExpense": 17000000,
    "depreciationAndAmortization": 92000000,
    "ebitda": 1350000000,
    "ebitdaratio": 0.5648535565,
    "operatingIncome": 1251000000,
    "operatingIncomeRatio": 0.5234309623,
    "totalOtherIncomeExpensesNet": -10000000,
    "incomeBeforeTax": 1241000000,
    "incomeBeforeTaxRatio": 0.5192468619,
    "incomeTaxExpense": 320000000,
    "netIncome": 921000000,
    "netIncomeRatio": 0.3853556485,
    "eps": 0.81,
    "epsdiluted": 0.81,
    "weightedAverageShsOut": 1138000017,
    "weightedAverageShsOutDil": 1141000017,
    "link": "https://www.sec.gov/Archives/edgar/data/1141391/000114139115000044/0001141391-15-000044-index.htm",
    "finalLink": "https://www.sec.gov/Archives/edgar/data/1141391/000114139115000044/ma06302015-10xq.htm"
  },
  {
    "date": "2015-03-31",
    "symbol": "MA",
    "reportedCurrency": "USD",
    "cik": "0001141391",
    "fillingDate": "2015-04-29",
    "acceptedDate": "2015-04-29 10:58:26",
    "calendarYear": "2015",
    "period": "Q1",
    "revenue": 2230000000,
    "costOfRevenue": 468000000,
    "grossProfit": 1762000000,
    "grossProfitRatio": 0.7901345291,
    "researchAndDevelopmentExpenses": 0,
    "generalAndAdministrativeExpenses": 270000000,
    "sellingAndMarketingExpenses": 142000000,
    "sellingGeneralAndAdministrativeExpenses": 412000000,
    "otherExpenses": -1000000,
    "operatingExpenses": 411000000,
    "costAndExpenses": 879000000,
    "interestIncome": 0,
    "interestExpense": 17000000,
    "depreciationAndAmortization": 87000000,
    "ebitda": 1444000000,
    "ebitdaratio": 0.6475336323,
    "operatingIncome": 1351000000,
    "operatingIncomeRatio": 0.6058295964,
    "totalOtherIncomeExpensesNet": -11000000,
    "incomeBeforeTax": 1340000000,
    "incomeBeforeTaxRatio": 0.600896861,
    "incomeTaxExpense": 320000000,
    "netIncome": 1020000000,
    "netIncomeRatio": 0.4573991031,
    "eps": 0.89,
    "epsdiluted": 0.89,
    "weightedAverageShsOut": 1148000017,
    "weightedAverageShsOutDil": 1152000017,
    "link": "https://www.sec.gov/Archives/edgar/data/1141391/000114139115000030/0001141391-15-000030-index.htm",
    "finalLink": "https://www.sec.gov/Archives/edgar/data/1141391/000114139115000030/ma03312015-10xq.htm"
  },
  {
    "date": "2014-12-31",
    "symbol": "MA",
    "reportedCurrency": "USD",
    "cik": "0001141391",
    "fillingDate": "2015-02-13",
    "acceptedDate": "2015-02-13 10:23:56",
    "calendarYear": "2014",
    "period": "Q4",
    "revenue": 2416000000,
    "costOfRevenue": 618000000,
    "grossProfit": 1798000000,
    "grossProfitRatio": 0.744205298,
    "researchAndDevelopmentExpenses": 0,
    "generalAndAdministrativeExpenses": 369000000,
    "sellingAndMarketingExpenses": 337000000,
    "sellingGeneralAndAdministrativeExpenses": 706000000,
    "otherExpenses": 74000000,
    "operatingExpenses": 780000000,
    "costAndExpenses": 1398000000,
    "interestIncome": 0,
    "interestExpense": 16000000,
    "depreciationAndAmortization": 84000000,
    "ebitda": 1107000000,
    "ebitdaratio": 0.4581953642,
    "operatingIncome": 1018000000,
    "operatingIncomeRatio": 0.4213576159,
    "totalOtherIncomeExpensesNet": -11000000,
    "incomeBeforeTax": 1007000000,
    "incomeBeforeTaxRatio": 0.4168046358,
    "incomeTaxExpense": 206000000,
    "netIncome": 801000000,
    "netIncomeRatio": 0.3315397351,
    "eps": 0.7,
    "epsdiluted": 0.69,
    "weightedAverageShsOut": 1153000017,
    "weightedAverageShsOutDil": 1157000017,
    "link": "https://www.sec.gov/Archives/edgar/data/1141391/000114139115000011/0001141391-15-000011-index.htm",
    "finalLink": "https://www.sec.gov/Archives/edgar/data/1141391/000114139115000011/ma12312014-10xk.htm"
  },
  {
    "date": "2014-09-30",
    "symbol": "MA",
    "reportedCurrency": "USD",
    "cik": "0001141391",
    "fillingDate": "2014-10-30",
    "acceptedDate": "2014-10-30 10:25:35",
    "calendarYear": "2014",
    "period": "Q3",
    "revenue": 2490000000,
    "costOfRevenue": 511000000,
    "grossProfit": 1979000000,
    "grossProfitRatio": 0.7947791165,
    "researchAndDevelopmentExpenses": 0,
    "generalAndAdministrativeExpenses": 291000000,
    "sellingAndMarketingExpenses": 203000000,
    "sellingGeneralAndAdministrativeExpenses": 494000000,
    "otherExpenses": 65000000,
    "operatingExpenses": 559000000,
    "costAndExpenses": 1070000000,
    "interestIncome": 0,
    "interestExpense": 11000000,
    "depreciationAndAmortization": 83000000,
    "ebitda": 1512000000,
    "ebitdaratio": 0.6072289157,
    "operatingIncome": 1420000000,
    "operatingIncomeRatio": 0.5702811245,
    "totalOtherIncomeExpensesNet": -2000000,
    "incomeBeforeTax": 1418000000,
    "incomeBeforeTaxRatio": 0.5694779116,
    "incomeTaxExpense": 403000000,
    "netIncome": 1015000000,
    "netIncomeRatio": 0.4076305221,
    "eps": 0.88,
    "epsdiluted": 0.87,
    "weightedAverageShsOut": 1157000017,
    "weightedAverageShsOutDil": 1160000017,
    "link": "https://www.sec.gov/Archives/edgar/data/1141391/000114139114000030/0001141391-14-000030-index.htm",
    "finalLink": "https://www.sec.gov/Archives/edgar/data/1141391/000114139114000030/ma09302014-10xq.htm"
  },
  {
    "date": "2014-06-30",
    "symbol": "MA",
    "reportedCurrency": "USD",
    "cik": "0001141391",
    "fillingDate": "2014-07-31",
    "acceptedDate": "2014-07-31 10:38:28",
    "calendarYear": "2014",
    "period": "Q2",
    "revenue": 2368000000,
    "costOfRevenue": 485000000,
    "grossProfit": 1883000000,
    "grossProfitRatio": 0.7951858108,
    "researchAndDevelopmentExpenses": 0,
    "generalAndAdministrativeExpenses": 229000000,
    "sellingAndMarketingExpenses": 173000000,
    "sellingGeneralAndAdministrativeExpenses": 402000000,
    "otherExpenses": 98000000,
    "operatingExpenses": 500000000,
    "costAndExpenses": 985000000,
    "interestIncome": 0,
    "interestExpense": 15000000,
    "depreciationAndAmortization": 81000000,
    "ebitda": 1469000000,
    "ebitdaratio": 0.6203547297,
    "operatingIncome": 1383000000,
    "operatingIncomeRatio": 0.5840371622,
    "totalOtherIncomeExpensesNet": -10000000,
    "incomeBeforeTax": 1373000000,
    "incomeBeforeTaxRatio": 0.5798141892,
    "incomeTaxExpense": 442000000,
    "netIncome": 931000000,
    "netIncomeRatio": 0.3931587838,
    "eps": 0.8,
    "epsdiluted": 0.8,
    "weightedAverageShsOut": 1165000017,
    "weightedAverageShsOutDil": 1169000017,
    "link": "https://www.sec.gov/Archives/edgar/data/1141391/000114139114000022/0001141391-14-000022-index.htm",
    "finalLink": "https://www.sec.gov/Archives/edgar/data/1141391/000114139114000022/ma06302014-10xq.htm"
  },
  {
    "date": "2014-03-31",
    "symbol": "MA",
    "reportedCurrency": "USD",
    "cik": "0001141391",
    "fillingDate": "2014-05-01",
    "acceptedDate": "2014-05-01 10:57:09",
    "calendarYear": "2014",
    "period": "Q1",
    "revenue": 2172000000,
    "costOfRevenue": 450000000,
    "grossProfit": 1722000000,
    "grossProfitRatio": 0.7928176796,
    "researchAndDevelopmentExpenses": 0,
    "generalAndAdministrativeExpenses": 234000000,
    "sellingAndMarketingExpenses": 149000000,
    "sellingGeneralAndAdministrativeExpenses": 383000000,
    "otherExpenses": 54000000,
    "operatingExpenses": 437000000,
    "costAndExpenses": 887000000,
    "interestIncome": 0,
    "interestExpense": 6000000,
    "depreciationAndAmortization": 73000000,
    "ebitda": 1360000000,
    "ebitdaratio": 0.6261510129,
    "operatingIncome": 1285000000,
    "operatingIncomeRatio": 0.5916206262,
    "totalOtherIncomeExpensesNet": -4000000,
    "incomeBeforeTax": 1281000000,
    "incomeBeforeTaxRatio": 0.5897790055,
    "incomeTaxExpense": 411000000,
    "netIncome": 870000000,
    "netIncomeRatio": 0.4005524862,
    "eps": 0.73,
    "epsdiluted": 0.73,
    "weightedAverageShsOut": 1185000017,
    "weightedAverageShsOutDil": 1189000017,
    "link": "https://www.sec.gov/Archives/edgar/data/1141391/000114139114000017/0001141391-14-000017-index.htm",
    "finalLink": "https://www.sec.gov/Archives/edgar/data/1141391/000114139114000017/ma03312014-10xq.htm"
  },
  {
    "date": "2013-12-31",
    "symbol": "MA",
    "reportedCurrency": "USD",
    "cik": "0001141391",
    "fillingDate": "2014-02-14",
    "acceptedDate": "2014-02-14 11:26:02",
    "calendarYear": "2013",
    "period": "Q4",
    "revenue": 2126000000,
    "costOfRevenue": 452000000,
    "grossProfit": 1674000000,
    "grossProfitRatio": 0.7873941675,
    "researchAndDevelopmentExpenses": 0,
    "generalAndAdministrativeExpenses": 266000000,
    "sellingAndMarketingExpenses": 321000000,
    "sellingGeneralAndAdministrativeExpenses": 587000000,
    "otherExpenses": 167000000,
    "operatingExpenses": 754000000,
    "costAndExpenses": 1206000000,
    "interestIncome": 0,
    "interestExpense": 7000000,
    "depreciationAndAmortization": 71000000,
    "ebitda": 989000000,
    "ebitdaratio": 0.4651928504,
    "operatingIncome": 920000000,
    "operatingIncomeRatio": 0.4327375353,
    "totalOtherIncomeExpensesNet": -9000000,
    "incomeBeforeTax": 911000000,
    "incomeBeforeTaxRatio": 0.4285042333,
    "incomeTaxExpense": 288000000,
    "netIncome": 623000000,
    "netIncomeRatio": 0.2930385701,
    "eps": 0.052,
    "epsdiluted": 0.052,
    "weightedAverageShsOut": 1211000018,
    "weightedAverageShsOutDil": 1215000018,
    "link": "https://www.sec.gov/Archives/edgar/data/1141391/000114139114000003/0001141391-14-000003-index.htm",
    "finalLink": "https://www.sec.gov/Archives/edgar/data/1141391/000114139114000003/ma12312013-10xk.htm"
  },
  {
    "date": "2013-09-30",
    "symbol": "MA",
    "reportedCurrency": "USD",
    "cik": "0001141391",
    "fillingDate": "2013-10-31",
    "acceptedDate": "2013-10-31 10:37:31",
    "calendarYear": "2013",
    "period": "Q3",
    "revenue": 2218000000,
    "costOfRevenue": 452000000,
    "grossProfit": 1766000000,
    "grossProfitRatio": 0.7962128043,
    "researchAndDevelopmentExpenses": 0,
    "generalAndAdministrativeExpenses": 235000000,
    "sellingAndMarketingExpenses": 205000000,
    "sellingGeneralAndAdministrativeExpenses": 440000000,
    "otherExpenses": 78000000,
    "operatingExpenses": 518000000,
    "costAndExpenses": 970000000,
    "interestIncome": 3000000,
    "interestExpense": 3000000,
    "depreciationAndAmortization": 64000000,
    "ebitda": 1326000000,
    "ebitdaratio": 0.5978358882,
    "operatingIncome": 1248000000,
    "operatingIncomeRatio": 0.5626690712,
    "totalOtherIncomeExpensesNet": 6000000,
    "incomeBeforeTax": 1254000000,
    "incomeBeforeTaxRatio": 0.565374211,
    "incomeTaxExpense": 375000000,
    "netIncome": 879000000,
    "netIncomeRatio": 0.3963029757,
    "eps": 0.73,
    "epsdiluted": 0.73,
    "weightedAverageShsOut": 1205000018,
    "weightedAverageShsOutDil": 1209000018,
    "link": "https://www.sec.gov/Archives/edgar/data/1141391/000114139113000014/0001141391-13-000014-index.htm",
    "finalLink": "https://www.sec.gov/Archives/edgar/data/1141391/000114139113000014/ma09302013-10xq.htm"
  },
  {
    "date": "2013-06-30",
    "symbol": "MA",
    "reportedCurrency": "USD",
    "cik": "0001141391",
    "fillingDate": "2013-07-31",
    "acceptedDate": "2013-07-31 10:49:51",
    "calendarYear": "2013",
    "period": "Q2",
    "revenue": 2096000000,
    "costOfRevenue": 0,
    "grossProfit": 2096000000,
    "grossProfitRatio": 1,
    "researchAndDevelopmentExpenses": 0,
    "generalAndAdministrativeExpenses": 621000000,
    "sellingAndMarketingExpenses": 186000000,
    "sellingGeneralAndAdministrativeExpenses": 807000000,
    "otherExpenses": 61000000,
    "operatingExpenses": 868000000,
    "costAndExpenses": 868000000,
    "interestIncome": 0,
    "interestExpense": 5000000,
    "depreciationAndAmortization": 61000000,
    "ebitda": 1299000000,
    "ebitdaratio": 0.6197519084,
    "operatingIncome": 1228000000,
    "operatingIncomeRatio": 0.5858778626,
    "totalOtherIncomeExpensesNet": 5000000,
    "incomeBeforeTax": 1233000000,
    "incomeBeforeTaxRatio": 0.5882633588,
    "incomeTaxExpense": 385000000,
    "netIncome": 848000000,
    "netIncomeRatio": 0.4045801527,
    "eps": 0.7,
    "epsdiluted": 0.7,
    "weightedAverageShsOut": 1214000018,
    "weightedAverageShsOutDil": 1217000018,
    "link": "https://www.sec.gov/Archives/edgar/data/1141391/000114139113000011/0001141391-13-000011-index.htm",
    "finalLink": "https://www.sec.gov/Archives/edgar/data/1141391/000114139113000011/ma06302013-10xq.htm"
  },
  {
    "date": "2013-03-31",
    "symbol": "MA",
    "reportedCurrency": "USD",
    "cik": "0001141391",
    "fillingDate": "2013-05-01",
    "acceptedDate": "2013-05-01 10:43:22",
    "calendarYear": "2013",
    "period": "Q1",
    "revenue": 1906000000,
    "costOfRevenue": 0,
    "grossProfit": 1906000000,
    "grossProfitRatio": 1,
    "researchAndDevelopmentExpenses": 0,
    "generalAndAdministrativeExpenses": 608000000,
    "sellingAndMarketingExpenses": 129000000,
    "sellingGeneralAndAdministrativeExpenses": 737000000,
    "otherExpenses": 62000000,
    "operatingExpenses": 799000000,
    "costAndExpenses": 799000000,
    "interestIncome": 0,
    "interestExpense": 5000000,
    "depreciationAndAmortization": 62000000,
    "ebitda": 1169000000,
    "ebitdaratio": 0.6133263379,
    "operatingIncome": 1107000000,
    "operatingIncomeRatio": 0.5807974816,
    "totalOtherIncomeExpensesNet": -5000000,
    "incomeBeforeTax": 1102000000,
    "incomeBeforeTaxRatio": 0.5781741868,
    "incomeTaxExpense": 336000000,
    "netIncome": 766000000,
    "netIncomeRatio": 0.4018887723,
    "eps": 0.62,
    "epsdiluted": 0.62,
    "weightedAverageShsOut": 1226000018,
    "weightedAverageShsOutDil": 1230000018,
    "link": "https://www.sec.gov/Archives/edgar/data/1141391/000114139113000007/0001141391-13-000007-index.htm",
    "finalLink": "https://www.sec.gov/Archives/edgar/data/1141391/000114139113000007/ma03312013-10xq.htm"
  },
  {
    "date": "2012-12-31",
    "symbol": "MA",
    "reportedCurrency": "USD",
    "cik": "0001141391",
    "fillingDate": "2013-02-14",
    "acceptedDate": "2013-02-14 17:02:29",
    "calendarYear": "2012",
    "period": "Q4",
    "revenue": 1895000000,
    "costOfRevenue": 1565000000,
    "grossProfit": 330000000,
    "grossProfitRatio": 0.1741424802,
    "researchAndDevelopmentExpenses": 0,
    "generalAndAdministrativeExpenses": -953000000,
    "sellingAndMarketingExpenses": 295000000,
    "sellingGeneralAndAdministrativeExpenses": -658000000,
    "otherExpenses": 89000000,
    "operatingExpenses": -569000000,
    "costAndExpenses": 996000000,
    "interestIncome": 9000000,
    "interestExpense": 7000000,
    "depreciationAndAmortization": 62000000,
    "ebitda": 963000000,
    "ebitdaratio": 0.5081794195,
    "operatingIncome": 899000000,
    "operatingIncomeRatio": 0.4744063325,
    "totalOtherIncomeExpensesNet": -5000000,
    "incomeBeforeTax": 894000000,
    "incomeBeforeTaxRatio": 0.47176781,
    "incomeTaxExpense": 289000000,
    "netIncome": 605000000,
    "netIncomeRatio": 0.3192612137,
    "eps": 0.49,
    "epsdiluted": 0.49,
    "weightedAverageShsOut": 1240000018,
    "weightedAverageShsOutDil": 1250000018,
    "link": "https://www.sec.gov/Archives/edgar/data/1141391/000114139113000003/0001141391-13-000003-index.htm",
    "finalLink": "https://www.sec.gov/Archives/edgar/data/1141391/000114139113000003/ma12312012-10xk.htm"
  },
  {
    "date": "2012-09-30",
    "symbol": "MA",
    "reportedCurrency": "USD",
    "cik": "0001141391",
    "fillingDate": "2012-10-31",
    "acceptedDate": "2012-10-31 11:55:59",
    "calendarYear": "2012",
    "period": "Q3",
    "revenue": 1918000000,
    "costOfRevenue": 402000000,
    "grossProfit": 1516000000,
    "grossProfitRatio": 0.7904066736,
    "researchAndDevelopmentExpenses": 0,
    "generalAndAdministrativeExpenses": 203000000,
    "sellingAndMarketingExpenses": 176000000,
    "sellingGeneralAndAdministrativeExpenses": 379000000,
    "otherExpenses": 73000000,
    "operatingExpenses": 452000000,
    "costAndExpenses": 854000000,
    "interestIncome": 9000000,
    "interestExpense": 4000000,
    "depreciationAndAmortization": 58000000,
    "ebitda": 1128000000,
    "ebitdaratio": 0.5881126173,
    "operatingIncome": 1064000000,
    "operatingIncomeRatio": 0.5547445255,
    "totalOtherIncomeExpensesNet": 2000000,
    "incomeBeforeTax": 1066000000,
    "incomeBeforeTaxRatio": 0.5557872784,
    "incomeTaxExpense": 294000000,
    "netIncome": 772000000,
    "netIncomeRatio": 0.4025026069,
    "eps": 0.62,
    "epsdiluted": 0.62,
    "weightedAverageShsOut": 1250000018,
    "weightedAverageShsOutDil": 1250000018,
    "link": "https://www.sec.gov/Archives/edgar/data/1141391/000114139112000012/0001141391-12-000012-index.htm",
    "finalLink": "https://www.sec.gov/Archives/edgar/data/1141391/000114139112000012/ma09302012-10xq.htm"
  },
  {
    "date": "2012-06-30",
    "symbol": "MA",
    "reportedCurrency": "USD",
    "cik": "0001141391",
    "fillingDate": "2012-08-01",
    "acceptedDate": "2012-08-01 10:42:40",
    "calendarYear": "2012",
    "period": "Q2",
    "revenue": 1820000000,
    "costOfRevenue": 0,
    "grossProfit": 1820000000,
    "grossProfitRatio": 1,
    "researchAndDevelopmentExpenses": 0,
    "generalAndAdministrativeExpenses": 591000000,
    "sellingAndMarketingExpenses": 179000000,
    "sellingGeneralAndAdministrativeExpenses": 770000000,
    "otherExpenses": 76000000,
    "operatingExpenses": 846000000,
    "costAndExpenses": 846000000,
    "interestIncome": 9000000,
    "interestExpense": 3000000,
    "depreciationAndAmortization": 56000000,
    "ebitda": 1032000000,
    "ebitdaratio": 0.567032967,
    "operatingIncome": 974000000,
    "operatingIncomeRatio": 0.5351648352,
    "totalOtherIncomeExpensesNet": -1000000,
    "incomeBeforeTax": 973000000,
    "incomeBeforeTaxRatio": 0.5346153846,
    "incomeTaxExpense": 273000000,
    "netIncome": 700000000,
    "netIncomeRatio": 0.3846153846,
    "eps": 0.56,
    "epsdiluted": 0.56,
    "weightedAverageShsOut": 1260000018,
    "weightedAverageShsOutDil": 1260000018,
    "link": "https://www.sec.gov/Archives/edgar/data/1141391/000114139112000010/0001141391-12-000010-index.htm",
    "finalLink": "https://www.sec.gov/Archives/edgar/data/1141391/000114139112000010/ma06302012-10xq.htm"
  },
  {
    "date": "2012-03-31",
    "symbol": "MA",
    "reportedCurrency": "USD",
    "cik": "0001141391",
    "fillingDate": "2012-05-02",
    "acceptedDate": "2012-05-02 10:45:44",
    "calendarYear": "2012",
    "period": "Q1",
    "revenue": 1758000000,
    "costOfRevenue": 0,
    "grossProfit": 1758000000,
    "grossProfitRatio": 1,
    "researchAndDevelopmentExpenses": 0,
    "generalAndAdministrativeExpenses": 579000000,
    "sellingAndMarketingExpenses": 125000000,
    "sellingGeneralAndAdministrativeExpenses": 704000000,
    "otherExpenses": 54000000,
    "operatingExpenses": 758000000,
    "costAndExpenses": 758000000,
    "interestIncome": 9000000,
    "interestExpense": 6000000,
    "depreciationAndAmortization": 54000000,
    "ebitda": 1060000000,
    "ebitdaratio": 0.6029579067,
    "operatingIncome": 1000000000,
    "operatingIncomeRatio": 0.5688282139,
    "totalOtherIncomeExpensesNet": 0,
    "incomeBeforeTax": 1000000000,
    "incomeBeforeTaxRatio": 0.5688282139,
    "incomeTaxExpense": 318000000,
    "netIncome": 682000000,
    "netIncomeRatio": 0.3879408419,
    "eps": 0.54,
    "epsdiluted": 0.54,
    "weightedAverageShsOut": 1270000019,
    "weightedAverageShsOutDil": 1270000019,
    "link": "https://www.sec.gov/Archives/edgar/data/1141391/000114139112000006/0001141391-12-000006-index.htm",
    "finalLink": "https://www.sec.gov/Archives/edgar/data/1141391/000114139112000006/ma03312012-10xq.htm"
  },
  {
    "date": "2011-12-31",
    "symbol": "MA",
    "reportedCurrency": "USD",
    "cik": "0001141391",
    "fillingDate": "2012-02-16",
    "acceptedDate": "2012-02-16 12:23:37",
    "calendarYear": "2011",
    "period": "Q4",
    "revenue": 1728000000,
    "costOfRevenue": 0,
    "grossProfit": 1728000000,
    "grossProfitRatio": 1,
    "researchAndDevelopmentExpenses": 0,
    "generalAndAdministrativeExpenses": 597000000,
    "sellingAndMarketingExpenses": 319000000,
    "sellingGeneralAndAdministrativeExpenses": 916000000,
    "otherExpenses": 822000000,
    "operatingExpenses": 1738000000,
    "costAndExpenses": 1738000000,
    "interestIncome": 12000000,
    "interestExpense": 7000000,
    "depreciationAndAmortization": 52000000,
    "ebitda": 47000000,
    "ebitdaratio": 0.0271990741,
    "operatingIncome": -10000000,
    "operatingIncomeRatio": -0.005787037,
    "totalOtherIncomeExpensesNet": -2000000,
    "incomeBeforeTax": -12000000,
    "incomeBeforeTaxRatio": -0.0069444444,
    "incomeTaxExpense": -30000000,
    "netIncome": 19000000,
    "netIncomeRatio": 0.0109953704,
    "eps": 0.015,
    "epsdiluted": 0.015,
    "weightedAverageShsOut": 1270000019,
    "weightedAverageShsOutDil": 1270000019,
    "link": "https://www.sec.gov/Archives/edgar/data/1141391/000114139112000003/0001141391-12-000003-index.htm",
    "finalLink": "https://www.sec.gov/Archives/edgar/data/1141391/000114139112000003/ma12312011-10xk.htm"
  },
  {
    "date": "2011-09-30",
    "symbol": "MA",
    "reportedCurrency": "USD",
    "cik": "0001141391",
    "fillingDate": "2011-11-02",
    "acceptedDate": "2011-11-02 11:28:29",
    "calendarYear": "2011",
    "period": "Q3",
    "revenue": 1818000000,
    "costOfRevenue": 0,
    "grossProfit": 1818000000,
    "grossProfitRatio": 1,
    "researchAndDevelopmentExpenses": 0,
    "generalAndAdministrativeExpenses": 565000000,
    "sellingAndMarketingExpenses": 200000000,
    "sellingGeneralAndAdministrativeExpenses": 765000000,
    "otherExpenses": 51000000,
    "operatingExpenses": 816000000,
    "costAndExpenses": 816000000,
    "interestIncome": 17000000,
    "interestExpense": 6000000,
    "depreciationAndAmortization": 51000000,
    "ebitda": 1087000000,
    "ebitdaratio": 0.597909791,
    "operatingIncome": 1002000000,
    "operatingIncomeRatio": 0.5511551155,
    "totalOtherIncomeExpensesNet": 28000000,
    "incomeBeforeTax": 1030000000,
    "incomeBeforeTaxRatio": 0.5665566557,
    "incomeTaxExpense": 314000000,
    "netIncome": 717000000,
    "netIncomeRatio": 0.3943894389,
    "eps": 0.56,
    "epsdiluted": 0.56,
    "weightedAverageShsOut": 1270000019,
    "weightedAverageShsOutDil": 1270000019,
    "link": "https://www.sec.gov/Archives/edgar/data/1141391/000114139111000005/0001141391-11-000005-index.htm",
    "finalLink": "https://www.sec.gov/Archives/edgar/data/1141391/000114139111000005/ma9302011-10xq.htm"
  },
  {
    "date": "2011-06-30",
    "symbol": "MA",
    "reportedCurrency": "USD",
    "cik": "0001141391",
    "fillingDate": "2011-08-03",
    "acceptedDate": "2011-08-03 13:25:57",
    "calendarYear": "2011",
    "period": "Q2",
    "revenue": 1667000000,
    "costOfRevenue": 0,
    "grossProfit": 1667000000,
    "grossProfitRatio": 1,
    "researchAndDevelopmentExpenses": 0,
    "generalAndAdministrativeExpenses": 540000000,
    "sellingAndMarketingExpenses": 193000000,
    "sellingGeneralAndAdministrativeExpenses": 733000000,
    "otherExpenses": 49000000,
    "operatingExpenses": 782000000,
    "costAndExpenses": 782000000,
    "interestIncome": 11000000,
    "interestExpense": 2000000,
    "depreciationAndAmortization": 49000000,
    "ebitda": 943000000,
    "ebitdaratio": 0.5656868626,
    "operatingIncome": 885000000,
    "operatingIncomeRatio": 0.5308938212,
    "totalOtherIncomeExpensesNet": 7000000,
    "incomeBeforeTax": 892000000,
    "incomeBeforeTaxRatio": 0.5350929814,
    "incomeTaxExpense": 284000000,
    "netIncome": 608000000,
    "netIncomeRatio": 0.3647270546,
    "eps": 0.48,
    "epsdiluted": 0.48,
    "weightedAverageShsOut": 1270000019,
    "weightedAverageShsOutDil": 1280000019,
    "link": "https://www.sec.gov/Archives/edgar/data/1141391/000119312511207804/0001193125-11-207804-index.htm",
    "finalLink": "https://www.sec.gov/Archives/edgar/data/1141391/000119312511207804/d10q.htm"
  },
  {
    "date": "2011-03-31",
    "symbol": "MA",
    "reportedCurrency": "USD",
    "cik": "0001141391",
    "fillingDate": "2011-05-03",
    "acceptedDate": "2011-05-03 10:45:41",
    "calendarYear": "2011",
    "period": "Q1",
    "revenue": 1501000000,
    "costOfRevenue": 0,
    "grossProfit": 1501000000,
    "grossProfitRatio": 1,
    "researchAndDevelopmentExpenses": 0,
    "generalAndAdministrativeExpenses": 494000000,
    "sellingAndMarketingExpenses": 129000000,
    "sellingGeneralAndAdministrativeExpenses": 623000000,
    "otherExpenses": 42000000,
    "operatingExpenses": 665000000,
    "costAndExpenses": 665000000,
    "interestIncome": 12000000,
    "interestExpense": 10000000,
    "depreciationAndAmortization": 42000000,
    "ebitda": 888000000,
    "ebitdaratio": 0.5916055963,
    "operatingIncome": 836000000,
    "operatingIncomeRatio": 0.5569620253,
    "totalOtherIncomeExpensesNet": 0,
    "incomeBeforeTax": 836000000,
    "incomeBeforeTaxRatio": 0.5569620253,
    "incomeTaxExpense": 274000000,
    "netIncome": 562000000,
    "netIncomeRatio": 0.3744170553,
    "eps": 0.43,
    "epsdiluted": 0.43,
    "weightedAverageShsOut": 1300000019,
    "weightedAverageShsOutDil": 1310000019,
    "link": "https://www.sec.gov/Archives/edgar/data/1141391/000119312511123143/0001193125-11-123143-index.htm",
    "finalLink": "https://www.sec.gov/Archives/edgar/data/1141391/000119312511123143/d10q.htm"
  },
  {
    "date": "2010-12-31",
    "symbol": "MA",
    "reportedCurrency": "USD",
    "cik": "0001141391",
    "fillingDate": "2011-11-23",
    "acceptedDate": "2011-11-23 12:41:59",
    "calendarYear": "2010",
    "period": "Q4",
    "revenue": 1438000000,
    "costOfRevenue": 0,
    "grossProfit": 1438000000,
    "grossProfitRatio": 1,
    "researchAndDevelopmentExpenses": 0,
    "generalAndAdministrativeExpenses": 518000000,
    "sellingAndMarketingExpenses": 305000000,
    "sellingGeneralAndAdministrativeExpenses": 823000000,
    "otherExpenses": 46000000,
    "operatingExpenses": 869000000,
    "costAndExpenses": 869000000,
    "interestIncome": 0,
    "interestExpense": 9000000,
    "depreciationAndAmortization": 42000000,
    "ebitda": 633000000,
    "ebitdaratio": 0.4401947149,
    "operatingIncome": 569000000,
    "operatingIncomeRatio": 0.3956884562,
    "totalOtherIncomeExpensesNet": 13000000,
    "incomeBeforeTax": 582000000,
    "incomeBeforeTaxRatio": 0.40472879,
    "incomeTaxExpense": 167000000,
    "netIncome": 415000000,
    "netIncomeRatio": 0.2885952712,
    "eps": 0.32,
    "epsdiluted": 0.32,
    "weightedAverageShsOut": 1300000000,
    "weightedAverageShsOutDil": 1300000000,
    "link": "https://www.sec.gov/Archives/edgar/data/1141391/000119312511320907/0001193125-11-320907-index.htm",
    "finalLink": "https://www.sec.gov/Archives/edgar/data/1141391/000119312511320907/d258542d10ka.htm"
  },
  {
    "date": "2010-09-30",
    "symbol": "MA",
    "reportedCurrency": "USD",
    "cik": "0001141391",
    "fillingDate": "2010-11-02",
    "acceptedDate": "2010-11-02 12:19:52",
    "calendarYear": "2010",
    "period": "Q3",
    "revenue": 1428000000,
    "costOfRevenue": 0,
    "grossProfit": 1428000000,
    "grossProfitRatio": 1,
    "researchAndDevelopmentExpenses": 0,
    "generalAndAdministrativeExpenses": 444000000,
    "sellingAndMarketingExpenses": 182000000,
    "sellingGeneralAndAdministrativeExpenses": 626000000,
    "otherExpenses": 36000000,
    "operatingExpenses": 662000000,
    "costAndExpenses": 662000000,
    "interestIncome": 11000000,
    "interestExpense": 11000000,
    "depreciationAndAmortization": 36000000,
    "ebitda": 814000000,
    "ebitdaratio": 0.5700280112,
    "operatingIncome": 766000000,
    "operatingIncomeRatio": 0.5364145658,
    "totalOtherIncomeExpensesNet": 1000000,
    "incomeBeforeTax": 767000000,
    "incomeBeforeTaxRatio": 0.5371148459,
    "incomeTaxExpense": 248000000,
    "netIncome": 518000000,
    "netIncomeRatio": 0.362745098,
    "eps": 0.4,
    "epsdiluted": 0.39,
    "weightedAverageShsOut": 1310000019,
    "weightedAverageShsOutDil": 1310000019,
    "link": "https://www.sec.gov/Archives/edgar/data/1141391/000119312510243917/0001193125-10-243917-index.htm",
    "finalLink": "https://www.sec.gov/Archives/edgar/data/1141391/000119312510243917/d10q.htm"
  },
  {
    "date": "2010-06-30",
    "symbol": "MA",
    "reportedCurrency": "USD",
    "cik": "0001141391",
    "fillingDate": "2010-08-03",
    "acceptedDate": "2010-08-03 11:00:59",
    "calendarYear": "2010",
    "period": "Q2",
    "revenue": 1365000000,
    "costOfRevenue": 0,
    "grossProfit": 1365000000,
    "grossProfitRatio": 1,
    "researchAndDevelopmentExpenses": 0,
    "generalAndAdministrativeExpenses": 433000000,
    "sellingAndMarketingExpenses": 180000000,
    "sellingGeneralAndAdministrativeExpenses": 613000000,
    "otherExpenses": 35000000,
    "operatingExpenses": 648000000,
    "costAndExpenses": 648000000,
    "interestIncome": 13000000,
    "interestExpense": 17000000,
    "depreciationAndAmortization": 35000000,
    "ebitda": 765000000,
    "ebitdaratio": 0.5604395604,
    "operatingIncome": 717000000,
    "operatingIncomeRatio": 0.5252747253,
    "totalOtherIncomeExpensesNet": -4000000,
    "incomeBeforeTax": 713000000,
    "incomeBeforeTaxRatio": 0.5223443223,
    "incomeTaxExpense": 255000000,
    "netIncome": 458000000,
    "netIncomeRatio": 0.3355311355,
    "eps": 0.35,
    "epsdiluted": 0.35,
    "weightedAverageShsOut": 1310000019,
    "weightedAverageShsOutDil": 1310000019,
    "link": "https://www.sec.gov/Archives/edgar/data/1141391/000119312510174782/0001193125-10-174782-index.htm",
    "finalLink": "https://www.sec.gov/Archives/edgar/data/1141391/000119312510174782/d10q.htm"
  },
  {
    "date": "2010-03-31",
    "symbol": "MA",
    "reportedCurrency": "USD",
    "cik": "0001141391",
    "fillingDate": "2010-05-04",
    "acceptedDate": "2010-05-04 14:50:06",
    "calendarYear": "2010",
    "period": "Q1",
    "revenue": 1308000000,
    "costOfRevenue": 0,
    "grossProfit": 1308000000,
    "grossProfitRatio": 1,
    "researchAndDevelopmentExpenses": 0,
    "generalAndAdministrativeExpenses": 458000000,
    "sellingAndMarketingExpenses": 115000000,
    "sellingGeneralAndAdministrativeExpenses": 573000000,
    "otherExpenses": 35000000,
    "operatingExpenses": 608000000,
    "costAndExpenses": 608000000,
    "interestIncome": 10000000,
    "interestExpense": 15000000,
    "depreciationAndAmortization": 35000000,
    "ebitda": 745000000,
    "ebitdaratio": 0.5695718654,
    "operatingIncome": 700000000,
    "operatingIncomeRatio": 0.5351681957,
    "totalOtherIncomeExpensesNet": -5000000,
    "incomeBeforeTax": 695000000,
    "incomeBeforeTaxRatio": 0.5313455657,
    "incomeTaxExpense": 240000000,
    "netIncome": 455000000,
    "netIncomeRatio": 0.3478593272,
    "eps": 0.35,
    "epsdiluted": 0.35,
    "weightedAverageShsOut": 1300000019,
    "weightedAverageShsOutDil": 1310000019,
    "link": "https://www.sec.gov/Archives/edgar/data/1141391/000119312510106305/0001193125-10-106305-index.htm",
    "finalLink": "https://www.sec.gov/Archives/edgar/data/1141391/000119312510106305/d10q.htm"
  },
  {
    "date": "2009-12-31",
    "symbol": "MA",
    "reportedCurrency": "USD",
    "cik": "0001141391",
    "fillingDate": "2010-02-18",
    "acceptedDate": "2010-02-18 13:20:56",
    "calendarYear": "2009",
    "period": "Q4",
    "revenue": 1298418000,
    "costOfRevenue": 0,
    "grossProfit": 1298418000,
    "grossProfitRatio": 1,
    "researchAndDevelopmentExpenses": 0,
    "generalAndAdministrativeExpenses": 506660000,
    "sellingAndMarketingExpenses": 285205000,
    "sellingGeneralAndAdministrativeExpenses": 791865000,
    "otherExpenses": 38427000,
    "operatingExpenses": 830292000,
    "costAndExpenses": 830292000,
    "interestIncome": 0,
    "interestExpense": 23442000,
    "depreciationAndAmortization": 38427000,
    "ebitda": 520202000,
    "ebitdaratio": 0.4006429363,
    "operatingIncome": 468126000,
    "operatingIncomeRatio": 0.3605356673,
    "totalOtherIncomeExpensesNet": -9793000,
    "incomeBeforeTax": 458333000,
    "incomeBeforeTaxRatio": 0.352993412,
    "incomeTaxExpense": 163938000,
    "netIncome": 294001000,
    "netIncomeRatio": 0.2264301635,
    "eps": 0.23,
    "epsdiluted": 0.23,
    "weightedAverageShsOut": 1300000000,
    "weightedAverageShsOutDil": 1300000000,
    "link": "https://www.sec.gov/Archives/edgar/data/1141391/000119312510034065/0001193125-10-034065-index.htm",
    "finalLink": "https://www.sec.gov/Archives/edgar/data/1141391/000119312510034065/d10k.htm"
  },
  {
    "date": "2009-09-30",
    "symbol": "MA",
    "reportedCurrency": "USD",
    "cik": "0001141391",
    "fillingDate": "2009-11-03",
    "acceptedDate": "2009-11-03 15:59:24",
    "calendarYear": "2009",
    "period": "Q3",
    "revenue": 1364000000,
    "costOfRevenue": 0,
    "grossProfit": 1364275000,
    "grossProfitRatio": 1.0002016129,
    "researchAndDevelopmentExpenses": 0,
    "generalAndAdministrativeExpenses": 475000000,
    "sellingAndMarketingExpenses": 174000000,
    "sellingGeneralAndAdministrativeExpenses": 649000000,
    "otherExpenses": 42000000,
    "operatingExpenses": 691000000,
    "costAndExpenses": 691000000,
    "interestIncome": 0,
    "interestExpense": 24000000,
    "depreciationAndAmortization": 36000000,
    "ebitda": 733000000,
    "ebitdaratio": 0.5373900293,
    "operatingIncome": 673000000,
    "operatingIncomeRatio": 0.4934017595,
    "totalOtherIncomeExpensesNet": 0,
    "incomeBeforeTax": 673000000,
    "incomeBeforeTaxRatio": 0.4934017595,
    "incomeTaxExpense": 221000000,
    "netIncome": 452000000,
    "netIncomeRatio": 0.3313782991,
    "eps": 0.35,
    "epsdiluted": 0.35,
    "weightedAverageShsOut": 1300000019,
    "weightedAverageShsOutDil": 1300000019,
    "link": "https://www.sec.gov/Archives/edgar/data/1141391/000119312509222058/0001193125-09-222058-index.htm",
    "finalLink": "https://www.sec.gov/Archives/edgar/data/1141391/000119312509222058/d10q.htm"
  },
  {
    "date": "2009-06-30",
    "symbol": "MA",
    "reportedCurrency": "USD",
    "cik": "0001141391",
    "fillingDate": "2009-07-31",
    "acceptedDate": "2009-07-30 17:59:46",
    "calendarYear": "2009",
    "period": "Q2",
    "revenue": 1280000000,
    "costOfRevenue": 0,
    "grossProfit": 1279889000,
    "grossProfitRatio": 0.9999132813,
    "researchAndDevelopmentExpenses": 0,
    "generalAndAdministrativeExpenses": 507000000,
    "sellingAndMarketingExpenses": 180000000,
    "sellingGeneralAndAdministrativeExpenses": 687000000,
    "otherExpenses": 36000000,
    "operatingExpenses": 723000000,
    "costAndExpenses": 723000000,
    "interestIncome": 0,
    "interestExpense": 32000000,
    "depreciationAndAmortization": 36000000,
    "ebitda": 604000000,
    "ebitdaratio": 0.471875,
    "operatingIncome": 557000000,
    "operatingIncomeRatio": 0.43515625,
    "totalOtherIncomeExpensesNet": -21000000,
    "incomeBeforeTax": 536000000,
    "incomeBeforeTaxRatio": 0.41875,
    "incomeTaxExpense": 187000000,
    "netIncome": 349000000,
    "netIncomeRatio": 0.27265625,
    "eps": 0.27,
    "epsdiluted": 0.27,
    "weightedAverageShsOut": 1300000019,
    "weightedAverageShsOutDil": 1300000019,
    "link": "https://www.sec.gov/Archives/edgar/data/1141391/000119312509159733/0001193125-09-159733-index.htm",
    "finalLink": "https://www.sec.gov/Archives/edgar/data/1141391/000119312509159733/d10q.htm"
  },
  {
    "date": "2009-03-31",
    "symbol": "MA",
    "reportedCurrency": "USD",
    "cik": "0001141391",
    "fillingDate": "2009-05-01",
    "acceptedDate": "2009-05-01 12:03:11",
    "calendarYear": "2009",
    "period": "Q1",
    "revenue": 1156000000,
    "costOfRevenue": 0,
    "grossProfit": 1156000000,
    "grossProfitRatio": 1,
    "researchAndDevelopmentExpenses": 0,
    "generalAndAdministrativeExpenses": 448000000,
    "sellingAndMarketingExpenses": 116000000,
    "sellingGeneralAndAdministrativeExpenses": 564000000,
    "otherExpenses": 31000000,
    "operatingExpenses": 595000000,
    "costAndExpenses": 595000000,
    "interestIncome": 0,
    "interestExpense": 36000000,
    "depreciationAndAmortization": 31000000,
    "ebitda": 617000000,
    "ebitdaratio": 0.5337370242,
    "operatingIncome": 561000000,
    "operatingIncomeRatio": 0.4852941176,
    "totalOtherIncomeExpensesNet": -11000000,
    "incomeBeforeTax": 550000000,
    "incomeBeforeTaxRatio": 0.4757785467,
    "incomeTaxExpense": 183000000,
    "netIncome": 367000000,
    "netIncomeRatio": 0.3174740484,
    "eps": 0.28,
    "epsdiluted": 0.28,
    "weightedAverageShsOut": 1300000019,
    "weightedAverageShsOutDil": 1300000019,
    "link": "https://www.sec.gov/Archives/edgar/data/1141391/000119312509095754/0001193125-09-095754-index.htm",
    "finalLink": "https://www.sec.gov/Archives/edgar/data/1141391/000119312509095754/d10q.htm"
  },
  {
    "date": "2008-12-31",
    "symbol": "MA",
    "reportedCurrency": "USD",
    "cik": "0001141391",
    "fillingDate": "2009-02-19",
    "acceptedDate": "2009-02-19 16:06:14",
    "calendarYear": "2008",
    "period": "Q4",
    "revenue": 1224834000,
    "costOfRevenue": 0,
    "grossProfit": 1224834000,
    "grossProfitRatio": 1,
    "researchAndDevelopmentExpenses": 0,
    "generalAndAdministrativeExpenses": 478590000,
    "sellingAndMarketingExpenses": 247838000,
    "sellingGeneralAndAdministrativeExpenses": 726428000,
    "otherExpenses": 36050000,
    "operatingExpenses": 762478000,
    "costAndExpenses": 762478000,
    "interestIncome": 0,
    "interestExpense": 0,
    "depreciationAndAmortization": 30050000,
    "ebitda": 747298000,
    "ebitdaratio": 0.6101218614,
    "operatingIncome": 462356000,
    "operatingIncomeRatio": 0.3774846224,
    "totalOtherIncomeExpensesNet": -17296000,
    "incomeBeforeTax": 445060000,
    "incomeBeforeTaxRatio": 0.3633635252,
    "incomeTaxExpense": 205618000,
    "netIncome": 239442000,
    "netIncomeRatio": 0.1954893479,
    "eps": 0.18,
    "epsdiluted": 0.18,
    "weightedAverageShsOut": 1295660019,
    "weightedAverageShsOutDil": 1296360000,
    "link": "https://www.sec.gov/Archives/edgar/data/1141391/000119312509033062/0001193125-09-033062-index.htm",
    "finalLink": "https://www.sec.gov/Archives/edgar/data/1141391/000119312509033062/d10k.htm"
  },
  {
    "date": "2008-09-30",
    "symbol": "MA",
    "reportedCurrency": "USD",
    "cik": "0001141391",
    "fillingDate": "2008-11-04",
    "acceptedDate": "2008-11-03 20:36:14",
    "calendarYear": "2008",
    "period": "Q3",
    "revenue": 1338178000,
    "costOfRevenue": 0,
    "grossProfit": 1338178000,
    "grossProfitRatio": 1,
    "researchAndDevelopmentExpenses": 0,
    "generalAndAdministrativeExpenses": 493740000,
    "sellingAndMarketingExpenses": 267460000,
    "sellingGeneralAndAdministrativeExpenses": 761200000,
    "otherExpenses": 856242000,
    "operatingExpenses": 1617442000,
    "costAndExpenses": 1617442000,
    "interestIncome": 0,
    "interestExpense": 0,
    "depreciationAndAmortization": 28742000,
    "ebitda": -250522000,
    "ebitdaratio": -0.1872112679,
    "operatingIncome": -279264000,
    "operatingIncomeRatio": -0.2086897259,
    "totalOtherIncomeExpensesNet": -14408000,
    "incomeBeforeTax": -293672000,
    "incomeBeforeTaxRatio": -0.2194566044,
    "incomeTaxExpense": -100090000,
    "netIncome": -193582000,
    "netIncomeRatio": -0.1446608747,
    "eps": -0.15,
    "epsdiluted": -0.15,
    "weightedAverageShsOut": 1295360019,
    "weightedAverageShsOutDil": 1295360019,
    "link": "https://www.sec.gov/Archives/edgar/data/1141391/000119312508223286/0001193125-08-223286-index.htm",
    "finalLink": "https://www.sec.gov/Archives/edgar/data/1141391/000119312508223286/d10q.htm"
  },
  {
    "date": "2008-06-30",
    "symbol": "MA",
    "reportedCurrency": "USD",
    "cik": "0001141391",
    "fillingDate": "2008-08-01",
    "acceptedDate": "2008-07-31 19:38:54",
    "calendarYear": "2008",
    "period": "Q2",
    "revenue": 1246504000,
    "costOfRevenue": 0,
    "grossProfit": 1246504000,
    "grossProfitRatio": 1,
    "researchAndDevelopmentExpenses": 0,
    "generalAndAdministrativeExpenses": 499349000,
    "sellingAndMarketingExpenses": 303064000,
    "sellingGeneralAndAdministrativeExpenses": 802413000,
    "otherExpenses": 1677295000,
    "operatingExpenses": 2479708000,
    "costAndExpenses": 2479708000,
    "interestIncome": 0,
    "interestExpense": 0,
    "depreciationAndAmortization": 27950000,
    "ebitda": -1205254000,
    "ebitdaratio": -0.9669074467,
    "operatingIncome": -1233204000,
    "operatingIncomeRatio": -0.9893301586,
    "totalOtherIncomeExpensesNet": 10022000,
    "incomeBeforeTax": -1223182000,
    "incomeBeforeTaxRatio": -0.9812900721,
    "incomeTaxExpense": -476529000,
    "netIncome": -746653000,
    "netIncomeRatio": -0.5989976767,
    "eps": -0.57,
    "epsdiluted": -0.57,
    "weightedAverageShsOut": 1300730019,
    "weightedAverageShsOutDil": 1300730019,
    "link": "https://www.sec.gov/Archives/edgar/data/1141391/000119312508162893/0001193125-08-162893-index.htm",
    "finalLink": "https://www.sec.gov/Archives/edgar/data/1141391/000119312508162893/d10q.htm"
  },
  {
    "date": "2008-03-31",
    "symbol": "MA",
    "reportedCurrency": "USD",
    "cik": "0001141391",
    "fillingDate": "2008-04-29",
    "acceptedDate": "2008-04-29 14:56:45",
    "calendarYear": "2008",
    "period": "Q1",
    "revenue": 1182084000,
    "costOfRevenue": 0,
    "grossProfit": 1182084000,
    "grossProfitRatio": 1,
    "researchAndDevelopmentExpenses": 0,
    "generalAndAdministrativeExpenses": 461625000,
    "sellingAndMarketingExpenses": 179588000,
    "sellingGeneralAndAdministrativeExpenses": 641213000,
    "otherExpenses": 25264000,
    "operatingExpenses": 666477000,
    "costAndExpenses": 666477000,
    "interestIncome": 0,
    "interestExpense": 15318000,
    "depreciationAndAmortization": 25264000,
    "ebitda": 729163000,
    "ebitdaratio": 0.6168453342,
    "operatingIncome": 515607000,
    "operatingIncomeRatio": 0.4361847381,
    "totalOtherIncomeExpensesNet": 172974000,
    "incomeBeforeTax": 688581000,
    "incomeBeforeTaxRatio": 0.5825144406,
    "incomeTaxExpense": 241703000,
    "netIncome": 446878000,
    "netIncomeRatio": 0.378042508,
    "eps": 0.34,
    "epsdiluted": 0.34,
    "weightedAverageShsOut": 1314260019,
    "weightedAverageShsOutDil": 1317640019,
    "link": "https://www.sec.gov/Archives/edgar/data/1141391/000119312508094825/0001193125-08-094825-index.htm",
    "finalLink": "https://www.sec.gov/Archives/edgar/data/1141391/000119312508094825/d10q.htm"
  },
  {
    "date": "2007-12-31",
    "symbol": "MA",
    "reportedCurrency": "USD",
    "cik": "0001141391",
    "fillingDate": "2008-02-21",
    "acceptedDate": "2008-02-20 20:44:14",
    "calendarYear": "2007",
    "period": "Q4",
    "revenue": 1072687000,
    "costOfRevenue": 0,
    "grossProfit": 1072687000,
    "grossProfitRatio": 1,
    "researchAndDevelopmentExpenses": 0,
    "generalAndAdministrativeExpenses": 495550000,
    "sellingAndMarketingExpenses": 368929000,
    "sellingGeneralAndAdministrativeExpenses": 864479000,
    "otherExpenses": 36152000,
    "operatingExpenses": 900631000,
    "costAndExpenses": 900631000,
    "interestIncome": 0,
    "interestExpense": 0,
    "depreciationAndAmortization": 26152000,
    "ebitda": 198208000,
    "ebitdaratio": 0.1847771065,
    "operatingIncome": 172056000,
    "operatingIncomeRatio": 0.1603972081,
    "totalOtherIncomeExpensesNet": 294980000,
    "incomeBeforeTax": 467036000,
    "incomeBeforeTaxRatio": 0.4353888879,
    "incomeTaxExpense": 162803000,
    "netIncome": 304233000,
    "netIncomeRatio": 0.2836176816,
    "eps": 0.23,
    "epsdiluted": 0.23,
    "weightedAverageShsOut": 1314260000,
    "weightedAverageShsOutDil": 1314260000,
    "link": "https://www.sec.gov/Archives/edgar/data/1141391/000119312508034694/0001193125-08-034694-index.htm",
    "finalLink": "https://www.sec.gov/Archives/edgar/data/1141391/000119312508034694/d10k.htm"
  },
  {
    "date": "2007-09-30",
    "symbol": "MA",
    "reportedCurrency": "USD",
    "cik": "0001141391",
    "fillingDate": "2007-10-31",
    "acceptedDate": "2007-10-31 12:04:33",
    "calendarYear": "2007",
    "period": "Q3",
    "revenue": 1082850000,
    "costOfRevenue": 0,
    "grossProfit": 1082850000,
    "grossProfitRatio": 1,
    "researchAndDevelopmentExpenses": 0,
    "generalAndAdministrativeExpenses": 432848000,
    "sellingAndMarketingExpenses": 264425000,
    "sellingGeneralAndAdministrativeExpenses": 697273000,
    "otherExpenses": 32274000,
    "operatingExpenses": 729547000,
    "costAndExpenses": 729547000,
    "interestIncome": 0,
    "interestExpense": 0,
    "depreciationAndAmortization": 22274000,
    "ebitda": 375577000,
    "ebitdaratio": 0.3468412061,
    "operatingIncome": 353303000,
    "operatingIncomeRatio": 0.3262714134,
    "totalOtherIncomeExpensesNet": 129004000,
    "incomeBeforeTax": 482307000,
    "incomeBeforeTaxRatio": 0.4454051808,
    "incomeTaxExpense": 167846000,
    "netIncome": 314461000,
    "netIncomeRatio": 0.2904012559,
    "eps": 0.23,
    "epsdiluted": 0.23,
    "weightedAverageShsOut": 1353570020,
    "weightedAverageShsOutDil": 1362280020,
    "link": "https://www.sec.gov/Archives/edgar/data/1141391/000119312507230733/0001193125-07-230733-index.htm",
    "finalLink": "https://www.sec.gov/Archives/edgar/data/1141391/000119312507230733/d10q.htm"
  },
  {
    "date": "2007-06-30",
    "symbol": "MA",
    "reportedCurrency": "USD",
    "cik": "0001141391",
    "fillingDate": "2007-08-01",
    "acceptedDate": "2007-08-01 12:18:19",
    "calendarYear": "2007",
    "period": "Q2",
    "revenue": 996959000,
    "costOfRevenue": 0,
    "grossProfit": 996959000,
    "grossProfitRatio": 1,
    "researchAndDevelopmentExpenses": 0,
    "generalAndAdministrativeExpenses": 431463000,
    "sellingAndMarketingExpenses": 268253000,
    "sellingGeneralAndAdministrativeExpenses": 699716000,
    "otherExpenses": 28427000,
    "operatingExpenses": 728143000,
    "costAndExpenses": 728143000,
    "interestIncome": 0,
    "interestExpense": 0,
    "depreciationAndAmortization": 25028000,
    "ebitda": 293844000,
    "ebitdaratio": 0.2947403053,
    "operatingIncome": 268816000,
    "operatingIncomeRatio": 0.269635963,
    "totalOtherIncomeExpensesNet": 117483000,
    "incomeBeforeTax": 386299000,
    "incomeBeforeTaxRatio": 0.3874773185,
    "incomeTaxExpense": 134013000,
    "netIncome": 252286000,
    "netIncomeRatio": 0.2530555419,
    "eps": 0.19,
    "epsdiluted": 0.19,
    "weightedAverageShsOut": 1358650020,
    "weightedAverageShsOutDil": 1366870020,
    "link": "https://www.sec.gov/Archives/edgar/data/1141391/000119312507167745/0001193125-07-167745-index.htm",
    "finalLink": "https://www.sec.gov/Archives/edgar/data/1141391/000119312507167745/d10q.htm"
  },
  {
    "date": "2007-03-31",
    "symbol": "MA",
    "reportedCurrency": "USD",
    "cik": "0001141391",
    "fillingDate": "2007-05-02",
    "acceptedDate": "2007-05-02 14:38:54",
    "calendarYear": "2007",
    "period": "Q1",
    "revenue": 915103000,
    "costOfRevenue": 0,
    "grossProfit": 915103000,
    "grossProfitRatio": 1,
    "researchAndDevelopmentExpenses": 0,
    "generalAndAdministrativeExpenses": 398526000,
    "sellingAndMarketingExpenses": 178451000,
    "sellingGeneralAndAdministrativeExpenses": 576977000,
    "otherExpenses": 24188000,
    "operatingExpenses": 601165000,
    "costAndExpenses": 601165000,
    "interestIncome": 0,
    "interestExpense": 0,
    "depreciationAndAmortization": 24188000,
    "ebitda": 338126000,
    "ebitdaratio": 0.3694950186,
    "operatingIncome": 313938000,
    "operatingIncomeRatio": 0.3430630213,
    "totalOtherIncomeExpensesNet": 21852000,
    "incomeBeforeTax": 335790000,
    "incomeBeforeTaxRatio": 0.3669423005,
    "incomeTaxExpense": 120884000,
    "netIncome": 214906000,
    "netIncomeRatio": 0.2348435094,
    "eps": 0.16,
    "epsdiluted": 0.16,
    "weightedAverageShsOut": 1358470020,
    "weightedAverageShsOutDil": 1365940020,
    "link": "https://www.sec.gov/Archives/edgar/data/1141391/000119312507099303/0001193125-07-099303-index.htm",
    "finalLink": "https://www.sec.gov/Archives/edgar/data/1141391/000119312507099303/d10q.htm"
  },
  {
    "date": "2006-12-31",
    "symbol": "MA",
    "reportedCurrency": "USD",
    "cik": "0001141391",
    "fillingDate": "2007-02-28",
    "acceptedDate": "2007-02-28 14:20:59",
    "calendarYear": "2006",
    "period": "Q4",
    "revenue": 839163000,
    "costOfRevenue": 0,
    "grossProfit": 839163000,
    "grossProfitRatio": 1,
    "researchAndDevelopmentExpenses": 0,
    "generalAndAdministrativeExpenses": 376054000,
    "sellingAndMarketingExpenses": 352934000,
    "sellingGeneralAndAdministrativeExpenses": 728988000,
    "otherExpenses": 64187000,
    "operatingExpenses": 793175000,
    "costAndExpenses": 793175000,
    "interestIncome": 0,
    "interestExpense": 0,
    "depreciationAndAmortization": 24730000,
    "ebitda": 70718000,
    "ebitdaratio": 0.0842720663,
    "operatingIncome": 45988000,
    "operatingIncomeRatio": 0.0548022256,
    "totalOtherIncomeExpensesNet": 23750000,
    "incomeBeforeTax": 69738000,
    "incomeBeforeTaxRatio": 0.083104236,
    "incomeTaxExpense": 28836000,
    "netIncome": 40902000,
    "netIncomeRatio": 0.0487414245,
    "eps": 0.0301,
    "epsdiluted": 0.0301,
    "weightedAverageShsOut": 1357080020,
    "weightedAverageShsOutDil": 1358470000,
    "link": "https://www.sec.gov/Archives/edgar/data/1141391/000119312507042384/0001193125-07-042384-index.htm",
    "finalLink": "https://www.sec.gov/Archives/edgar/data/1141391/000119312507042384/d10k.htm"
  },
  {
    "date": "2006-09-30",
    "symbol": "MA",
    "reportedCurrency": "USD",
    "cik": "0001141391",
    "fillingDate": "2006-11-01",
    "acceptedDate": "2006-11-01 13:59:03",
    "calendarYear": "2006",
    "period": "Q3",
    "revenue": 901969000,
    "costOfRevenue": 0,
    "grossProfit": 901969000,
    "grossProfitRatio": 1,
    "researchAndDevelopmentExpenses": 0,
    "generalAndAdministrativeExpenses": 392883000,
    "sellingAndMarketingExpenses": 209187000,
    "sellingGeneralAndAdministrativeExpenses": 602070000,
    "otherExpenses": 25139000,
    "operatingExpenses": 627209000,
    "costAndExpenses": 627209000,
    "interestIncome": 0,
    "interestExpense": 0,
    "depreciationAndAmortization": 25139000,
    "ebitda": 299899000,
    "ebitdaratio": 0.3324936888,
    "operatingIncome": 274760000,
    "operatingIncomeRatio": 0.3046224427,
    "totalOtherIncomeExpensesNet": 17349000,
    "incomeBeforeTax": 292109000,
    "incomeBeforeTaxRatio": 0.3238570283,
    "incomeTaxExpense": 99105000,
    "netIncome": 193004000,
    "netIncomeRatio": 0.2139807466,
    "eps": 0.14,
    "epsdiluted": 0.14,
    "weightedAverageShsOut": 1356840020,
    "weightedAverageShsOutDil": 1361340020,
    "link": "https://www.sec.gov/Archives/edgar/data/1141391/000119312506220409/0001193125-06-220409-index.htm",
    "finalLink": "https://www.sec.gov/Archives/edgar/data/1141391/000119312506220409/d10q.htm"
  },
  {
    "date": "2006-06-30",
    "symbol": "MA",
    "reportedCurrency": "USD",
    "cik": "0001141391",
    "fillingDate": "2006-08-02",
    "acceptedDate": "2006-08-02 15:28:47",
    "calendarYear": "2006",
    "period": "Q2",
    "revenue": 846489000,
    "costOfRevenue": 0,
    "grossProfit": 846489000,
    "grossProfitRatio": 1,
    "researchAndDevelopmentExpenses": 0,
    "generalAndAdministrativeExpenses": 388411000,
    "sellingAndMarketingExpenses": 307066000,
    "sellingGeneralAndAdministrativeExpenses": 695477000,
    "otherExpenses": 424978000,
    "operatingExpenses": 1120455000,
    "costAndExpenses": 1120455000,
    "interestIncome": 0,
    "interestExpense": 0,
    "depreciationAndAmortization": 24693000,
    "ebitda": -249273000,
    "ebitdaratio": -0.2944787233,
    "operatingIncome": -273966000,
    "operatingIncomeRatio": -0.3236498053,
    "totalOtherIncomeExpensesNet": 13374000,
    "incomeBeforeTax": -260592000,
    "incomeBeforeTaxRatio": -0.3078504269,
    "incomeTaxExpense": 49868000,
    "netIncome": -310460000,
    "netIncomeRatio": -0.3667620016,
    "eps": -0.23,
    "epsdiluted": -0.23,
    "weightedAverageShsOut": 1352520020,
    "weightedAverageShsOutDil": 1352520020,
    "link": "https://www.sec.gov/Archives/edgar/data/1141391/000119312506159221/0001193125-06-159221-index.htm",
    "finalLink": "https://www.sec.gov/Archives/edgar/data/1141391/000119312506159221/d10q.htm"
  },
  {
    "date": "2006-03-31",
    "symbol": "MA",
    "reportedCurrency": "USD",
    "cik": "0001141391",
    "fillingDate": "2006-05-02",
    "acceptedDate": "2006-05-02 16:45:07",
    "calendarYear": "2006",
    "period": "Q1",
    "revenue": 738453000,
    "costOfRevenue": 0,
    "grossProfit": 738453000,
    "grossProfitRatio": 1,
    "researchAndDevelopmentExpenses": 0,
    "generalAndAdministrativeExpenses": 347837000,
    "sellingAndMarketingExpenses": 182683000,
    "sellingGeneralAndAdministrativeExpenses": 530520000,
    "otherExpenses": 25220000,
    "operatingExpenses": 555740000,
    "costAndExpenses": 555740000,
    "interestIncome": 0,
    "interestExpense": 0,
    "depreciationAndAmortization": 25220000,
    "ebitda": 207933000,
    "ebitdaratio": 0.2815791933,
    "operatingIncome": 182713000,
    "operatingIncomeRatio": 0.247426715,
    "totalOtherIncomeExpensesNet": 10204000,
    "incomeBeforeTax": 192917000,
    "incomeBeforeTaxRatio": 0.2612447915,
    "incomeTaxExpense": 66173000,
    "netIncome": 126744000,
    "netIncomeRatio": 0.1716344845,
    "eps": 0.094,
    "epsdiluted": 0.094,
    "weightedAverageShsOut": 1349690020,
    "weightedAverageShsOutDil": 1349690020,
    "link": "https://www.sec.gov/Archives/edgar/data/1141391/000119312506096833/0001193125-06-096833-index.htm",
    "finalLink": "https://www.sec.gov/Archives/edgar/data/1141391/000119312506096833/d10q.htm"
  },
  {
    "date": "2005-12-31",
    "symbol": "MA",
    "reportedCurrency": "USD",
    "cik": "0001141391",
    "fillingDate": "2006-03-16",
    "acceptedDate": "2006-03-16 13:25:32",
    "calendarYear": "2005",
    "period": "Q4",
    "revenue": 734407000,
    "costOfRevenue": 0,
    "grossProfit": 734407000,
    "grossProfitRatio": 1,
    "researchAndDevelopmentExpenses": 0,
    "generalAndAdministrativeExpenses": 0,
    "sellingAndMarketingExpenses": 0,
    "sellingGeneralAndAdministrativeExpenses": 0,
    "otherExpenses": 2544444000,
    "operatingExpenses": 2544444000,
    "costAndExpenses": 2544444000,
    "interestIncome": 0,
    "interestExpense": 0,
    "depreciationAndAmortization": 0,
    "ebitda": -1810037000,
    "ebitdaratio": -2.4646238394,
    "operatingIncome": -1810037000,
    "operatingIncomeRatio": -2.4646238394,
    "totalOtherIncomeExpensesNet": 1810037000,
    "incomeBeforeTax": 0,
    "incomeBeforeTaxRatio": 0,
    "incomeTaxExpense": 0,
    "netIncome": 66680000,
    "netIncomeRatio": 0.0907943416,
    "eps": 0.0667,
    "epsdiluted": 0.0667,
    "weightedAverageShsOut": 1000000000,
    "weightedAverageShsOutDil": 1000000000,
    "link": "https://www.sec.gov/Archives/edgar/data/1141391/000119312506056300/0001193125-06-056300-index.htm",
    "finalLink": "https://www.sec.gov/Archives/edgar/data/1141391/000119312506056300/d10k.htm"
  },
  {
    "date": "2005-09-30",
    "symbol": "MA",
    "reportedCurrency": "USD",
    "cik": "0001141391",
    "fillingDate": "2005-11-03",
    "acceptedDate": "2005-11-02 18:56:58",
    "calendarYear": "2005",
    "period": "Q3",
    "revenue": 734407000,
    "costOfRevenue": 0,
    "grossProfit": 734407000,
    "grossProfitRatio": 1,
    "researchAndDevelopmentExpenses": 0,
    "generalAndAdministrativeExpenses": 0,
    "sellingAndMarketingExpenses": 0,
    "sellingGeneralAndAdministrativeExpenses": 0,
    "otherExpenses": 0,
    "operatingExpenses": 0,
    "costAndExpenses": 0,
    "interestIncome": 0,
    "interestExpense": 0,
    "depreciationAndAmortization": 0,
    "ebitda": 734407000,
    "ebitdaratio": 1,
    "operatingIncome": 734407000,
    "operatingIncomeRatio": 1,
    "totalOtherIncomeExpensesNet": -734407000,
    "incomeBeforeTax": 0,
    "incomeBeforeTaxRatio": 0,
    "incomeTaxExpense": 0,
    "netIncome": 66680000,
    "netIncomeRatio": 0.0907943416,
    "eps": 0.11,
    "epsdiluted": 0.11,
    "weightedAverageShsOut": 1000000015,
    "weightedAverageShsOutDil": 1000000015,
    "link": "https://www.sec.gov/Archives/edgar/data/1141391/000119312505214545/0001193125-05-214545-index.htm",
    "finalLink": "https://www.sec.gov/Archives/edgar/data/1141391/000119312505214545/d10q.htm"
  },
  {
    "date": "2005-06-30",
    "symbol": "MA",
    "reportedCurrency": "USD",
    "cik": "0001141391",
    "fillingDate": "2005-08-05",
    "acceptedDate": "2005-08-05 09:47:05",
    "calendarYear": "2005",
    "period": "Q2",
    "revenue": 734407000,
    "costOfRevenue": 0,
    "grossProfit": 734407000,
    "grossProfitRatio": 1,
    "researchAndDevelopmentExpenses": 0,
    "generalAndAdministrativeExpenses": 0,
    "sellingAndMarketingExpenses": 0,
    "sellingGeneralAndAdministrativeExpenses": 0,
    "otherExpenses": 0,
    "operatingExpenses": 0,
    "costAndExpenses": 0,
    "interestIncome": 0,
    "interestExpense": 0,
    "depreciationAndAmortization": 0,
    "ebitda": 734407000,
    "ebitdaratio": 1,
    "operatingIncome": 734407000,
    "operatingIncomeRatio": 1,
    "totalOtherIncomeExpensesNet": -734407000,
    "incomeBeforeTax": 0,
    "incomeBeforeTaxRatio": 0,
    "incomeTaxExpense": 0,
    "netIncome": 66680000,
    "netIncomeRatio": 0.0907943416,
    "eps": 0.12,
    "epsdiluted": 0.12,
    "weightedAverageShsOut": 1000000015,
    "weightedAverageShsOutDil": 1000000015,
    "link": "https://www.sec.gov/Archives/edgar/data/1141391/000095012305009470/0000950123-05-009470-index.htm",
    "finalLink": "https://www.sec.gov/Archives/edgar/data/1141391/000095012305009470/y11299e10vq.htm"
  },
  {
    "date": "2005-03-31",
    "symbol": "MA",
    "reportedCurrency": "USD",
    "cik": "0001141391",
    "fillingDate": "2005-05-09",
    "acceptedDate": "2005-05-09 15:28:23",
    "calendarYear": "2005",
    "period": "Q1",
    "revenue": 734407000,
    "costOfRevenue": 0,
    "grossProfit": 734407000,
    "grossProfitRatio": 1,
    "researchAndDevelopmentExpenses": 0,
    "generalAndAdministrativeExpenses": 0,
    "sellingAndMarketingExpenses": 0,
    "sellingGeneralAndAdministrativeExpenses": 0,
    "otherExpenses": 0,
    "operatingExpenses": 0,
    "costAndExpenses": 0,
    "interestIncome": 0,
    "interestExpense": 0,
    "depreciationAndAmortization": 0,
    "ebitda": 734407000,
    "ebitdaratio": 1,
    "operatingIncome": 734407000,
    "operatingIncomeRatio": 1,
    "totalOtherIncomeExpensesNet": -734407000,
    "incomeBeforeTax": 0,
    "incomeBeforeTaxRatio": 0,
    "incomeTaxExpense": 0,
    "netIncome": 66680000,
    "netIncomeRatio": 0.0907943416,
    "eps": 0.093,
    "epsdiluted": 0.093,
    "weightedAverageShsOut": 1000000015,
    "weightedAverageShsOutDil": 1000000015,
    "link": "https://www.sec.gov/Archives/edgar/data/1141391/000095012305005893/0000950123-05-005893-index.htm",
    "finalLink": "https://www.sec.gov/Archives/edgar/data/1141391/000095012305005893/y08646e10vq.htm"
  },
  {
    "date": "2004-12-31",
    "symbol": "MA",
    "reportedCurrency": "USD",
    "cik": "0001141391",
    "fillingDate": "2005-03-02",
    "acceptedDate": "2005-03-02 08:12:03",
    "calendarYear": "2004",
    "period": "Q4",
    "revenue": 648332000,
    "costOfRevenue": 0,
    "grossProfit": 648332000,
    "grossProfitRatio": 1,
    "researchAndDevelopmentExpenses": 0,
    "generalAndAdministrativeExpenses": 0,
    "sellingAndMarketingExpenses": 0,
    "sellingGeneralAndAdministrativeExpenses": 0,
    "otherExpenses": 2246658000,
    "operatingExpenses": 2246658000,
    "costAndExpenses": 2246658000,
    "interestIncome": 0,
    "interestExpense": 0,
    "depreciationAndAmortization": 0,
    "ebitda": -1598326000,
    "ebitdaratio": -2.4652893888,
    "operatingIncome": -1598326000,
    "operatingIncomeRatio": -2.4652893888,
    "totalOtherIncomeExpensesNet": 1598326000,
    "incomeBeforeTax": 0,
    "incomeBeforeTaxRatio": 0,
    "incomeTaxExpense": 0,
    "netIncome": 59515000,
    "netIncomeRatio": 0.091797104,
    "eps": 0.0595,
    "epsdiluted": 0.0595,
    "weightedAverageShsOut": 1000000000,
    "weightedAverageShsOutDil": 1000000000,
    "link": "https://www.sec.gov/Archives/edgar/data/1141391/000095012305002512/0000950123-05-002512-index.htm",
    "finalLink": "https://www.sec.gov/Archives/edgar/data/1141391/000095012305002512/y06000e10vk.htm"
  },
  {
    "date": "2004-09-30",
    "symbol": "MA",
    "reportedCurrency": "USD",
    "cik": "0001141391",
    "fillingDate": "2004-11-09",
    "acceptedDate": "2004-11-09 15:44:22",
    "calendarYear": "2004",
    "period": "Q3",
    "revenue": 648333000,
    "costOfRevenue": 0,
    "grossProfit": 648333000,
    "grossProfitRatio": 1,
    "researchAndDevelopmentExpenses": 0,
    "generalAndAdministrativeExpenses": 0,
    "sellingAndMarketingExpenses": 0,
    "sellingGeneralAndAdministrativeExpenses": 0,
    "otherExpenses": 0,
    "operatingExpenses": 0,
    "costAndExpenses": 0,
    "interestIncome": 0,
    "interestExpense": 0,
    "depreciationAndAmortization": 0,
    "ebitda": 648333000,
    "ebitdaratio": 1,
    "operatingIncome": 648333000,
    "operatingIncomeRatio": 1,
    "totalOtherIncomeExpensesNet": -648333000,
    "incomeBeforeTax": 0,
    "incomeBeforeTaxRatio": 0,
    "incomeTaxExpense": 0,
    "netIncome": 59515000,
    "netIncomeRatio": 0.0917969624,
    "eps": 0.0626,
    "epsdiluted": 0.0626,
    "weightedAverageShsOut": 950997277,
    "weightedAverageShsOutDil": 950997277,
    "link": "https://www.sec.gov/Archives/edgar/data/1141391/000095012304013290/0000950123-04-013290-index.htm",
    "finalLink": "https://www.sec.gov/Archives/edgar/data/1141391/000095012304013290/y67843e10vq.htm"
  },
  {
    "date": "2004-06-30",
    "symbol": "MA",
    "reportedCurrency": "USD",
    "cik": "0001141391",
    "fillingDate": "2004-08-05",
    "acceptedDate": "2004-08-05 14:49:17",
    "calendarYear": "2004",
    "period": "Q2",
    "revenue": 648333000,
    "costOfRevenue": 0,
    "grossProfit": 648333000,
    "grossProfitRatio": 1,
    "researchAndDevelopmentExpenses": 0,
    "generalAndAdministrativeExpenses": 0,
    "sellingAndMarketingExpenses": 0,
    "sellingGeneralAndAdministrativeExpenses": 0,
    "otherExpenses": 0,
    "operatingExpenses": 0,
    "costAndExpenses": 0,
    "interestIncome": 0,
    "interestExpense": 0,
    "depreciationAndAmortization": 0,
    "ebitda": 648333000,
    "ebitdaratio": 1,
    "operatingIncome": 648333000,
    "operatingIncomeRatio": 1,
    "totalOtherIncomeExpensesNet": -648333000,
    "incomeBeforeTax": 0,
    "incomeBeforeTaxRatio": 0,
    "incomeTaxExpense": 0,
    "netIncome": 59515000,
    "netIncomeRatio": 0.0917969624,
    "eps": 0.066,
    "epsdiluted": 0.066,
    "weightedAverageShsOut": 901742438,
    "weightedAverageShsOutDil": 901742438,
    "link": "https://www.sec.gov/Archives/edgar/data/1141391/000095012304009302/0000950123-04-009302-index.htm",
    "finalLink": "https://www.sec.gov/Archives/edgar/data/1141391/000095012304009302/y99184e10vq.htm"
  },
  {
    "date": "2004-03-31",
    "symbol": "MA",
    "reportedCurrency": "USD",
    "cik": "0001141391",
    "fillingDate": "2004-05-10",
    "acceptedDate": "2004-05-10 16:57:21",
    "calendarYear": "2004",
    "period": "Q1",
    "revenue": 648333000,
    "costOfRevenue": 0,
    "grossProfit": 648333000,
    "grossProfitRatio": 1,
    "researchAndDevelopmentExpenses": 0,
    "generalAndAdministrativeExpenses": 0,
    "sellingAndMarketingExpenses": 0,
    "sellingGeneralAndAdministrativeExpenses": 0,
    "otherExpenses": 0,
    "operatingExpenses": 0,
    "costAndExpenses": 0,
    "interestIncome": 0,
    "interestExpense": 0,
    "depreciationAndAmortization": 0,
    "ebitda": 648333000,
    "ebitdaratio": 1,
    "operatingIncome": 648333000,
    "operatingIncomeRatio": 1,
    "totalOtherIncomeExpensesNet": -648333000,
    "incomeBeforeTax": 0,
    "incomeBeforeTaxRatio": 0,
    "incomeTaxExpense": 0,
    "netIncome": 59515000,
    "netIncomeRatio": 0.0917969624,
    "eps": 0.074,
    "epsdiluted": 0.074,
    "weightedAverageShsOut": 804256769,
    "weightedAverageShsOutDil": 804256769,
    "link": "https://www.sec.gov/Archives/edgar/data/1141391/000095012304006079/0000950123-04-006079-index.htm",
    "finalLink": "https://www.sec.gov/Archives/edgar/data/1141391/000095012304006079/y96999e10vq.htm"
  },
  {
    "date": "2003-12-31",
    "symbol": "MA",
    "reportedCurrency": "USD",
    "cik": "0001141391",
    "fillingDate": "2004-03-04",
    "acceptedDate": "2004-03-04 13:04:36",
    "calendarYear": "2003",
    "period": "Q4",
    "revenue": 567574000,
    "costOfRevenue": 0,
    "grossProfit": 567574000,
    "grossProfitRatio": 1,
    "researchAndDevelopmentExpenses": 0,
    "generalAndAdministrativeExpenses": 1040125000,
    "sellingAndMarketingExpenses": 320410000,
    "sellingGeneralAndAdministrativeExpenses": 1360535000,
    "otherExpenses": -690014000,
    "operatingExpenses": 670521000,
    "costAndExpenses": 670521000,
    "interestIncome": 0,
    "interestExpense": 0,
    "depreciationAndAmortization": 30986000,
    "ebitda": -18683000,
    "ebitdaratio": -0.0329172936,
    "operatingIncome": -102947000,
    "operatingIncomeRatio": -0.1813807539,
    "totalOtherIncomeExpensesNet": -4727000,
    "incomeBeforeTax": -107674000,
    "incomeBeforeTaxRatio": -0.1897091833,
    "incomeTaxExpense": -40546000,
    "netIncome": -67128000,
    "netIncomeRatio": -0.1182718024,
    "eps": -0.0835,
    "epsdiluted": -0.0835,
    "weightedAverageShsOut": 804256757,
    "weightedAverageShsOutDil": 804256757,
    "link": "https://www.sec.gov/Archives/edgar/data/1141391/000095012304002820/0000950123-04-002820-index.htm",
    "finalLink": "https://www.sec.gov/Archives/edgar/data/1141391/000095012304002820/y94488e10vk.htm"
  },
  {
    "date": "2003-09-30",
    "symbol": "MA",
    "reportedCurrency": "USD",
    "cik": "0001141391",
    "fillingDate": "2003-11-07",
    "acceptedDate": "2003-11-07 15:56:06",
    "calendarYear": "2003",
    "period": "Q3",
    "revenue": 594169000,
    "costOfRevenue": 0,
    "grossProfit": 594169000,
    "grossProfitRatio": 1,
    "researchAndDevelopmentExpenses": 0,
    "generalAndAdministrativeExpenses": 255281000,
    "sellingAndMarketingExpenses": 183046000,
    "sellingGeneralAndAdministrativeExpenses": 438327000,
    "otherExpenses": 36942000,
    "operatingExpenses": 475269000,
    "costAndExpenses": 475269000,
    "interestIncome": 0,
    "interestExpense": 0,
    "depreciationAndAmortization": 28183000,
    "ebitda": 147083000,
    "ebitdaratio": 0.2475440489,
    "operatingIncome": 118900000,
    "operatingIncomeRatio": 0.2001114161,
    "totalOtherIncomeExpensesNet": -7460000,
    "incomeBeforeTax": 111440000,
    "incomeBeforeTaxRatio": 0.1875560657,
    "incomeTaxExpense": 37041000,
    "netIncome": 74399000,
    "netIncomeRatio": 0.1252152165,
    "eps": 0.074,
    "epsdiluted": 0.074,
    "weightedAverageShsOut": 1005391907,
    "weightedAverageShsOutDil": 1005391907,
    "link": "https://www.sec.gov/Archives/edgar/data/1141391/000095012303012321/0000950123-03-012321-index.htm",
    "finalLink": "https://www.sec.gov/Archives/edgar/data/1141391/000095012303012321/y91250e10vq.htm"
  },
  {
    "date": "2003-06-30",
    "symbol": "MA",
    "reportedCurrency": "USD",
    "cik": "0001141391",
    "fillingDate": "2003-08-08",
    "acceptedDate": "2003-08-08 11:17:54",
    "calendarYear": "2003",
    "period": "Q2",
    "revenue": 556893000,
    "costOfRevenue": 0,
    "grossProfit": 556893000,
    "grossProfitRatio": 1,
    "researchAndDevelopmentExpenses": 0,
    "generalAndAdministrativeExpenses": 280955000,
    "sellingAndMarketingExpenses": 195400000,
    "sellingGeneralAndAdministrativeExpenses": 476355000,
    "otherExpenses": 30593000,
    "operatingExpenses": 506948000,
    "costAndExpenses": 506948000,
    "interestIncome": 0,
    "interestExpense": 0,
    "depreciationAndAmortization": 30593000,
    "ebitda": 80538000,
    "ebitdaratio": 0.1446202412,
    "operatingIncome": 49945000,
    "operatingIncomeRatio": 0.0896850921,
    "totalOtherIncomeExpensesNet": 37000,
    "incomeBeforeTax": 49982000,
    "incomeBeforeTaxRatio": 0.0897515322,
    "incomeTaxExpense": 17655000,
    "netIncome": 32327000,
    "netIncomeRatio": 0.0580488532,
    "eps": 0.032,
    "epsdiluted": 0.032,
    "weightedAverageShsOut": 1010218765,
    "weightedAverageShsOutDil": 1010218765,
    "link": "https://www.sec.gov/Archives/edgar/data/1141391/000095012303009118/0000950123-03-009118-index.htm",
    "finalLink": "https://www.sec.gov/Archives/edgar/data/1141391/000095012303009118/y87371e10vq.htm"
  },
  {
    "date": "2003-03-31",
    "symbol": "MA",
    "reportedCurrency": "USD",
    "cik": "0001141391",
    "fillingDate": "2003-05-14",
    "acceptedDate": "2003-05-14 16:28:03",
    "calendarYear": "2003",
    "period": "Q1",
    "revenue": 512215000,
    "costOfRevenue": 0,
    "grossProfit": 512215000,
    "grossProfitRatio": 1,
    "researchAndDevelopmentExpenses": 0,
    "generalAndAdministrativeExpenses": 276892000,
    "sellingAndMarketingExpenses": 152294000,
    "sellingGeneralAndAdministrativeExpenses": 429186000,
    "otherExpenses": 750789000,
    "operatingExpenses": 1179975000,
    "costAndExpenses": 1179975000,
    "interestIncome": 0,
    "interestExpense": 0,
    "depreciationAndAmortization": 29789000,
    "ebitda": -637971000,
    "ebitdaratio": -1.2455140908,
    "operatingIncome": -667760000,
    "operatingIncomeRatio": -1.3036713099,
    "totalOtherIncomeExpensesNet": 2492000,
    "incomeBeforeTax": -665268000,
    "incomeBeforeTaxRatio": -1.2988061654,
    "incomeTaxExpense": -234928000,
    "netIncome": -425391000,
    "netIncomeRatio": -0.8304930547,
    "eps": -0.42,
    "epsdiluted": -0.42,
    "weightedAverageShsOut": 1000920015,
    "weightedAverageShsOutDil": 1000920015,
    "link": "https://www.sec.gov/Archives/edgar/data/1141391/000095012303005939/0000950123-03-005939-index.htm",
    "finalLink": "https://www.sec.gov/Archives/edgar/data/1141391/000095012303005939/y84421e10vq.htm"
  },
  {
    "date": "2002-12-31",
    "symbol": "MA",
    "reportedCurrency": "USD",
    "cik": "0001141391",
    "fillingDate": "2003-03-07",
    "acceptedDate": "2003-03-07 17:15:58",
    "calendarYear": "2002",
    "period": "Q4",
    "revenue": 509235000,
    "costOfRevenue": 0,
    "grossProfit": 509235000,
    "grossProfitRatio": 1,
    "researchAndDevelopmentExpenses": 0,
    "generalAndAdministrativeExpenses": 302170000,
    "sellingAndMarketingExpenses": 295103000,
    "sellingGeneralAndAdministrativeExpenses": 597273000,
    "otherExpenses": 27565000,
    "operatingExpenses": 624838000,
    "costAndExpenses": 624838000,
    "interestIncome": 0,
    "interestExpense": 0,
    "depreciationAndAmortization": 27565000,
    "ebitda": -88038000,
    "ebitdaratio": -0.1728828537,
    "operatingIncome": -115603000,
    "operatingIncomeRatio": -0.2270130686,
    "totalOtherIncomeExpensesNet": 10532000,
    "incomeBeforeTax": -105071000,
    "incomeBeforeTaxRatio": -0.2063310652,
    "incomeTaxExpense": -53585000,
    "netIncome": -51486000,
    "netIncomeRatio": -0.1011045981,
    "eps": -0.0514,
    "epsdiluted": -0.0514,
    "weightedAverageShsOut": 1000920000,
    "weightedAverageShsOutDil": 1000920000,
    "link": "https://www.sec.gov/Archives/edgar/data/1141391/000095012303002592/0000950123-03-002592-index.htm",
    "finalLink": "https://www.sec.gov/Archives/edgar/data/1141391/000095012303002592/y83303e10vk.htm"
  },
  {
    "date": "2002-09-30",
    "symbol": "MA",
    "reportedCurrency": "USD",
    "cik": "0001141391",
    "fillingDate": "2002-11-14",
    "acceptedDate": "2002-11-14 16:50:26",
    "calendarYear": "2002",
    "period": "Q3",
    "revenue": 539435000,
    "costOfRevenue": 0,
    "grossProfit": 539435000,
    "grossProfitRatio": 1,
    "researchAndDevelopmentExpenses": 0,
    "generalAndAdministrativeExpenses": 248068000,
    "sellingAndMarketingExpenses": 137247000,
    "sellingGeneralAndAdministrativeExpenses": 385315000,
    "otherExpenses": 27593000,
    "operatingExpenses": 412908000,
    "costAndExpenses": 412908000,
    "interestIncome": 0,
    "interestExpense": 0,
    "depreciationAndAmortization": 27593000,
    "ebitda": 154120000,
    "ebitdaratio": 0.2857063409,
    "operatingIncome": 126527000,
    "operatingIncomeRatio": 0.2345546729,
    "totalOtherIncomeExpensesNet": -3471000,
    "incomeBeforeTax": 123056000,
    "incomeBeforeTaxRatio": 0.2281201628,
    "incomeTaxExpense": 45126000,
    "netIncome": 77930000,
    "netIncomeRatio": 0.144465969,
    "eps": 0.078,
    "epsdiluted": 0.078,
    "weightedAverageShsOut": 999102579,
    "weightedAverageShsOutDil": 999102579,
    "link": "https://www.sec.gov/Archives/edgar/data/1141391/000095012302010954/0000950123-02-010954-index.htm",
    "finalLink": "https://www.sec.gov/Archives/edgar/data/1141391/000095012302010954/y64834e10vq.htm"
  },
  {
    "date": "2002-06-30",
    "symbol": "MA",
    "reportedCurrency": "USD",
    "cik": "0001141391",
    "fillingDate": "2002-08-14",
    "acceptedDate": "2002-08-14 15:06:57",
    "calendarYear": "2002",
    "period": "Q2",
    "revenue": 448757000,
    "costOfRevenue": 0,
    "grossProfit": 448757000,
    "grossProfitRatio": 1,
    "researchAndDevelopmentExpenses": 0,
    "generalAndAdministrativeExpenses": 217888000,
    "sellingAndMarketingExpenses": 159191000,
    "sellingGeneralAndAdministrativeExpenses": 377079000,
    "otherExpenses": 18929000,
    "operatingExpenses": 396008000,
    "costAndExpenses": 396008000,
    "interestIncome": 0,
    "interestExpense": 0,
    "depreciationAndAmortization": 18929000,
    "ebitda": 71678000,
    "ebitdaratio": 0.1597256422,
    "operatingIncome": 52749000,
    "operatingIncomeRatio": 0.1175446845,
    "totalOtherIncomeExpensesNet": 3563000,
    "incomeBeforeTax": 56312000,
    "incomeBeforeTaxRatio": 0.1254843936,
    "incomeTaxExpense": 19923000,
    "netIncome": 36389000,
    "netIncomeRatio": 0.0810884287,
    "eps": 0.05,
    "epsdiluted": 0.05,
    "weightedAverageShsOut": 727780011,
    "weightedAverageShsOutDil": 727780011,
    "link": "https://www.sec.gov/Archives/edgar/data/1141391/000095012302008012/0000950123-02-008012-index.htm",
    "finalLink": "https://www.sec.gov/Archives/edgar/data/1141391/000095012302008012/y62583e10vq.htm"
  }
]