[
  {
    "date": "2024-12-31",
    "symbol": "MA",
    "reportedCurrency": "USD",
    "cik": "0001141391",
    "fillingDate": "2025-02-12",
    "acceptedDate": "2025-02-12 14:30:36",
    "calendarYear": "2024",
    "period": "FY",
    "revenue": 28167000000,
    "costOfRevenue": 6673000000,
    "grossProfit": 21494000000,
    "grossProfitRatio": 0.763091561,
    "researchAndDevelopmentExpenses": 0,
    "generalAndAdministrativeExpenses": 3455000000,
    "sellingAndMarketingExpenses": 815000000,
    "sellingGeneralAndAdministrativeExpenses": 4270000000,
    "otherExpenses": 1642000000,
    "operatingExpenses": 5912000000,
    "costAndExpenses": 12585000000,
    "interestIncome": 0,
    "interestExpense": 646000000,
    "depreciationAndAmortization": 897000000,
    "ebitda": 16797000000,
    "ebitdaratio": 0.596336138,
    "operatingIncome": 15582000000,
    "operatingIncomeRatio": 0.5532005538,
    "totalOtherIncomeExpensesNet": -328000000,
    "incomeBeforeTax": 15254000000,
    "incomeBeforeTaxRatio": 0.5415557212,
    "incomeTaxExpense": 2380000000,
    "netIncome": 12874000000,
    "netIncomeRatio": 0.4570596798,
    "eps": 13.92,
    "epsdiluted": 13.89,
    "weightedAverageShsOut": 925000000,
    "weightedAverageShsOutDil": 927000000,
    "link": "https://www.sec.gov/Archives/edgar/data/1141391/000114139125000011/0001141391-25-000011-index.htm",
    "finalLink": "https://www.sec.gov/Archives/edgar/data/1141391/000114139125000011/ma-20241231.htm"
  },
  {
    "date": "2023-12-31",
    "symbol": "MA",
    "reportedCurrency": "USD",
    "cik": "0001141391",
    "fillingDate": "2024-02-13",
    "acceptedDate": "2024-02-13 12:47:32",
    "calendarYear": "2023",
    "period": "FY",
    "revenue": 25098000000,
    "costOfRevenue": 6022000000,
    "grossProfit": 19076000000,
    "grossProfitRatio": 0.7600605626,
    "researchAndDevelopmentExpenses": 0,
    "generalAndAdministrativeExpenses": 2822000000,
    "sellingAndMarketingExpenses": 825000000,
    "sellingGeneralAndAdministrativeExpenses": 3647000000,
    "otherExpenses": 1421000000,
    "operatingExpenses": 5068000000,
    "costAndExpenses": 11090000000,
    "interestIncome": 0,
    "interestExpense": 575000000,
    "depreciationAndAmortization": 799000000,
    "ebitda": 15013000000,
    "ebitdaratio": 0.5981751534,
    "operatingIncome": 14008000000,
    "operatingIncomeRatio": 0.5581321221,
    "totalOtherIncomeExpensesNet": -369000000,
    "incomeBeforeTax": 13639000000,
    "incomeBeforeTaxRatio": 0.5434297554,
    "incomeTaxExpense": 2444000000,
    "netIncome": 11195000000,
    "netIncomeRatio": 0.4460514782,
    "eps": 11.86,
    "epsdiluted": 11.83,
    "weightedAverageShsOut": 944000000,
    "weightedAverageShsOutDil": 946000000,
    "link": "https://www.sec.gov/Archives/edgar/data/1141391/000114139124000022/0001141391-24-000022-index.htm",
    "finalLink": "https://www.sec.gov/Archives/edgar/data/1141391/000114139124000022/ma-20231231.htm"
  },
  {
    "date": "2022-12-31",
    "symbol": "MA",
    "reportedCurrency": "USD",
    "cik": "0001141391",
    "fillingDate": "2023-02-14",
    "acceptedDate": "2023-02-14 16:48:22",
    "calendarYear": "2022",
    "period": "FY",
    "revenue": 22237000000,
    "costOfRevenue": 5263000000,
    "grossProfit": 16974000000,
    "grossProfitRatio": 0.7633223906,
    "researchAndDevelopmentExpenses": 0,
    "generalAndAdministrativeExpenses": 2713000000,
    "sellingAndMarketingExpenses": 789000000,
    "sellingGeneralAndAdministrativeExpenses": 3502000000,
    "otherExpenses": 1208000000,
    "operatingExpenses": 4710000000,
    "costAndExpenses": 9973000000,
    "interestIncome": 0,
    "interestExpense": 471000000,
    "depreciationAndAmortization": 750000000,
    "ebitda": 12953000000,
    "ebitdaratio": 0.5824976391,
    "operatingIncome": 12264000000,
    "operatingIncomeRatio": 0.5515132437,
    "totalOtherIncomeExpensesNet": -532000000,
    "incomeBeforeTax": 11732000000,
    "incomeBeforeTaxRatio": 0.5275891532,
    "incomeTaxExpense": 1802000000,
    "netIncome": 9930000000,
    "netIncomeRatio": 0.4465530422,
    "eps": 10.26,
    "epsdiluted": 10.23,
    "weightedAverageShsOut": 968000000,
    "weightedAverageShsOutDil": 971000000,
    "link": "https://www.sec.gov/Archives/edgar/data/1141391/000114139123000020/0001141391-23-000020-index.htm",
    "finalLink": "https://www.sec.gov/Archives/edgar/data/1141391/000114139123000020/ma-20221231.htm"
  },
  {
    "date": "2021-12-31",
    "symbol": "MA",
    "reportedCurrency": "USD",
    "cik": "0001141391",
    "fillingDate": "2022-02-11",
    "acceptedDate": "2022-02-11 09:52:16",
    "calendarYear": "2021",
    "period": "FY",
    "revenue": 18884000000,
    "costOfRevenue": 4489000000,
    "grossProfit": 14395000000,
    "grossProfitRatio": 0.7622855327,
    "researchAndDevelopmentExpenses": 0,
    "generalAndAdministrativeExpenses": 2547000000,
    "sellingAndMarketingExpenses": 895000000,
    "sellingGeneralAndAdministrativeExpenses": 3442000000,
    "otherExpenses": 871000000,
    "operatingExpenses": 4313000000,
    "costAndExpenses": 8802000000,
    "interestIncome": 0,
    "interestExpense": 431000000,
    "depreciationAndAmortization": 726000000,
    "ebitda": 11464000000,
    "ebitdaratio": 0.6070747723,
    "operatingIncome": 10082000000,
    "operatingIncomeRatio": 0.5338911248,
    "totalOtherIncomeExpensesNet": 225000000,
    "incomeBeforeTax": 10307000000,
    "incomeBeforeTaxRatio": 0.5458059733,
    "incomeTaxExpense": 1620000000,
    "netIncome": 8687000000,
    "netIncomeRatio": 0.4600190638,
    "eps": 8.79,
    "epsdiluted": 8.76,
    "weightedAverageShsOut": 988000000,
    "weightedAverageShsOutDil": 992000000,
    "link": "https://www.sec.gov/Archives/edgar/data/1141391/000114139122000023/0001141391-22-000023-index.htm",
    "finalLink": "https://www.sec.gov/Archives/edgar/data/1141391/000114139122000023/ma-20211231.htm"
  },
  {
    "date": "2020-12-31",
    "symbol": "MA",
    "reportedCurrency": "USD",
    "cik": "0001141391",
    "fillingDate": "2021-02-12",
    "acceptedDate": "2021-02-12 10:44:10",
    "calendarYear": "2020",
    "period": "FY",
    "revenue": 15301000000,
    "costOfRevenue": 3787000000,
    "grossProfit": 11514000000,
    "grossProfitRatio": 0.7524998366,
    "researchAndDevelopmentExpenses": 0,
    "generalAndAdministrativeExpenses": 2114000000,
    "sellingAndMarketingExpenses": 657000000,
    "sellingGeneralAndAdministrativeExpenses": 2771000000,
    "otherExpenses": 662000000,
    "operatingExpenses": 3433000000,
    "costAndExpenses": 7220000000,
    "interestIncome": 0,
    "interestExpense": 380000000,
    "depreciationAndAmortization": 580000000,
    "ebitda": 8720000000,
    "ebitdaratio": 0.5698973923,
    "operatingIncome": 8081000000,
    "operatingIncomeRatio": 0.528135416,
    "totalOtherIncomeExpensesNet": -321000000,
    "incomeBeforeTax": 7760000000,
    "incomeBeforeTaxRatio": 0.507156395,
    "incomeTaxExpense": 1349000000,
    "netIncome": 6411000000,
    "netIncomeRatio": 0.4189922227,
    "eps": 6.4,
    "epsdiluted": 6.37,
    "weightedAverageShsOut": 1002000000,
    "weightedAverageShsOutDil": 1006000000,
    "link": "https://www.sec.gov/Archives/edgar/data/1141391/000114139121000018/0001141391-21-000018-index.htm",
    "finalLink": "https://www.sec.gov/Archives/edgar/data/1141391/000114139121000018/ma-20201231.htm"
  },
  {
    "date": "2019-12-31",
    "symbol": "MA",
    "reportedCurrency": "USD",
    "cik": "0001141391",
    "fillingDate": "2020-02-14",
    "acceptedDate": "2020-02-14 09:29:40",
    "calendarYear": "2019",
    "period": "FY",
    "revenue": 16883000000,
    "costOfRevenue": 3537000000,
    "grossProfit": 13346000000,
    "grossProfitRatio": 0.7904993188,
    "researchAndDevelopmentExpenses": 0,
    "generalAndAdministrativeExpenses": 2194000000,
    "sellingAndMarketingExpenses": 934000000,
    "sellingGeneralAndAdministrativeExpenses": 3128000000,
    "otherExpenses": 554000000,
    "operatingExpenses": 3682000000,
    "costAndExpenses": 7219000000,
    "interestIncome": 0,
    "interestExpense": 224000000,
    "depreciationAndAmortization": 522000000,
    "ebitda": 10477000000,
    "ebitdaratio": 0.6205650655,
    "operatingIncome": 9664000000,
    "operatingIncomeRatio": 0.5724101167,
    "totalOtherIncomeExpensesNet": 67000000,
    "incomeBeforeTax": 9731000000,
    "incomeBeforeTaxRatio": 0.5763786057,
    "incomeTaxExpense": 1613000000,
    "netIncome": 8118000000,
    "netIncomeRatio": 0.4808387135,
    "eps": 7.98,
    "epsdiluted": 7.94,
    "weightedAverageShsOut": 1017000000,
    "weightedAverageShsOutDil": 1022000000,
    "link": "https://www.sec.gov/Archives/edgar/data/1141391/000114139120000032/0001141391-20-000032-index.htm",
    "finalLink": "https://www.sec.gov/Archives/edgar/data/1141391/000114139120000032/ma12312019-10xk.htm"
  },
  {
    "date": "2018-12-31",
    "symbol": "MA",
    "reportedCurrency": "USD",
    "cik": "0001141391",
    "fillingDate": "2019-02-13",
    "acceptedDate": "2019-02-13 10:03:54",
    "calendarYear": "2018",
    "period": "FY",
    "revenue": 14950000000,
    "costOfRevenue": 3214000000,
    "grossProfit": 11736000000,
    "grossProfitRatio": 0.7850167224,
    "researchAndDevelopmentExpenses": 0,
    "generalAndAdministrativeExpenses": 1996000000,
    "sellingAndMarketingExpenses": 907000000,
    "sellingGeneralAndAdministrativeExpenses": 2903000000,
    "otherExpenses": 1551000000,
    "operatingExpenses": 4454000000,
    "costAndExpenses": 7668000000,
    "interestIncome": 0,
    "interestExpense": 186000000,
    "depreciationAndAmortization": 459000000,
    "ebitda": 7849000000,
    "ebitdaratio": 0.5250167224,
    "operatingIncome": 7282000000,
    "operatingIncomeRatio": 0.487090301,
    "totalOtherIncomeExpensesNet": -78000000,
    "incomeBeforeTax": 7204000000,
    "incomeBeforeTaxRatio": 0.4818729097,
    "incomeTaxExpense": 1345000000,
    "netIncome": 5859000000,
    "netIncomeRatio": 0.3919063545,
    "eps": 5.63,
    "epsdiluted": 5.6,
    "weightedAverageShsOut": 1041000015,
    "weightedAverageShsOutDil": 1047000015,
    "link": "https://www.sec.gov/Archives/edgar/data/1141391/000114139119000013/0001141391-19-000013-index.htm",
    "finalLink": "https://www.sec.gov/Archives/edgar/data/1141391/000114139119000013/ma12312018-10xk.htm"
  },
  {
    "date": "2017-12-31",
    "symbol": "MA",
    "reportedCurrency": "USD",
    "cik": "0001141391",
    "fillingDate": "2018-02-14",
    "acceptedDate": "2018-02-14 12:37:09",
    "calendarYear": "2017",
    "period": "FY",
    "revenue": 12497000000,
    "costOfRevenue": 2687000000,
    "grossProfit": 9810000000,
    "grossProfitRatio": 0.7849883972,
    "researchAndDevelopmentExpenses": 0,
    "generalAndAdministrativeExpenses": 1860000000,
    "sellingAndMarketingExpenses": 771000000,
    "sellingGeneralAndAdministrativeExpenses": 2631000000,
    "otherExpenses": 557000000,
    "operatingExpenses": 3188000000,
    "costAndExpenses": 5875000000,
    "interestIncome": 0,
    "interestExpense": 154000000,
    "depreciationAndAmortization": 437000000,
    "ebitda": 7113000000,
    "ebitdaratio": 0.5691766024,
    "operatingIncome": 6622000000,
    "operatingIncomeRatio": 0.5298871729,
    "totalOtherIncomeExpensesNet": -100000000,
    "incomeBeforeTax": 6522000000,
    "incomeBeforeTaxRatio": 0.5218852525,
    "incomeTaxExpense": 2607000000,
    "netIncome": 3915000000,
    "netIncomeRatio": 0.313275186,
    "eps": 3.67,
    "epsdiluted": 3.65,
    "weightedAverageShsOut": 1067000016,
    "weightedAverageShsOutDil": 1072000016,
    "link": "https://www.sec.gov/Archives/edgar/data/1141391/000114139118000009/0001141391-18-000009-index.htm",
    "finalLink": "https://www.sec.gov/Archives/edgar/data/1141391/000114139118000009/ma12312017-10xk.htm"
  },
  {
    "date": "2016-12-31",
    "symbol": "MA",
    "reportedCurrency": "USD",
    "cik": "0001141391",
    "fillingDate": "2017-02-15",
    "acceptedDate": "2017-02-15 10:22:25",
    "calendarYear": "2016",
    "period": "FY",
    "revenue": 10776000000,
    "costOfRevenue": 2225000000,
    "grossProfit": 8551000000,
    "grossProfitRatio": 0.7935226429,
    "researchAndDevelopmentExpenses": 0,
    "generalAndAdministrativeExpenses": 1568000000,
    "sellingAndMarketingExpenses": 698000000,
    "sellingGeneralAndAdministrativeExpenses": 2266000000,
    "otherExpenses": 524000000,
    "operatingExpenses": 2790000000,
    "costAndExpenses": 5015000000,
    "interestIncome": 0,
    "interestExpense": 95000000,
    "depreciationAndAmortization": 373000000,
    "ebitda": 6114000000,
    "ebitdaratio": 0.5673719376,
    "operatingIncome": 5761000000,
    "operatingIncomeRatio": 0.5346139569,
    "totalOtherIncomeExpensesNet": -115000000,
    "incomeBeforeTax": 5646000000,
    "incomeBeforeTaxRatio": 0.5239420935,
    "incomeTaxExpense": 1587000000,
    "netIncome": 4059000000,
    "netIncomeRatio": 0.3766703786,
    "eps": 3.7,
    "epsdiluted": 3.69,
    "weightedAverageShsOut": 1098000016,
    "weightedAverageShsOutDil": 1101000016,
    "link": "https://www.sec.gov/Archives/edgar/data/1141391/000114139117000014/0001141391-17-000014-index.htm",
    "finalLink": "https://www.sec.gov/Archives/edgar/data/1141391/000114139117000014/ma12312016-10xk.htm"
  },
  {
    "date": "2015-12-31",
    "symbol": "MA",
    "reportedCurrency": "USD",
    "cik": "0001141391",
    "fillingDate": "2016-02-12",
    "acceptedDate": "2016-02-12 10:42:08",
    "calendarYear": "2015",
    "period": "FY",
    "revenue": 9667000000,
    "costOfRevenue": 2105000000,
    "grossProfit": 7562000000,
    "grossProfitRatio": 0.782248888,
    "researchAndDevelopmentExpenses": 0,
    "generalAndAdministrativeExpenses": 1318000000,
    "sellingAndMarketingExpenses": 821000000,
    "sellingGeneralAndAdministrativeExpenses": 2139000000,
    "otherExpenses": 345000000,
    "operatingExpenses": 2484000000,
    "costAndExpenses": 4589000000,
    "interestIncome": 0,
    "interestExpense": 61000000,
    "depreciationAndAmortization": 366000000,
    "ebitda": 5385000000,
    "ebitdaratio": 0.5570497569,
    "operatingIncome": 5078000000,
    "operatingIncomeRatio": 0.5252922313,
    "totalOtherIncomeExpensesNet": -120000000,
    "incomeBeforeTax": 4958000000,
    "incomeBeforeTaxRatio": 0.5128788662,
    "incomeTaxExpense": 1150000000,
    "netIncome": 3808000000,
    "netIncomeRatio": 0.3939174511,
    "eps": 3.36,
    "epsdiluted": 3.35,
    "weightedAverageShsOut": 1134000017,
    "weightedAverageShsOutDil": 1137000017,
    "link": "https://www.sec.gov/Archives/edgar/data/1141391/000114139116000085/0001141391-16-000085-index.htm",
    "finalLink": "https://www.sec.gov/Archives/edgar/data/1141391/000114139116000085/ma12312015-10xk.htm"
  },
  {
    "date": "2014-12-31",
    "symbol": "MA",
    "reportedCurrency": "USD",
    "cik": "0001141391",
    "fillingDate": "2015-02-13",
    "acceptedDate": "2015-02-13 10:23:56",
    "calendarYear": "2014",
    "period": "FY",
    "revenue": 9441000000,
    "costOfRevenue": 2064000000,
    "grossProfit": 7377000000,
    "grossProfitRatio": 0.7813790912,
    "researchAndDevelopmentExpenses": 0,
    "generalAndAdministrativeExpenses": 1118000000,
    "sellingAndMarketingExpenses": 862000000,
    "sellingGeneralAndAdministrativeExpenses": 1980000000,
    "otherExpenses": 291000000,
    "operatingExpenses": 2271000000,
    "costAndExpenses": 4335000000,
    "interestIncome": 26000000,
    "interestExpense": 48000000,
    "depreciationAndAmortization": 321000000,
    "ebitda": 5448000000,
    "ebitdaratio": 0.5770575151,
    "operatingIncome": 5106000000,
    "operatingIncomeRatio": 0.5408325389,
    "totalOtherIncomeExpensesNet": -27000000,
    "incomeBeforeTax": 5079000000,
    "incomeBeforeTaxRatio": 0.5379726724,
    "incomeTaxExpense": 1462000000,
    "netIncome": 3617000000,
    "netIncomeRatio": 0.3831161953,
    "eps": 3.11,
    "epsdiluted": 3.1,
    "weightedAverageShsOut": 1165000017,
    "weightedAverageShsOutDil": 1169000017,
    "link": "https://www.sec.gov/Archives/edgar/data/1141391/000114139115000011/0001141391-15-000011-index.htm",
    "finalLink": "https://www.sec.gov/Archives/edgar/data/1141391/000114139115000011/ma12312014-10xk.htm"
  },
  {
    "date": "2013-12-31",
    "symbol": "MA",
    "reportedCurrency": "USD",
    "cik": "0001141391",
    "fillingDate": "2014-02-14",
    "acceptedDate": "2014-02-14 11:26:02",
    "calendarYear": "2013",
    "period": "FY",
    "revenue": 8312000000,
    "costOfRevenue": 1739000000,
    "grossProfit": 6573000000,
    "grossProfitRatio": 0.7907844081,
    "researchAndDevelopmentExpenses": 0,
    "generalAndAdministrativeExpenses": 874000000,
    "sellingAndMarketingExpenses": 841000000,
    "sellingGeneralAndAdministrativeExpenses": 1715000000,
    "otherExpenses": 355000000,
    "operatingExpenses": 2070000000,
    "costAndExpenses": 3809000000,
    "interestIncome": 33000000,
    "interestExpense": 14000000,
    "depreciationAndAmortization": 258000000,
    "ebitda": 4772000000,
    "ebitdaratio": 0.5741097209,
    "operatingIncome": 4503000000,
    "operatingIncomeRatio": 0.541746872,
    "totalOtherIncomeExpensesNet": -3000000,
    "incomeBeforeTax": 4500000000,
    "incomeBeforeTaxRatio": 0.541385948,
    "incomeTaxExpense": 1384000000,
    "netIncome": 3116000000,
    "netIncomeRatio": 0.374879692,
    "eps": 2.57,
    "epsdiluted": 2.56,
    "weightedAverageShsOut": 1211000018,
    "weightedAverageShsOutDil": 1215000018,
    "link": "https://www.sec.gov/Archives/edgar/data/1141391/000114139114000003/0001141391-14-000003-index.htm",
    "finalLink": "https://www.sec.gov/Archives/edgar/data/1141391/000114139114000003/ma12312013-10xk.htm"
  },
  {
    "date": "2012-12-31",
    "symbol": "MA",
    "reportedCurrency": "USD",
    "cik": "0001141391",
    "fillingDate": "2013-02-14",
    "acceptedDate": "2013-02-14 17:02:29",
    "calendarYear": "2012",
    "period": "FY",
    "revenue": 7391000000,
    "costOfRevenue": 1565000000,
    "grossProfit": 5826000000,
    "grossProfitRatio": 0.788255987,
    "researchAndDevelopmentExpenses": 0,
    "generalAndAdministrativeExpenses": 837000000,
    "sellingAndMarketingExpenses": 775000000,
    "sellingGeneralAndAdministrativeExpenses": 1612000000,
    "otherExpenses": 277000000,
    "operatingExpenses": 1889000000,
    "costAndExpenses": 3454000000,
    "interestIncome": 36000000,
    "interestExpense": 20000000,
    "depreciationAndAmortization": 230000000,
    "ebitda": 4183000000,
    "ebitdaratio": 0.5659585983,
    "operatingIncome": 3937000000,
    "operatingIncomeRatio": 0.5326748748,
    "totalOtherIncomeExpensesNet": -4000000,
    "incomeBeforeTax": 3933000000,
    "incomeBeforeTaxRatio": 0.5321336761,
    "incomeTaxExpense": 1174000000,
    "netIncome": 2759000000,
    "netIncomeRatio": 0.3732918414,
    "eps": 2.2,
    "epsdiluted": 2.19,
    "weightedAverageShsOut": 1253000018,
    "weightedAverageShsOutDil": 1258000018,
    "link": "https://www.sec.gov/Archives/edgar/data/1141391/000114139113000003/0001141391-13-000003-index.htm",
    "finalLink": "https://www.sec.gov/Archives/edgar/data/1141391/000114139113000003/ma12312012-10xk.htm"
  },
  {
    "date": "2011-12-31",
    "symbol": "MA",
    "reportedCurrency": "USD",
    "cik": "0001141391",
    "fillingDate": "2012-02-16",
    "acceptedDate": "2012-02-16 12:23:37",
    "calendarYear": "2011",
    "period": "FY",
    "revenue": 6714000000,
    "costOfRevenue": 1453000000,
    "grossProfit": 5261000000,
    "grossProfitRatio": 0.7835865356,
    "researchAndDevelopmentExpenses": 0,
    "generalAndAdministrativeExpenses": 756000000,
    "sellingAndMarketingExpenses": 841000000,
    "sellingGeneralAndAdministrativeExpenses": 1597000000,
    "otherExpenses": 951000000,
    "operatingExpenses": 2548000000,
    "costAndExpenses": 4001000000,
    "interestIncome": 44000000,
    "interestExpense": 25000000,
    "depreciationAndAmortization": 194000000,
    "ebitda": 2967000000,
    "ebitdaratio": 0.4419124218,
    "operatingIncome": 2713000000,
    "operatingIncomeRatio": 0.4040810247,
    "totalOtherIncomeExpensesNet": 35000000,
    "incomeBeforeTax": 2748000000,
    "incomeBeforeTaxRatio": 0.4092940125,
    "incomeTaxExpense": 842000000,
    "netIncome": 1906000000,
    "netIncomeRatio": 0.2838844206,
    "eps": 1.49,
    "epsdiluted": 1.48,
    "weightedAverageShsOut": 1279000019,
    "weightedAverageShsOutDil": 1284000019,
    "link": "https://www.sec.gov/Archives/edgar/data/1141391/000114139112000003/0001141391-12-000003-index.htm",
    "finalLink": "https://www.sec.gov/Archives/edgar/data/1141391/000114139112000003/ma12312011-10xk.htm"
  },
  {
    "date": "2010-12-31",
    "symbol": "MA",
    "reportedCurrency": "USD",
    "cik": "0001141391",
    "fillingDate": "2011-11-23",
    "acceptedDate": "2011-11-23 12:41:59",
    "calendarYear": "2010",
    "period": "FY",
    "revenue": 5539000000,
    "costOfRevenue": 1219000000,
    "grossProfit": 4320000000,
    "grossProfitRatio": 0.779924174,
    "researchAndDevelopmentExpenses": 0,
    "generalAndAdministrativeExpenses": 635000000,
    "sellingAndMarketingExpenses": 782000000,
    "sellingGeneralAndAdministrativeExpenses": 1417000000,
    "otherExpenses": 151000000,
    "operatingExpenses": 1568000000,
    "costAndExpenses": 2787000000,
    "interestIncome": 48000000,
    "interestExpense": 52000000,
    "depreciationAndAmortization": 148000000,
    "ebitda": 2957000000,
    "ebitdaratio": 0.5338508756,
    "operatingIncome": 2752000000,
    "operatingIncomeRatio": 0.4968405849,
    "totalOtherIncomeExpensesNet": 5000000,
    "incomeBeforeTax": 2757000000,
    "incomeBeforeTaxRatio": 0.497743275,
    "incomeTaxExpense": 910000000,
    "netIncome": 1846000000,
    "netIncomeRatio": 0.333273154,
    "eps": 1.41,
    "epsdiluted": 1.41,
    "weightedAverageShsOut": 1310000019,
    "weightedAverageShsOutDil": 1310000019,
    "link": "https://www.sec.gov/Archives/edgar/data/1141391/000119312511320907/0001193125-11-320907-index.htm",
    "finalLink": "https://www.sec.gov/Archives/edgar/data/1141391/000119312511320907/d258542d10ka.htm"
  },
  {
    "date": "2009-12-31",
    "symbol": "MA",
    "reportedCurrency": "USD",
    "cik": "0001141391",
    "fillingDate": "2010-02-18",
    "acceptedDate": "2010-02-18 13:20:56",
    "calendarYear": "2009",
    "period": "FY",
    "revenue": 5099000000,
    "costOfRevenue": 0,
    "grossProfit": 5099000000,
    "grossProfitRatio": 1,
    "researchAndDevelopmentExpenses": 0,
    "generalAndAdministrativeExpenses": 1935000000,
    "sellingAndMarketingExpenses": 756000000,
    "sellingGeneralAndAdministrativeExpenses": 2691000000,
    "otherExpenses": 148000000,
    "operatingExpenses": 2839000000,
    "costAndExpenses": 2839000000,
    "interestIncome": 56000000,
    "interestExpense": 115000000,
    "depreciationAndAmortization": 141000000,
    "ebitda": 2474000000,
    "ebitdaratio": 0.4851931751,
    "operatingIncome": 2260000000,
    "operatingIncomeRatio": 0.4432241616,
    "totalOtherIncomeExpensesNet": -42000000,
    "incomeBeforeTax": 2218000000,
    "incomeBeforeTaxRatio": 0.4349872524,
    "incomeTaxExpense": 755000000,
    "netIncome": 1463000000,
    "netIncomeRatio": 0.2869190037,
    "eps": 1.12,
    "epsdiluted": 1.12,
    "weightedAverageShsOut": 1300000019,
    "weightedAverageShsOutDil": 1300000019,
    "link": "https://www.sec.gov/Archives/edgar/data/1141391/000119312510034065/0001193125-10-034065-index.htm",
    "finalLink": "https://www.sec.gov/Archives/edgar/data/1141391/000119312510034065/d10k.htm"
  },
  {
    "date": "2008-12-31",
    "symbol": "MA",
    "reportedCurrency": "USD",
    "cik": "0001141391",
    "fillingDate": "2009-02-19",
    "acceptedDate": "2009-02-19 16:06:14",
    "calendarYear": "2008",
    "period": "FY",
    "revenue": 4991600000,
    "costOfRevenue": 0,
    "grossProfit": 4991600000,
    "grossProfitRatio": 1,
    "researchAndDevelopmentExpenses": 0,
    "generalAndAdministrativeExpenses": 1996512000,
    "sellingAndMarketingExpenses": 934742000,
    "sellingGeneralAndAdministrativeExpenses": 2931254000,
    "otherExpenses": 2594851000,
    "operatingExpenses": 5526105000,
    "costAndExpenses": 5526105000,
    "interestIncome": 108757000,
    "interestExpense": 103600000,
    "depreciationAndAmortization": 112006000,
    "ebitda": -167607000,
    "ebitdaratio": -0.0335778107,
    "operatingIncome": -534505000,
    "operatingIncomeRatio": -0.1070808959,
    "totalOtherIncomeExpensesNet": 151292000,
    "incomeBeforeTax": -383213000,
    "incomeBeforeTaxRatio": -0.0767715762,
    "incomeTaxExpense": -129298000,
    "netIncome": -253915000,
    "netIncomeRatio": -0.050868459,
    "eps": -0.2,
    "epsdiluted": -0.2,
    "weightedAverageShsOut": 1301480019,
    "weightedAverageShsOutDil": 1301480019,
    "link": "https://www.sec.gov/Archives/edgar/data/1141391/000119312509033062/0001193125-09-033062-index.htm",
    "finalLink": "https://www.sec.gov/Archives/edgar/data/1141391/000119312509033062/d10k.htm"
  },
  {
    "date": "2007-12-31",
    "symbol": "MA",
    "reportedCurrency": "USD",
    "cik": "0001141391",
    "fillingDate": "2008-02-21",
    "acceptedDate": "2008-02-20 20:44:14",
    "calendarYear": "2007",
    "period": "FY",
    "revenue": 4067599000,
    "costOfRevenue": 0,
    "grossProfit": 4067599000,
    "grossProfitRatio": 1,
    "researchAndDevelopmentExpenses": 0,
    "generalAndAdministrativeExpenses": 1758388000,
    "sellingAndMarketingExpenses": 1080057000,
    "sellingGeneralAndAdministrativeExpenses": 2838445000,
    "otherExpenses": 121042000,
    "operatingExpenses": 2959487000,
    "costAndExpenses": 2959487000,
    "interestIncome": 0,
    "interestExpense": 0,
    "depreciationAndAmortization": 97642000,
    "ebitda": 1205754000,
    "ebitdaratio": 0.2964289253,
    "operatingIncome": 1108112000,
    "operatingIncomeRatio": 0.2724241008,
    "totalOtherIncomeExpensesNet": 563320000,
    "incomeBeforeTax": 1671432000,
    "incomeBeforeTaxRatio": 0.4109136618,
    "incomeTaxExpense": 585546000,
    "netIncome": 1085886000,
    "netIncomeRatio": 0.2669599437,
    "eps": 0.81,
    "epsdiluted": 0.8,
    "weightedAverageShsOut": 1348870020,
    "weightedAverageShsOutDil": 1356950020,
    "link": "https://www.sec.gov/Archives/edgar/data/1141391/000119312508034694/0001193125-08-034694-index.htm",
    "finalLink": "https://www.sec.gov/Archives/edgar/data/1141391/000119312508034694/d10k.htm"
  },
  {
    "date": "2006-12-31",
    "symbol": "MA",
    "reportedCurrency": "USD",
    "cik": "0001141391",
    "fillingDate": "2007-02-28",
    "acceptedDate": "2007-02-28 14:20:59",
    "calendarYear": "2006",
    "period": "FY",
    "revenue": 3326074000,
    "costOfRevenue": 0,
    "grossProfit": 3326074000,
    "grossProfitRatio": 1,
    "researchAndDevelopmentExpenses": 0,
    "generalAndAdministrativeExpenses": 1505185000,
    "sellingAndMarketingExpenses": 1051870000,
    "sellingGeneralAndAdministrativeExpenses": 2557055000,
    "otherExpenses": 539524000,
    "operatingExpenses": 3096579000,
    "costAndExpenses": 3096579000,
    "interestIncome": 0,
    "interestExpense": 0,
    "depreciationAndAmortization": 99782000,
    "ebitda": 329277000,
    "ebitdaratio": 0.0989986994,
    "operatingIncome": 229495000,
    "operatingIncomeRatio": 0.0689987655,
    "totalOtherIncomeExpensesNet": 64677000,
    "incomeBeforeTax": 294172000,
    "incomeBeforeTaxRatio": 0.0884442138,
    "incomeTaxExpense": 243982000,
    "netIncome": 50190000,
    "netIncomeRatio": 0.0150898627,
    "eps": 0.037,
    "epsdiluted": 0.037,
    "weightedAverageShsOut": 1354110020,
    "weightedAverageShsOutDil": 1357790020,
    "link": "https://www.sec.gov/Archives/edgar/data/1141391/000119312507042384/0001193125-07-042384-index.htm",
    "finalLink": "https://www.sec.gov/Archives/edgar/data/1141391/000119312507042384/d10k.htm"
  },
  {
    "date": "2005-12-31",
    "symbol": "MA",
    "reportedCurrency": "USD",
    "cik": "0001141391",
    "fillingDate": "2006-03-16",
    "acceptedDate": "2006-03-16 13:25:32",
    "calendarYear": "2005",
    "period": "FY",
    "revenue": 2937628000,
    "costOfRevenue": 0,
    "grossProfit": 2937628000,
    "grossProfitRatio": 1,
    "researchAndDevelopmentExpenses": 0,
    "generalAndAdministrativeExpenses": 1351082000,
    "sellingAndMarketingExpenses": 1008268000,
    "sellingGeneralAndAdministrativeExpenses": 2359350000,
    "otherExpenses": 185094000,
    "operatingExpenses": 2544444000,
    "costAndExpenses": 2544444000,
    "interestIncome": 0,
    "interestExpense": 0,
    "depreciationAndAmortization": 109936000,
    "ebitda": 503120000,
    "ebitdaratio": 0.1712674307,
    "operatingIncome": 393184000,
    "operatingIncomeRatio": 0.1338440402,
    "totalOtherIncomeExpensesNet": 14154000,
    "incomeBeforeTax": 407338000,
    "incomeBeforeTaxRatio": 0.1386622132,
    "incomeTaxExpense": 140619000,
    "netIncome": 266719000,
    "netIncomeRatio": 0.0907940011,
    "eps": 0.2,
    "epsdiluted": 0.2,
    "weightedAverageShsOut": 1349690020,
    "weightedAverageShsOutDil": 1349690020,
    "link": "https://www.sec.gov/Archives/edgar/data/1141391/000119312506056300/0001193125-06-056300-index.htm",
    "finalLink": "https://www.sec.gov/Archives/edgar/data/1141391/000119312506056300/d10k.htm"
  },
  {
    "date": "2004-12-31",
    "symbol": "MA",
    "reportedCurrency": "USD",
    "cik": "0001141391",
    "fillingDate": "2005-03-02",
    "acceptedDate": "2005-03-02 08:12:03",
    "calendarYear": "2004",
    "period": "FY",
    "revenue": 2593330000,
    "costOfRevenue": 0,
    "grossProfit": 2593330000,
    "grossProfitRatio": 1,
    "researchAndDevelopmentExpenses": 0,
    "generalAndAdministrativeExpenses": 1185837000,
    "sellingAndMarketingExpenses": 915851000,
    "sellingGeneralAndAdministrativeExpenses": 2101688000,
    "otherExpenses": 144970000,
    "operatingExpenses": 2246658000,
    "costAndExpenses": 2246658000,
    "interestIncome": 0,
    "interestExpense": 0,
    "depreciationAndAmortization": 123317000,
    "ebitda": 469989000,
    "ebitdaratio": 0.1812299245,
    "operatingIncome": 346672000,
    "operatingIncomeRatio": 0.1336783209,
    "totalOtherIncomeExpensesNet": -22972000,
    "incomeBeforeTax": 323700000,
    "incomeBeforeTaxRatio": 0.1248202119,
    "incomeTaxExpense": 85640000,
    "netIncome": 238060000,
    "netIncomeRatio": 0.0917970332,
    "eps": 0.24,
    "epsdiluted": 0.24,
    "weightedAverageShsOut": 1000252116,
    "weightedAverageShsOutDil": 1000252116,
    "link": "https://www.sec.gov/Archives/edgar/data/1141391/000095012305002512/0000950123-05-002512-index.htm",
    "finalLink": "https://www.sec.gov/Archives/edgar/data/1141391/000095012305002512/y06000e10vk.htm"
  },
  {
    "date": "2003-12-31",
    "symbol": "MA",
    "reportedCurrency": "USD",
    "cik": "0001141391",
    "fillingDate": "2004-03-04",
    "acceptedDate": "2004-03-04 13:04:36",
    "calendarYear": "2003",
    "period": "FY",
    "revenue": 2230851000,
    "costOfRevenue": 0,
    "grossProfit": 2230851000,
    "grossProfitRatio": 1,
    "researchAndDevelopmentExpenses": 0,
    "generalAndAdministrativeExpenses": 1862012000,
    "sellingAndMarketingExpenses": 851150000,
    "sellingGeneralAndAdministrativeExpenses": 2713162000,
    "otherExpenses": 119551000,
    "operatingExpenses": 2832713000,
    "costAndExpenses": 2832713000,
    "interestIncome": 35402000,
    "interestExpense": 62936000,
    "depreciationAndAmortization": 119551000,
    "ebitda": -429033000,
    "ebitdaratio": -0.1923180885,
    "operatingIncome": -601862000,
    "operatingIncomeRatio": -0.2697903177,
    "totalOtherIncomeExpensesNet": -9658000,
    "incomeBeforeTax": -611520000,
    "incomeBeforeTaxRatio": -0.2741196073,
    "incomeTaxExpense": -220778000,
    "netIncome": -385793000,
    "netIncomeRatio": -0.1729353507,
    "eps": -0.39,
    "epsdiluted": -0.39,
    "weightedAverageShsOut": 1000000015,
    "weightedAverageShsOutDil": 1000000015,
    "link": "https://www.sec.gov/Archives/edgar/data/1141391/000095012304002820/0000950123-04-002820-index.htm",
    "finalLink": "https://www.sec.gov/Archives/edgar/data/1141391/000095012304002820/y94488e10vk.htm"
  },
  {
    "date": "2002-12-31",
    "symbol": "MA",
    "reportedCurrency": "USD",
    "cik": "0001141391",
    "fillingDate": "2003-03-07",
    "acceptedDate": "2003-03-07 17:15:58",
    "calendarYear": "2002",
    "period": "FY",
    "revenue": 1891811000,
    "costOfRevenue": 0,
    "grossProfit": 1891811000,
    "grossProfitRatio": 1,
    "researchAndDevelopmentExpenses": 0,
    "generalAndAdministrativeExpenses": 965299000,
    "sellingAndMarketingExpenses": 694010000,
    "sellingGeneralAndAdministrativeExpenses": 1659309000,
    "otherExpenses": 90505000,
    "operatingExpenses": 1749814000,
    "costAndExpenses": 1749814000,
    "interestIncome": 23090000,
    "interestExpense": 9891000,
    "depreciationAndAmortization": 90505000,
    "ebitda": 258784000,
    "ebitdaratio": 0.1367916774,
    "operatingIncome": 141997000,
    "operatingIncomeRatio": 0.0750587664,
    "totalOtherIncomeExpensesNet": 16391000,
    "incomeBeforeTax": 158388000,
    "incomeBeforeTaxRatio": 0.0837229512,
    "incomeTaxExpense": 41959000,
    "netIncome": 116429000,
    "netIncomeRatio": 0.0615436743,
    "eps": 0.14,
    "epsdiluted": 0.14,
    "weightedAverageShsOut": 862040012,
    "weightedAverageShsOutDil": 862040012,
    "link": "https://www.sec.gov/Archives/edgar/data/1141391/000095012303002592/0000950123-03-002592-index.htm",
    "finalLink": "https://www.sec.gov/Archives/edgar/data/1141391/000095012303002592/y83303e10vk.htm"
  },
  {
    "date": "2001-12-31",
    "symbol": "MA",
    "reportedCurrency": "USD",
    "cik": "0001141391",
    "fillingDate": "2001-12-31",
    "acceptedDate": "2001-12-31 00:00:00",
    "calendarYear": "2001",
    "period": "FY",
    "revenue": 1611334000,
    "costOfRevenue": 0,
    "grossProfit": 1611334000,
    "grossProfitRatio": 1,
    "researchAndDevelopmentExpenses": 0,
    "generalAndAdministrativeExpenses": 813927000,
    "sellingAndMarketingExpenses": 505732000,
    "sellingGeneralAndAdministrativeExpenses": 1319659000,
    "otherExpenses": 69973000,
    "operatingExpenses": 1389632000,
    "costAndExpenses": 1389632000,
    "interestIncome": 23649000,
    "interestExpense": 9548000,
    "depreciationAndAmortization": 69973000,
    "ebitda": 312460000,
    "ebitdaratio": 0.1939138627,
    "operatingIncome": 221702000,
    "operatingIncomeRatio": 0.1375891032,
    "totalOtherIncomeExpensesNet": 11237000,
    "incomeBeforeTax": 232939000,
    "incomeBeforeTaxRatio": 0.1445628281,
    "incomeTaxExpense": 90878000,
    "netIncome": 142061000,
    "netIncomeRatio": 0.0881635961,
    "eps": 0.2,
    "epsdiluted": 0.2,
    "weightedAverageShsOut": 717100010,
    "weightedAverageShsOutDil": 717100010,
    "link": null,
    "finalLink": null
  },
  {
    "date": "2000-12-31",
    "symbol": "MA",
    "reportedCurrency": "USD",
    "cik": "0001141391",
    "fillingDate": "2000-12-31",
    "acceptedDate": "2000-12-30 19:00:00",
    "calendarYear": "2000",
    "period": "FY",
    "revenue": 1445409000,
    "costOfRevenue": 0,
    "grossProfit": 1445409000,
    "grossProfitRatio": 1,
    "researchAndDevelopmentExpenses": 0,
    "generalAndAdministrativeExpenses": 0,
    "sellingAndMarketingExpenses": 0,
    "sellingGeneralAndAdministrativeExpenses": 0,
    "otherExpenses": 1267389000,
    "operatingExpenses": 1267389000,
    "costAndExpenses": 1267389000,
    "interestIncome": 0,
    "interestExpense": 0,
    "depreciationAndAmortization": 0,
    "ebitda": 178020000,
    "ebitdaratio": 0.1231623713,
    "operatingIncome": 178020000,
    "operatingIncomeRatio": 0.1231623713,
    "totalOtherIncomeExpensesNet": -178020000,
    "incomeBeforeTax": 0,
    "incomeBeforeTaxRatio": 0,
    "incomeTaxExpense": 0,
    "netIncome": 118149000,
    "netIncomeRatio": 0.0817408775,
    "eps": 0.17,
    "epsdiluted": 0.17,
    "weightedAverageShsOut": 716054556,
    "weightedAverageShsOutDil": 716054556,
    "link": "",
    "finalLink": ""
  },
  {
    "date": "1998-12-31",
    "symbol": "MA",
    "reportedCurrency": "USD",
    "cik": "0001141391",
    "fillingDate": "1998-12-31",
    "acceptedDate": "1998-12-30 19:00:00",
    "calendarYear": "1998",
    "period": "FY",
    "revenue": 1089712000,
    "costOfRevenue": 0,
    "grossProfit": 1089712000,
    "grossProfitRatio": 1,
    "researchAndDevelopmentExpenses": 0,
    "generalAndAdministrativeExpenses": 0,
    "sellingAndMarketingExpenses": 0,
    "sellingGeneralAndAdministrativeExpenses": 0,
    "otherExpenses": 1071458000,
    "operatingExpenses": 1071458000,
    "costAndExpenses": 1071458000,
    "interestIncome": 0,
    "interestExpense": 0,
    "depreciationAndAmortization": 0,
    "ebitda": 18254000,
    "ebitdaratio": 0.016751215,
    "operatingIncome": 18254000,
    "operatingIncomeRatio": 0.016751215,
    "totalOtherIncomeExpensesNet": -18254000,
    "incomeBeforeTax": 0,
    "incomeBeforeTaxRatio": 0,
    "incomeTaxExpense": 0,
    "netIncome": 24183000,
    "netIncomeRatio": 0.0221921021,
    "eps": 0.034,
    "epsdiluted": 0.034,
    "weightedAverageShsOut": 711264717,
    "weightedAverageShsOutDil": 711264717,
    "link": "",
    "finalLink": ""
  }
]