[
  {
    "date": "2025-06-30",
    "symbol": "MAA",
    "reportedCurrency": "USD",
    "cik": "0000912595",
    "fillingDate": "2025-07-31",
    "acceptedDate": "2025-07-31 16:15:44",
    "calendarYear": "2025",
    "period": "Q2",
    "revenue": 549902000,
    "costOfRevenue": 385686000,
    "grossProfit": 164216000,
    "grossProfitRatio": 0.2986277555,
    "researchAndDevelopmentExpenses": 0,
    "generalAndAdministrativeExpenses": 12813000,
    "sellingAndMarketingExpenses": 0,
    "sellingGeneralAndAdministrativeExpenses": 12813000,
    "otherExpenses": 0,
    "operatingExpenses": 12813000,
    "costAndExpenses": 398499000,
    "interestIncome": 0,
    "interestExpense": 45111000,
    "depreciationAndAmortization": 153688000,
    "ebitda": 309744000,
    "ebitdaratio": 0.5632712738,
    "operatingIncome": 151403000,
    "operatingIncomeRatio": 0.2753272401,
    "totalOtherIncomeExpensesNet": -40458000,
    "incomeBeforeTax": 110945000,
    "incomeBeforeTaxRatio": 0.2017541307,
    "incomeTaxExpense": 600000,
    "netIncome": 108127000,
    "netIncomeRatio": 0.1966295813,
    "eps": 0.92,
    "epsdiluted": 0.92,
    "weightedAverageShsOut": 116976000,
    "weightedAverageShsOutDil": 117163000,
    "link": "https://www.sec.gov/Archives/edgar/data/912595/000095017025100919/0000950170-25-100919-index.htm",
    "finalLink": "https://www.sec.gov/Archives/edgar/data/912595/000095017025100919/maa-20250630.htm"
  },
  {
    "date": "2025-03-31",
    "symbol": "MAA",
    "reportedCurrency": "USD",
    "cik": "0000912595",
    "fillingDate": "2025-05-01",
    "acceptedDate": "2025-05-01 16:15:24",
    "calendarYear": "2025",
    "period": "Q1",
    "revenue": 549295000,
    "costOfRevenue": 374281000,
    "grossProfit": 175014000,
    "grossProfitRatio": 0.3186156801,
    "researchAndDevelopmentExpenses": 0,
    "generalAndAdministrativeExpenses": 15619000,
    "sellingAndMarketingExpenses": 0,
    "sellingGeneralAndAdministrativeExpenses": 15619000,
    "otherExpenses": 0,
    "operatingExpenses": 15619000,
    "costAndExpenses": 389900000,
    "interestIncome": 0,
    "interestExpense": 45161000,
    "depreciationAndAmortization": 152520000,
    "ebitda": 384660000,
    "ebitdaratio": 0.7002794491,
    "operatingIncome": 159395000,
    "operatingIncomeRatio": 0.2901810503,
    "totalOtherIncomeExpensesNet": 27584000,
    "incomeBeforeTax": 186979000,
    "incomeBeforeTaxRatio": 0.3403981467,
    "incomeTaxExpense": 1038000,
    "netIncome": 181673000,
    "netIncomeRatio": 0.3307384921,
    "eps": 1.55,
    "epsdiluted": 1.54,
    "weightedAverageShsOut": 116840000,
    "weightedAverageShsOutDil": 117092000,
    "link": "https://www.sec.gov/Archives/edgar/data/912595/000095017025061849/0000950170-25-061849-index.htm",
    "finalLink": "https://www.sec.gov/Archives/edgar/data/912595/000095017025061849/maa-20250331.htm"
  },
  {
    "date": "2024-12-31",
    "symbol": "MAA",
    "reportedCurrency": "USD",
    "cik": "0000912595",
    "fillingDate": "2025-02-07",
    "acceptedDate": "2025-02-07 16:16:04",
    "calendarYear": "2024",
    "period": "Q4",
    "revenue": 549832000,
    "costOfRevenue": 373364000,
    "grossProfit": 176468000,
    "grossProfitRatio": 0.3209489444,
    "researchAndDevelopmentExpenses": 0,
    "generalAndAdministrativeExpenses": 14072000,
    "sellingAndMarketingExpenses": 0,
    "sellingGeneralAndAdministrativeExpenses": 14072000,
    "otherExpenses": 0,
    "operatingExpenses": 14072000,
    "costAndExpenses": 387436000,
    "interestIncome": 0,
    "interestExpense": 44192000,
    "depreciationAndAmortization": 151060000,
    "ebitda": 367535000,
    "ebitdaratio": 0.6684496355,
    "operatingIncome": 162396000,
    "operatingIncomeRatio": 0.2953556723,
    "totalOtherIncomeExpensesNet": 9887000,
    "incomeBeforeTax": 172283000,
    "incomeBeforeTaxRatio": 0.3133375286,
    "incomeTaxExpense": 1755000,
    "netIncome": 166646000,
    "netIncomeRatio": 0.3030853061,
    "eps": 1.42,
    "epsdiluted": 1.42,
    "weightedAverageShsOut": 116828000,
    "weightedAverageShsOutDil": 116892000,
    "link": "https://www.sec.gov/Archives/edgar/data/912595/000095017025016287/0000950170-25-016287-index.htm",
    "finalLink": "https://www.sec.gov/Archives/edgar/data/912595/000095017025016287/maa-20241231.htm"
  },
  {
    "date": "2024-09-30",
    "symbol": "MAA",
    "reportedCurrency": "USD",
    "cik": "0000912595",
    "fillingDate": "2024-10-31",
    "acceptedDate": "2024-10-31 16:15:37",
    "calendarYear": "2024",
    "period": "Q3",
    "revenue": 551126000,
    "costOfRevenue": 375548000,
    "grossProfit": 175578000,
    "grossProfitRatio": 0.3185805061,
    "researchAndDevelopmentExpenses": 0,
    "generalAndAdministrativeExpenses": 12728000,
    "sellingAndMarketingExpenses": 0,
    "sellingGeneralAndAdministrativeExpenses": 12728000,
    "otherExpenses": 0,
    "operatingExpenses": 12728000,
    "costAndExpenses": 388276000,
    "interestIncome": 0,
    "interestExpense": 42726000,
    "depreciationAndAmortization": 146907000,
    "ebitda": 308079000,
    "ebitdaratio": 0.5589992125,
    "operatingIncome": 162850000,
    "operatingIncomeRatio": 0.2954859687,
    "totalOtherIncomeExpensesNet": -44404000,
    "incomeBeforeTax": 118446000,
    "incomeBeforeTaxRatio": 0.2149163712,
    "incomeTaxExpense": 670000,
    "netIncome": 115195000,
    "netIncomeRatio": 0.2090175386,
    "eps": 0.98,
    "epsdiluted": 0.98,
    "weightedAverageShsOut": 116820000,
    "weightedAverageShsOutDil": 116820000,
    "link": "https://www.sec.gov/Archives/edgar/data/912595/000095017024119555/0000950170-24-119555-index.htm",
    "finalLink": "https://www.sec.gov/Archives/edgar/data/912595/000095017024119555/maa-20240930.htm"
  },
  {
    "date": "2024-06-30",
    "symbol": "MAA",
    "reportedCurrency": "USD",
    "cik": "0000912595",
    "fillingDate": "2024-08-01",
    "acceptedDate": "2024-08-01 16:15:39",
    "calendarYear": "2024",
    "period": "Q2",
    "revenue": 546435000,
    "costOfRevenue": 368019000,
    "grossProfit": 178416000,
    "grossProfitRatio": 0.3265090999,
    "researchAndDevelopmentExpenses": 0,
    "generalAndAdministrativeExpenses": 12671000,
    "sellingAndMarketingExpenses": 0,
    "sellingGeneralAndAdministrativeExpenses": 12671000,
    "otherExpenses": 0,
    "operatingExpenses": 12671000,
    "costAndExpenses": 380690000,
    "interestIncome": 0,
    "interestExpense": 41265000,
    "depreciationAndAmortization": 145177000,
    "ebitda": 291655000,
    "ebitdaratio": 0.5337414331,
    "operatingIncome": 165745000,
    "operatingIncomeRatio": 0.3033206145,
    "totalOtherIncomeExpensesNet": -60532000,
    "incomeBeforeTax": 105213000,
    "incomeBeforeTaxRatio": 0.1925444014,
    "incomeTaxExpense": 1020000,
    "netIncome": 101953000,
    "netIncomeRatio": 0.1865784586,
    "eps": 0.86,
    "epsdiluted": 0.86,
    "weightedAverageShsOut": 116783000,
    "weightedAverageShsOutDil": 116783000,
    "link": "https://www.sec.gov/Archives/edgar/data/912595/000095017024089308/0000950170-24-089308-index.htm",
    "finalLink": "https://www.sec.gov/Archives/edgar/data/912595/000095017024089308/maa-20240630.htm"
  },
  {
    "date": "2024-03-31",
    "symbol": "MAA",
    "reportedCurrency": "USD",
    "cik": "0000912595",
    "fillingDate": "2024-05-02",
    "acceptedDate": "2024-05-02 16:15:12",
    "calendarYear": "2024",
    "period": "Q1",
    "revenue": 543622000,
    "costOfRevenue": 360817000,
    "grossProfit": 182805000,
    "grossProfitRatio": 0.3362722627,
    "researchAndDevelopmentExpenses": 0,
    "generalAndAdministrativeExpenses": 17045000,
    "sellingAndMarketingExpenses": 0,
    "sellingGeneralAndAdministrativeExpenses": 17045000,
    "otherExpenses": 0,
    "operatingExpenses": 17045000,
    "costAndExpenses": 377862000,
    "interestIncome": 0,
    "interestExpense": 40361000,
    "depreciationAndAmortization": 143258000,
    "ebitda": 332542000,
    "ebitdaratio": 0.6117154935,
    "operatingIncome": 165760000,
    "operatingIncomeRatio": 0.3049177554,
    "totalOtherIncomeExpensesNet": -16837000,
    "incomeBeforeTax": 148923000,
    "incomeBeforeTaxRatio": 0.2739458668,
    "incomeTaxExpense": 1795000,
    "netIncome": 143749000,
    "netIncomeRatio": 0.264428224,
    "eps": 1.22,
    "epsdiluted": 1.22,
    "weightedAverageShsOut": 116668000,
    "weightedAverageShsOutDil": 116780000,
    "link": "https://www.sec.gov/Archives/edgar/data/912595/000095017024052131/0000950170-24-052131-index.htm",
    "finalLink": "https://www.sec.gov/Archives/edgar/data/912595/000095017024052131/maa-20240331.htm"
  },
  {
    "date": "2023-12-31",
    "symbol": "MAA",
    "reportedCurrency": "USD",
    "cik": "0000912595",
    "fillingDate": "2024-02-09",
    "acceptedDate": "2024-02-09 16:16:29",
    "calendarYear": "2023",
    "period": "Q4",
    "revenue": 542247000,
    "costOfRevenue": 350137000,
    "grossProfit": 192110000,
    "grossProfitRatio": 0.3542850398,
    "researchAndDevelopmentExpenses": 0,
    "generalAndAdministrativeExpenses": 15249000,
    "sellingAndMarketingExpenses": 0,
    "sellingGeneralAndAdministrativeExpenses": 15249000,
    "otherExpenses": 0,
    "operatingExpenses": 15249000,
    "costAndExpenses": 365386000,
    "interestIncome": 0,
    "interestExpense": 38579000,
    "depreciationAndAmortization": 141060000,
    "ebitda": 345139000,
    "ebitdaratio": 0.6364977584,
    "operatingIncome": 176861000,
    "operatingIncomeRatio": 0.3261631692,
    "totalOtherIncomeExpensesNet": -11361000,
    "incomeBeforeTax": 165500000,
    "incomeBeforeTaxRatio": 0.3052114627,
    "incomeTaxExpense": 1148000,
    "netIncome": 160476000,
    "netIncomeRatio": 0.2959463123,
    "eps": 1.37,
    "epsdiluted": 1.37,
    "weightedAverageShsOut": 116646000,
    "weightedAverageShsOutDil": 116733000,
    "link": "https://www.sec.gov/Archives/edgar/data/912595/000095017024013275/0000950170-24-013275-index.htm",
    "finalLink": "https://www.sec.gov/Archives/edgar/data/912595/000095017024013275/maa-20231231.htm"
  },
  {
    "date": "2023-09-30",
    "symbol": "MAA",
    "reportedCurrency": "USD",
    "cik": "0000912595",
    "fillingDate": "2023-10-26",
    "acceptedDate": "2023-10-26 16:16:46",
    "calendarYear": "2023",
    "period": "Q3",
    "revenue": 542042000,
    "costOfRevenue": 362223000,
    "grossProfit": 179819000,
    "grossProfitRatio": 0.3317436656,
    "researchAndDevelopmentExpenses": 0,
    "generalAndAdministrativeExpenses": 13524000,
    "sellingAndMarketingExpenses": 0,
    "sellingGeneralAndAdministrativeExpenses": 13524000,
    "otherExpenses": 0,
    "operatingExpenses": 13524000,
    "costAndExpenses": 375747000,
    "interestIncome": 0,
    "interestExpense": 36651000,
    "depreciationAndAmortization": 146863000,
    "ebitda": 296590000,
    "ebitdaratio": 0.5471716214,
    "operatingIncome": 166295000,
    "operatingIncomeRatio": 0.3067935695,
    "totalOtherIncomeExpensesNet": -53219000,
    "incomeBeforeTax": 113076000,
    "incomeBeforeTaxRatio": 0.2086111408,
    "incomeTaxExpense": -209000,
    "netIncome": 110732000,
    "netIncomeRatio": 0.2042867527,
    "eps": 0.94,
    "epsdiluted": 0.94,
    "weightedAverageShsOut": 116633000,
    "weightedAverageShsOutDil": 116711000,
    "link": "https://www.sec.gov/Archives/edgar/data/912595/000095017023055620/0000950170-23-055620-index.htm",
    "finalLink": "https://www.sec.gov/Archives/edgar/data/912595/000095017023055620/maa-20230930.htm"
  },
  {
    "date": "2023-06-30",
    "symbol": "MAA",
    "reportedCurrency": "USD",
    "cik": "0000912595",
    "fillingDate": "2023-07-27",
    "acceptedDate": "2023-07-27 16:17:24",
    "calendarYear": "2023",
    "period": "Q2",
    "revenue": 535146000,
    "costOfRevenue": 349396000,
    "grossProfit": 185750000,
    "grossProfitRatio": 0.3471015386,
    "researchAndDevelopmentExpenses": 0,
    "generalAndAdministrativeExpenses": 13882000,
    "sellingAndMarketingExpenses": 0,
    "sellingGeneralAndAdministrativeExpenses": 13882000,
    "otherExpenses": 0,
    "operatingExpenses": 13882000,
    "costAndExpenses": 363278000,
    "interestIncome": 0,
    "interestExpense": 36723000,
    "depreciationAndAmortization": 139176000,
    "ebitda": 328035000,
    "ebitdaratio": 0.6129822516,
    "operatingIncome": 171868000,
    "operatingIncomeRatio": 0.3211609542,
    "totalOtherIncomeExpensesNet": -19732000,
    "incomeBeforeTax": 152136000,
    "incomeBeforeTaxRatio": 0.2842887735,
    "incomeTaxExpense": 2861000,
    "netIncome": 145688000,
    "netIncomeRatio": 0.2722397252,
    "eps": 1.24,
    "epsdiluted": 1.24,
    "weightedAverageShsOut": 116621000,
    "weightedAverageShsOutDil": 116725000,
    "link": "https://www.sec.gov/Archives/edgar/data/912595/000095017023035158/0000950170-23-035158-index.htm",
    "finalLink": "https://www.sec.gov/Archives/edgar/data/912595/000095017023035158/maa-20230630.htm"
  },
  {
    "date": "2023-03-31",
    "symbol": "MAA",
    "reportedCurrency": "USD",
    "cik": "0000912595",
    "fillingDate": "2023-04-27",
    "acceptedDate": "2023-04-27 16:15:56",
    "calendarYear": "2023",
    "period": "Q1",
    "revenue": 529033000,
    "costOfRevenue": 339232000,
    "grossProfit": 189801000,
    "grossProfitRatio": 0.3587696798,
    "researchAndDevelopmentExpenses": 0,
    "generalAndAdministrativeExpenses": 15923000,
    "sellingAndMarketingExpenses": 0,
    "sellingGeneralAndAdministrativeExpenses": 15923000,
    "otherExpenses": 0,
    "operatingExpenses": 15923000,
    "costAndExpenses": 355155000,
    "interestIncome": 0,
    "interestExpense": 37281000,
    "depreciationAndAmortization": 138758000,
    "ebitda": 316172000,
    "ebitdaratio": 0.597641357,
    "operatingIncome": 173878000,
    "operatingIncomeRatio": 0.3286713683,
    "totalOtherIncomeExpensesNet": -33745000,
    "incomeBeforeTax": 140133000,
    "incomeBeforeTaxRatio": 0.2648851773,
    "incomeTaxExpense": 944000,
    "netIncome": 135910000,
    "netIncomeRatio": 0.2569026885,
    "eps": 1.16,
    "epsdiluted": 1.16,
    "weightedAverageShsOut": 116182000,
    "weightedAverageShsOutDil": 116402000,
    "link": "https://www.sec.gov/Archives/edgar/data/912595/000095017023015283/0000950170-23-015283-index.htm",
    "finalLink": "https://www.sec.gov/Archives/edgar/data/912595/000095017023015283/maa-20230331.htm"
  },
  {
    "date": "2022-12-31",
    "symbol": "MAA",
    "reportedCurrency": "USD",
    "cik": "0000912595",
    "fillingDate": "2023-02-14",
    "acceptedDate": "2023-02-14 16:07:25",
    "calendarYear": "2022",
    "period": "Q4",
    "revenue": 527965000,
    "costOfRevenue": 336445000,
    "grossProfit": 191520000,
    "grossProfitRatio": 0.3627513187,
    "researchAndDevelopmentExpenses": 0,
    "generalAndAdministrativeExpenses": 14742000,
    "sellingAndMarketingExpenses": 0,
    "sellingGeneralAndAdministrativeExpenses": 14742000,
    "otherExpenses": 0,
    "operatingExpenses": 14742000,
    "costAndExpenses": 351187000,
    "interestIncome": 0,
    "interestExpense": 38084000,
    "depreciationAndAmortization": 138592000,
    "ebitda": 374704000,
    "ebitdaratio": 0.7097137121,
    "operatingIncome": 176778000,
    "operatingIncomeRatio": 0.3348290133,
    "totalOtherIncomeExpensesNet": 21250000,
    "incomeBeforeTax": 198028000,
    "incomeBeforeTaxRatio": 0.3750778934,
    "incomeTaxExpense": -458000,
    "netIncome": 193621000,
    "netIncomeRatio": 0.3667307492,
    "eps": 1.67,
    "epsdiluted": 1.67,
    "weightedAverageShsOut": 115398000,
    "weightedAverageShsOutDil": 115649000,
    "link": "https://www.sec.gov/Archives/edgar/data/912595/000095017023002778/0000950170-23-002778-index.htm",
    "finalLink": "https://www.sec.gov/Archives/edgar/data/912595/000095017023002778/maa-20221231.htm"
  },
  {
    "date": "2022-09-30",
    "symbol": "MAA",
    "reportedCurrency": "USD",
    "cik": "0000912595",
    "fillingDate": "2022-10-27",
    "acceptedDate": "2022-10-27 16:16:48",
    "calendarYear": "2022",
    "period": "Q3",
    "revenue": 520783000,
    "costOfRevenue": 344564000,
    "grossProfit": 176219000,
    "grossProfitRatio": 0.3383731804,
    "researchAndDevelopmentExpenses": 0,
    "generalAndAdministrativeExpenses": 12188000,
    "sellingAndMarketingExpenses": 0,
    "sellingGeneralAndAdministrativeExpenses": 12188000,
    "otherExpenses": 0,
    "operatingExpenses": 12188000,
    "costAndExpenses": 356752000,
    "interestIncome": 0,
    "interestExpense": 38637000,
    "depreciationAndAmortization": 137023000,
    "ebitda": 299766000,
    "ebitdaratio": 0.5756063466,
    "operatingIncome": 164031000,
    "operatingIncomeRatio": 0.3149699587,
    "totalOtherIncomeExpensesNet": -39925000,
    "incomeBeforeTax": 124106000,
    "incomeBeforeTaxRatio": 0.2383065499,
    "incomeTaxExpense": -1256000,
    "netIncome": 122311000,
    "netIncomeRatio": 0.2348598169,
    "eps": 1.05,
    "epsdiluted": 1.05,
    "weightedAverageShsOut": 115363000,
    "weightedAverageShsOutDil": 115568000,
    "link": "https://www.sec.gov/Archives/edgar/data/912595/000095017022020325/0000950170-22-020325-index.htm",
    "finalLink": "https://www.sec.gov/Archives/edgar/data/912595/000095017022020325/maa-20220930.htm"
  },
  {
    "date": "2022-06-30",
    "symbol": "MAA",
    "reportedCurrency": "USD",
    "cik": "0000912595",
    "fillingDate": "2022-07-28",
    "acceptedDate": "2022-07-28 16:17:42",
    "calendarYear": "2022",
    "period": "Q2",
    "revenue": 495040000,
    "costOfRevenue": 331451000,
    "grossProfit": 163589000,
    "grossProfitRatio": 0.3304561248,
    "researchAndDevelopmentExpenses": 0,
    "generalAndAdministrativeExpenses": 15580000,
    "sellingAndMarketingExpenses": 0,
    "sellingGeneralAndAdministrativeExpenses": 15580000,
    "otherExpenses": 0,
    "operatingExpenses": 15580000,
    "costAndExpenses": 347031000,
    "interestIncome": 0,
    "interestExpense": 38905000,
    "depreciationAndAmortization": 134403000,
    "ebitda": 386407000,
    "ebitdaratio": 0.7805571267,
    "operatingIncome": 148009000,
    "operatingIncomeRatio": 0.2989839205,
    "totalOtherIncomeExpensesNet": 65090000,
    "incomeBeforeTax": 213099000,
    "incomeBeforeTaxRatio": 0.430468245,
    "incomeTaxExpense": -3052000,
    "netIncome": 210702000,
    "netIncomeRatio": 0.425626212,
    "eps": 1.82,
    "epsdiluted": 1.82,
    "weightedAverageShsOut": 115353000,
    "weightedAverageShsOutDil": 115556000,
    "link": "https://www.sec.gov/Archives/edgar/data/912595/000095017022013379/0000950170-22-013379-index.htm",
    "finalLink": "https://www.sec.gov/Archives/edgar/data/912595/000095017022013379/maa-20220630.htm"
  },
  {
    "date": "2022-03-31",
    "symbol": "MAA",
    "reportedCurrency": "USD",
    "cik": "0000912595",
    "fillingDate": "2022-04-28",
    "acceptedDate": "2022-04-28 16:04:27",
    "calendarYear": "2022",
    "period": "Q1",
    "revenue": 476078000,
    "costOfRevenue": 319695000,
    "grossProfit": 156383000,
    "grossProfitRatio": 0.3284818874,
    "researchAndDevelopmentExpenses": 0,
    "generalAndAdministrativeExpenses": 16323000,
    "sellingAndMarketingExpenses": 0,
    "sellingGeneralAndAdministrativeExpenses": 16323000,
    "otherExpenses": 0,
    "operatingExpenses": 16323000,
    "costAndExpenses": 336018000,
    "interestIncome": 0,
    "interestExpense": 39121000,
    "depreciationAndAmortization": 133986000,
    "ebitda": 284863000,
    "ebitdaratio": 0.5983536311,
    "operatingIncome": 140060000,
    "operatingIncomeRatio": 0.294195489,
    "totalOtherIncomeExpensesNet": -28304000,
    "incomeBeforeTax": 111756000,
    "incomeBeforeTaxRatio": 0.2347430463,
    "incomeTaxExpense": -1442000,
    "netIncome": 110802000,
    "netIncomeRatio": 0.232739173,
    "eps": 0.95,
    "epsdiluted": 0.95,
    "weightedAverageShsOut": 115259000,
    "weightedAverageShsOutDil": 115718000,
    "link": "https://www.sec.gov/Archives/edgar/data/912595/000095017022006524/0000950170-22-006524-index.htm",
    "finalLink": "https://www.sec.gov/Archives/edgar/data/912595/000095017022006524/maa-20220331.htm"
  },
  {
    "date": "2021-12-31",
    "symbol": "MAA",
    "reportedCurrency": "USD",
    "cik": "0000912595",
    "fillingDate": "2022-02-17",
    "acceptedDate": "2022-02-17 16:11:36",
    "calendarYear": "2021",
    "period": "Q4",
    "revenue": 463575000,
    "costOfRevenue": 317803000,
    "grossProfit": 145772000,
    "grossProfitRatio": 0.3144518147,
    "researchAndDevelopmentExpenses": 0,
    "generalAndAdministrativeExpenses": 14121000,
    "sellingAndMarketingExpenses": 0,
    "sellingGeneralAndAdministrativeExpenses": 14121000,
    "otherExpenses": 0,
    "operatingExpenses": 14121000,
    "costAndExpenses": 331924000,
    "interestIncome": 0,
    "interestExpense": 39108000,
    "depreciationAndAmortization": 135737000,
    "ebitda": 373255000,
    "ebitdaratio": 0.8051663701,
    "operatingIncome": 131651000,
    "operatingIncomeRatio": 0.2839907243,
    "totalOtherIncomeExpensesNet": 66759000,
    "incomeBeforeTax": 198410000,
    "incomeBeforeTaxRatio": 0.4279997843,
    "incomeTaxExpense": 7790000,
    "netIncome": 185641000,
    "netIncomeRatio": 0.4004551583,
    "eps": 1.6,
    "epsdiluted": 1.6,
    "weightedAverageShsOut": 115158000,
    "weightedAverageShsOutDil": 115616000,
    "link": "https://www.sec.gov/Archives/edgar/data/912595/000095017022001423/0000950170-22-001423-index.htm",
    "finalLink": "https://www.sec.gov/Archives/edgar/data/912595/000095017022001423/maa-20211231.htm"
  },
  {
    "date": "2021-09-30",
    "symbol": "MAA",
    "reportedCurrency": "USD",
    "cik": "0000912595",
    "fillingDate": "2021-10-28",
    "acceptedDate": "2021-10-28 16:29:19",
    "calendarYear": "2021",
    "period": "Q3",
    "revenue": 452575000,
    "costOfRevenue": 321280000,
    "grossProfit": 131295000,
    "grossProfitRatio": 0.2901066122,
    "researchAndDevelopmentExpenses": 0,
    "generalAndAdministrativeExpenses": 12670000,
    "sellingAndMarketingExpenses": 0,
    "sellingGeneralAndAdministrativeExpenses": 12670000,
    "otherExpenses": 0,
    "operatingExpenses": 12670000,
    "costAndExpenses": 333950000,
    "interestIncome": 0,
    "interestExpense": 39234000,
    "depreciationAndAmortization": 134766000,
    "ebitda": 263592000,
    "ebitdaratio": 0.582427222,
    "operatingIncome": 118625000,
    "operatingIncomeRatio": 0.2621112523,
    "totalOtherIncomeExpensesNet": -29033000,
    "incomeBeforeTax": 89592000,
    "incomeBeforeTaxRatio": 0.197960559,
    "incomeTaxExpense": 2803000,
    "netIncome": 84479000,
    "netIncomeRatio": 0.186662984,
    "eps": 0.73,
    "epsdiluted": 0.73,
    "weightedAverageShsOut": 114933000,
    "weightedAverageShsOutDil": 115229000,
    "link": "https://www.sec.gov/Archives/edgar/data/912595/000095017021002470/0000950170-21-002470-index.htm",
    "finalLink": "https://www.sec.gov/Archives/edgar/data/912595/000095017021002470/maa-20210930.htm"
  },
  {
    "date": "2021-06-30",
    "symbol": "MAA",
    "reportedCurrency": "USD",
    "cik": "0000912595",
    "fillingDate": "2021-07-29",
    "acceptedDate": "2021-07-29 16:02:29",
    "calendarYear": "2021",
    "period": "Q2",
    "revenue": 436927000,
    "costOfRevenue": 314337000,
    "grossProfit": 122590000,
    "grossProfitRatio": 0.280573185,
    "researchAndDevelopmentExpenses": 0,
    "generalAndAdministrativeExpenses": 13114000,
    "sellingAndMarketingExpenses": 0,
    "sellingGeneralAndAdministrativeExpenses": 13114000,
    "otherExpenses": 0,
    "operatingExpenses": 13114000,
    "costAndExpenses": 327451000,
    "interestIncome": 0,
    "interestExpense": 38867000,
    "depreciationAndAmortization": 132092000,
    "ebitda": 396554000,
    "ebitdaratio": 0.9075978367,
    "operatingIncome": 109476000,
    "operatingIncomeRatio": 0.2505590179,
    "totalOtherIncomeExpensesNet": 116119000,
    "incomeBeforeTax": 225595000,
    "incomeBeforeTaxRatio": 0.5163219485,
    "incomeTaxExpense": 2045000,
    "netIncome": 216478000,
    "netIncomeRatio": 0.4954557626,
    "eps": 1.88,
    "epsdiluted": 1.88,
    "weightedAverageShsOut": 114494000,
    "weightedAverageShsOutDil": 114812000,
    "link": "https://www.sec.gov/Archives/edgar/data/912595/000156459021039113/0001564590-21-039113-index.htm",
    "finalLink": "https://www.sec.gov/Archives/edgar/data/912595/000156459021039113/maa-10q_20210630.htm"
  },
  {
    "date": "2021-03-31",
    "symbol": "MAA",
    "reportedCurrency": "USD",
    "cik": "0000912595",
    "fillingDate": "2021-04-29",
    "acceptedDate": "2021-04-29 16:13:14",
    "calendarYear": "2021",
    "period": "Q1",
    "revenue": 425005000,
    "costOfRevenue": 175407000,
    "grossProfit": 249598000,
    "grossProfitRatio": 0.5872825026,
    "researchAndDevelopmentExpenses": 0,
    "generalAndAdministrativeExpenses": 0,
    "sellingAndMarketingExpenses": 0,
    "sellingGeneralAndAdministrativeExpenses": 12979000,
    "otherExpenses": 0,
    "operatingExpenses": 12979000,
    "costAndExpenses": 188386000,
    "interestIncome": 0,
    "interestExpense": 39672000,
    "depreciationAndAmortization": 131820000,
    "ebitda": 236936000,
    "ebitdaratio": 0.5574899119,
    "operatingIncome": 236619000,
    "operatingIncomeRatio": 0.5567440383,
    "totalOtherIncomeExpensesNet": -186756000,
    "incomeBeforeTax": 49863000,
    "incomeBeforeTaxRatio": 0.1173233256,
    "incomeTaxExpense": 999000,
    "netIncome": 47139000,
    "netIncomeRatio": 0.1109139892,
    "eps": 0.4,
    "epsdiluted": 0.4,
    "weightedAverageShsOut": 114263000,
    "weightedAverageShsOutDil": 114575000,
    "link": "https://www.sec.gov/Archives/edgar/data/912595/000156459021021961/0001564590-21-021961-index.htm",
    "finalLink": "https://www.sec.gov/Archives/edgar/data/912595/000156459021021961/maa-10q_20210331.htm"
  },
  {
    "date": "2020-12-31",
    "symbol": "MAA",
    "reportedCurrency": "USD",
    "cik": "0000912595",
    "fillingDate": "2021-02-18",
    "acceptedDate": "2021-02-18 16:13:26",
    "calendarYear": "2020",
    "period": "Q4",
    "revenue": 423661000,
    "costOfRevenue": 302835000,
    "grossProfit": 120826000,
    "grossProfitRatio": 0.2851950026,
    "researchAndDevelopmentExpenses": 0,
    "generalAndAdministrativeExpenses": 11677000,
    "sellingAndMarketingExpenses": 0,
    "sellingGeneralAndAdministrativeExpenses": 11677000,
    "otherExpenses": 0,
    "operatingExpenses": 11677000,
    "costAndExpenses": 314512000,
    "interestIncome": 0,
    "interestExpense": 40952000,
    "depreciationAndAmortization": 129740000,
    "ebitda": 257438000,
    "ebitdaratio": 0.6076509285,
    "operatingIncome": 109149000,
    "operatingIncomeRatio": 0.2576328716,
    "totalOtherIncomeExpensesNet": -22403000,
    "incomeBeforeTax": 86746000,
    "incomeBeforeTaxRatio": 0.2047533287,
    "incomeTaxExpense": 795000,
    "netIncome": 83342000,
    "netIncomeRatio": 0.1967186028,
    "eps": 0.72,
    "epsdiluted": 0.72,
    "weightedAverageShsOut": 114220000,
    "weightedAverageShsOutDil": 114535000,
    "link": "https://www.sec.gov/Archives/edgar/data/912595/000156459021006666/0001564590-21-006666-index.htm",
    "finalLink": "https://www.sec.gov/Archives/edgar/data/912595/000156459021006666/maa-10k_20201231.htm"
  },
  {
    "date": "2020-09-30",
    "symbol": "MAA",
    "reportedCurrency": "USD",
    "cik": "0000912595",
    "fillingDate": "2020-10-29",
    "acceptedDate": "2020-10-29 16:13:37",
    "calendarYear": "2020",
    "period": "Q3",
    "revenue": 423199000,
    "costOfRevenue": 182505000,
    "grossProfit": 240694000,
    "grossProfitRatio": 0.568748981,
    "researchAndDevelopmentExpenses": 0,
    "generalAndAdministrativeExpenses": 0,
    "sellingAndMarketingExpenses": 0,
    "sellingGeneralAndAdministrativeExpenses": 11360000,
    "otherExpenses": 0,
    "operatingExpenses": 11360000,
    "costAndExpenses": 193865000,
    "interestIncome": 0,
    "interestExpense": 41010000,
    "depreciationAndAmortization": 127833000,
    "ebitda": 229488000,
    "ebitdaratio": 0.5422697124,
    "operatingIncome": 229334000,
    "operatingIncomeRatio": 0.5419058174,
    "totalOtherIncomeExpensesNet": -166633000,
    "incomeBeforeTax": 62701000,
    "incomeBeforeTaxRatio": 0.1481596129,
    "incomeTaxExpense": 665000,
    "netIncome": 59832000,
    "netIncomeRatio": 0.1413802963,
    "eps": 0.52,
    "epsdiluted": 0.52,
    "weightedAverageShsOut": 114216000,
    "weightedAverageShsOutDil": 114468000,
    "link": "https://www.sec.gov/Archives/edgar/data/912595/000156459020048861/0001564590-20-048861-index.htm",
    "finalLink": "https://www.sec.gov/Archives/edgar/data/912595/000156459020048861/maa-10q_20200930.htm"
  },
  {
    "date": "2020-06-30",
    "symbol": "MAA",
    "reportedCurrency": "USD",
    "cik": "0000912595",
    "fillingDate": "2020-07-30",
    "acceptedDate": "2020-07-30 20:13:19",
    "calendarYear": "2020",
    "period": "Q2",
    "revenue": 413026000,
    "costOfRevenue": 169201000,
    "grossProfit": 243825000,
    "grossProfitRatio": 0.5903381385,
    "researchAndDevelopmentExpenses": 0,
    "generalAndAdministrativeExpenses": 10557000,
    "sellingAndMarketingExpenses": 0,
    "sellingGeneralAndAdministrativeExpenses": 10557000,
    "otherExpenses": 0,
    "operatingExpenses": 10557000,
    "costAndExpenses": 179758000,
    "interestIncome": 0,
    "interestExpense": 42118000,
    "depreciationAndAmortization": 127448000,
    "ebitda": 233526000,
    "ebitdaratio": 0.5654026623,
    "operatingIncome": 233268000,
    "operatingIncomeRatio": 0.5647780043,
    "totalOtherIncomeExpensesNet": -154340000,
    "incomeBeforeTax": 78928000,
    "incomeBeforeTaxRatio": 0.1910969285,
    "incomeTaxExpense": 1200000,
    "netIncome": 75062000,
    "netIncomeRatio": 0.181736743,
    "eps": 0.65,
    "epsdiluted": 0.65,
    "weightedAverageShsOut": 114204000,
    "weightedAverageShsOutDil": 114438000,
    "link": "https://www.sec.gov/Archives/edgar/data/912595/000156459020034861/0001564590-20-034861-index.htm",
    "finalLink": "https://www.sec.gov/Archives/edgar/data/912595/000156459020034861/maa-10q_20200630.htm"
  },
  {
    "date": "2020-03-31",
    "symbol": "MAA",
    "reportedCurrency": "USD",
    "cik": "0000912595",
    "fillingDate": "2020-05-07",
    "acceptedDate": "2020-05-07 16:19:06",
    "calendarYear": "2020",
    "period": "Q1",
    "revenue": 418098000,
    "costOfRevenue": 167815000,
    "grossProfit": 250283000,
    "grossProfitRatio": 0.5986228109,
    "researchAndDevelopmentExpenses": 0,
    "generalAndAdministrativeExpenses": 0,
    "sellingAndMarketingExpenses": 0,
    "sellingGeneralAndAdministrativeExpenses": 13264000,
    "otherExpenses": 0,
    "operatingExpenses": 13264000,
    "costAndExpenses": 181079000,
    "interestIncome": 0,
    "interestExpense": 43482000,
    "depreciationAndAmortization": 126657000,
    "ebitda": 237288000,
    "ebitdaratio": 0.5675415812,
    "operatingIncome": 237019000,
    "operatingIncomeRatio": 0.5668981913,
    "totalOtherIncomeExpensesNet": -198400000,
    "incomeBeforeTax": 38619000,
    "incomeBeforeTaxRatio": 0.0923682964,
    "incomeTaxExpense": 667000,
    "netIncome": 36598000,
    "netIncomeRatio": 0.0875345015,
    "eps": 0.31,
    "epsdiluted": 0.31,
    "weightedAverageShsOut": 114111000,
    "weightedAverageShsOutDil": 114494000,
    "link": "https://www.sec.gov/Archives/edgar/data/912595/000156459020022883/0001564590-20-022883-index.htm",
    "finalLink": "https://www.sec.gov/Archives/edgar/data/912595/000156459020022883/maa-10q_20200331.htm"
  },
  {
    "date": "2019-12-31",
    "symbol": "MAA",
    "reportedCurrency": "USD",
    "cik": "0000912595",
    "fillingDate": "2020-02-20",
    "acceptedDate": "2020-02-20 16:49:53",
    "calendarYear": "2019",
    "period": "Q4",
    "revenue": 416817000,
    "costOfRevenue": 289029000,
    "grossProfit": 127788000,
    "grossProfitRatio": 0.3065805857,
    "researchAndDevelopmentExpenses": 0,
    "generalAndAdministrativeExpenses": 10885000,
    "sellingAndMarketingExpenses": 0,
    "sellingGeneralAndAdministrativeExpenses": 10885000,
    "otherExpenses": 0,
    "operatingExpenses": 10885000,
    "costAndExpenses": 299914000,
    "interestIncome": 0,
    "interestExpense": 43698000,
    "depreciationAndAmortization": 125580000,
    "ebitda": 324776000,
    "ebitdaratio": 0.7791812714,
    "operatingIncome": 116903000,
    "operatingIncomeRatio": 0.2804660079,
    "totalOtherIncomeExpensesNet": 38595000,
    "incomeBeforeTax": 155498000,
    "incomeBeforeTaxRatio": 0.3730605997,
    "incomeTaxExpense": 882000,
    "netIncome": 149589000,
    "netIncomeRatio": 0.3588841146,
    "eps": 1.3,
    "epsdiluted": 1.3,
    "weightedAverageShsOut": 113967000,
    "weightedAverageShsOutDil": 114309000,
    "link": "https://www.sec.gov/Archives/edgar/data/912595/000156459020005582/0001564590-20-005582-index.htm",
    "finalLink": "https://www.sec.gov/Archives/edgar/data/912595/000156459020005582/maa-10k_20191231.htm"
  },
  {
    "date": "2019-09-30",
    "symbol": "MAA",
    "reportedCurrency": "USD",
    "cik": "0000912595",
    "fillingDate": "2019-10-31",
    "acceptedDate": "2019-10-31 16:02:50",
    "calendarYear": "2019",
    "period": "Q3",
    "revenue": 415632000,
    "costOfRevenue": 298122000,
    "grossProfit": 117510000,
    "grossProfitRatio": 0.2827260654,
    "researchAndDevelopmentExpenses": 0,
    "generalAndAdministrativeExpenses": 10225000,
    "sellingAndMarketingExpenses": 0,
    "sellingGeneralAndAdministrativeExpenses": 10225000,
    "otherExpenses": 0,
    "operatingExpenses": 10225000,
    "costAndExpenses": 308347000,
    "interestIncome": 0,
    "interestExpense": 44513000,
    "depreciationAndAmortization": 124944000,
    "ebitda": 252029000,
    "ebitdaratio": 0.6063753513,
    "operatingIncome": 107285000,
    "operatingIncomeRatio": 0.2581249759,
    "totalOtherIncomeExpensesNet": -24713000,
    "incomeBeforeTax": 82572000,
    "incomeBeforeTaxRatio": 0.1986661277,
    "incomeTaxExpense": 1491000,
    "netIncome": 78645000,
    "netIncomeRatio": 0.1892178658,
    "eps": 0.68,
    "epsdiluted": 0.68,
    "weightedAverageShsOut": 113877000,
    "weightedAverageShsOutDil": 114137000,
    "link": "https://www.sec.gov/Archives/edgar/data/912595/000156459019039130/0001564590-19-039130-index.htm",
    "finalLink": "https://www.sec.gov/Archives/edgar/data/912595/000156459019039130/maa-10q_20190930.htm"
  },
  {
    "date": "2019-06-30",
    "symbol": "MAA",
    "reportedCurrency": "USD",
    "cik": "0000912595",
    "fillingDate": "2019-08-01",
    "acceptedDate": "2019-08-01 16:09:13",
    "calendarYear": "2019",
    "period": "Q2",
    "revenue": 407390000,
    "costOfRevenue": 291540000,
    "grossProfit": 115850000,
    "grossProfitRatio": 0.2843712413,
    "researchAndDevelopmentExpenses": 0,
    "generalAndAdministrativeExpenses": 10398000,
    "sellingAndMarketingExpenses": 0,
    "sellingGeneralAndAdministrativeExpenses": 10398000,
    "otherExpenses": 0,
    "operatingExpenses": 10398000,
    "costAndExpenses": 301938000,
    "interestIncome": 0,
    "interestExpense": 45936000,
    "depreciationAndAmortization": 124184000,
    "ebitda": 234508000,
    "ebitdaratio": 0.5756351408,
    "operatingIncome": 105452000,
    "operatingIncomeRatio": 0.2588477871,
    "totalOtherIncomeExpensesNet": -41064000,
    "incomeBeforeTax": 64388000,
    "incomeBeforeTaxRatio": 0.1580500258,
    "incomeTaxExpense": 682000,
    "netIncome": 61917000,
    "netIncomeRatio": 0.1519845848,
    "eps": 0.53,
    "epsdiluted": 0.53,
    "weightedAverageShsOut": 113838000,
    "weightedAverageShsOutDil": 114087000,
    "link": "https://www.sec.gov/Archives/edgar/data/912595/000156459019027950/0001564590-19-027950-index.htm",
    "finalLink": "https://www.sec.gov/Archives/edgar/data/912595/000156459019027950/maa-10q_20190630.htm"
  },
  {
    "date": "2019-03-31",
    "symbol": "MAA",
    "reportedCurrency": "USD",
    "cik": "0000912595",
    "fillingDate": "2019-05-03",
    "acceptedDate": "2019-05-02 17:55:52",
    "calendarYear": "2019",
    "period": "Q1",
    "revenue": 401178000,
    "costOfRevenue": 286008000,
    "grossProfit": 115170000,
    "grossProfitRatio": 0.2870795507,
    "researchAndDevelopmentExpenses": 0,
    "generalAndAdministrativeExpenses": 12337000,
    "sellingAndMarketingExpenses": 0,
    "sellingGeneralAndAdministrativeExpenses": 12337000,
    "otherExpenses": 0,
    "operatingExpenses": 12337000,
    "costAndExpenses": 298345000,
    "interestIncome": 0,
    "interestExpense": 45700000,
    "depreciationAndAmortization": 123082000,
    "ebitda": 234984000,
    "ebitdaratio": 0.5857350104,
    "operatingIncome": 102833000,
    "operatingIncomeRatio": 0.2563276152,
    "totalOtherIncomeExpensesNet": -36631000,
    "incomeBeforeTax": 66202000,
    "incomeBeforeTaxRatio": 0.165019019,
    "incomeTaxExpense": 641000,
    "netIncome": 63660000,
    "netIncomeRatio": 0.1586826795,
    "eps": 0.55,
    "epsdiluted": 0.55,
    "weightedAverageShsOut": 113726000,
    "weightedAverageShsOutDil": 113933000,
    "link": "https://www.sec.gov/Archives/edgar/data/912595/000091259519000025/0000912595-19-000025-index.htm",
    "finalLink": "https://www.sec.gov/Archives/edgar/data/912595/000091259519000025/maa3311910-q.htm"
  },
  {
    "date": "2018-12-31",
    "symbol": "MAA",
    "reportedCurrency": "USD",
    "cik": "0000912595",
    "fillingDate": "2019-02-21",
    "acceptedDate": "2019-02-21 17:25:24",
    "calendarYear": "2018",
    "period": "Q4",
    "revenue": 398148000,
    "costOfRevenue": 280309000,
    "grossProfit": 117839000,
    "grossProfitRatio": 0.2959678311,
    "researchAndDevelopmentExpenses": 0,
    "generalAndAdministrativeExpenses": 9063000,
    "sellingAndMarketingExpenses": 0,
    "sellingGeneralAndAdministrativeExpenses": 9063000,
    "otherExpenses": 0,
    "operatingExpenses": 9063000,
    "costAndExpenses": 289372000,
    "interestIncome": 0,
    "interestExpense": 44454000,
    "depreciationAndAmortization": 121772000,
    "ebitda": 229952000,
    "ebitdaratio": 0.5775540754,
    "operatingIncome": 108776000,
    "operatingIncomeRatio": 0.2732049389,
    "totalOtherIncomeExpensesNet": -45050000,
    "incomeBeforeTax": 63726000,
    "incomeBeforeTaxRatio": 0.1600560596,
    "incomeTaxExpense": 785000,
    "netIncome": 61282000,
    "netIncomeRatio": 0.1539176387,
    "eps": 0.53,
    "epsdiluted": 0.53,
    "weightedAverageShsOut": 113690000,
    "weightedAverageShsOutDil": 113880000,
    "link": "https://www.sec.gov/Archives/edgar/data/912595/000091259519000015/0000912595-19-000015-index.htm",
    "finalLink": "https://www.sec.gov/Archives/edgar/data/912595/000091259519000015/maa12312018-10k.htm"
  },
  {
    "date": "2018-09-30",
    "symbol": "MAA",
    "reportedCurrency": "USD",
    "cik": "0000912595",
    "fillingDate": "2018-11-01",
    "acceptedDate": "2018-11-01 16:41:48",
    "calendarYear": "2018",
    "period": "Q3",
    "revenue": 397108000,
    "costOfRevenue": 290592000,
    "grossProfit": 106516000,
    "grossProfitRatio": 0.2682292978,
    "researchAndDevelopmentExpenses": 0,
    "generalAndAdministrativeExpenses": 6380000,
    "sellingAndMarketingExpenses": 0,
    "sellingGeneralAndAdministrativeExpenses": 6380000,
    "otherExpenses": 0,
    "operatingExpenses": 8258000,
    "costAndExpenses": 298850000,
    "interestIncome": 0,
    "interestExpense": 44650000,
    "depreciationAndAmortization": 124702000,
    "ebitda": 224270000,
    "ebitdaratio": 0.5647582018,
    "operatingIncome": 98258000,
    "operatingIncomeRatio": 0.2474339474,
    "totalOtherIncomeExpensesNet": -43340000,
    "incomeBeforeTax": 54918000,
    "incomeBeforeTaxRatio": 0.1382948719,
    "incomeTaxExpense": 616000,
    "netIncome": 52791000,
    "netIncomeRatio": 0.1329386464,
    "eps": 0.46,
    "epsdiluted": 0.46,
    "weightedAverageShsOut": 113671000,
    "weightedAverageShsOutDil": 113910000,
    "link": "https://www.sec.gov/Archives/edgar/data/912595/000091259518000056/0000912595-18-000056-index.htm",
    "finalLink": "https://www.sec.gov/Archives/edgar/data/912595/000091259518000056/maa930201810-q.htm"
  },
  {
    "date": "2018-06-30",
    "symbol": "MAA",
    "reportedCurrency": "USD",
    "cik": "0000912595",
    "fillingDate": "2018-08-02",
    "acceptedDate": "2018-08-02 15:21:06",
    "calendarYear": "2018",
    "period": "Q2",
    "revenue": 390073000,
    "costOfRevenue": 283051000,
    "grossProfit": 107022000,
    "grossProfitRatio": 0.2743640293,
    "researchAndDevelopmentExpenses": 0,
    "generalAndAdministrativeExpenses": 9211000,
    "sellingAndMarketingExpenses": 0,
    "sellingGeneralAndAdministrativeExpenses": 9211000,
    "otherExpenses": 0,
    "operatingExpenses": 12037000,
    "costAndExpenses": 295088000,
    "interestIncome": 0,
    "interestExpense": 43585000,
    "depreciationAndAmortization": 123160000,
    "ebitda": 228940000,
    "ebitdaratio": 0.5869157824,
    "operatingIncome": 94985000,
    "operatingIncomeRatio": 0.2435057028,
    "totalOtherIncomeExpensesNet": -32790000,
    "incomeBeforeTax": 62195000,
    "incomeBeforeTaxRatio": 0.1594445142,
    "incomeTaxExpense": 570000,
    "netIncome": 59807000,
    "netIncomeRatio": 0.1533225832,
    "eps": 0.52,
    "epsdiluted": 0.52,
    "weightedAverageShsOut": 113646000,
    "weightedAverageShsOutDil": 113853000,
    "link": "https://www.sec.gov/Archives/edgar/data/912595/000091259518000041/0000912595-18-000041-index.htm",
    "finalLink": "https://www.sec.gov/Archives/edgar/data/912595/000091259518000041/maa630201810-q.htm"
  },
  {
    "date": "2018-03-31",
    "symbol": "MAA",
    "reportedCurrency": "USD",
    "cik": "0000912595",
    "fillingDate": "2018-05-03",
    "acceptedDate": "2018-05-03 15:44:45",
    "calendarYear": "2018",
    "period": "Q1",
    "revenue": 386017000,
    "costOfRevenue": 278028000,
    "grossProfit": 107989000,
    "grossProfitRatio": 0.279751928,
    "researchAndDevelopmentExpenses": 0,
    "generalAndAdministrativeExpenses": 10132000,
    "sellingAndMarketingExpenses": 0,
    "sellingGeneralAndAdministrativeExpenses": 10132000,
    "otherExpenses": 0,
    "operatingExpenses": 13931000,
    "costAndExpenses": 291959000,
    "interestIncome": 0,
    "interestExpense": 40905000,
    "depreciationAndAmortization": 121361000,
    "ebitda": 213228000,
    "ebitdaratio": 0.5523798175,
    "operatingIncome": 94058000,
    "operatingIncomeRatio": 0.2436628439,
    "totalOtherIncomeExpensesNet": -43096000,
    "incomeBeforeTax": 50962000,
    "incomeBeforeTaxRatio": 0.1320200924,
    "incomeTaxExpense": 640000,
    "netIncome": 49019000,
    "netIncomeRatio": 0.1269866353,
    "eps": 0.42,
    "epsdiluted": 0.42,
    "weightedAverageShsOut": 113507000,
    "weightedAverageShsOutDil": 113507000,
    "link": "https://www.sec.gov/Archives/edgar/data/912595/000091259518000026/0000912595-18-000026-index.htm",
    "finalLink": "https://www.sec.gov/Archives/edgar/data/912595/000091259518000026/maa331201810-q.htm"
  },
  {
    "date": "2017-12-31",
    "symbol": "MAA",
    "reportedCurrency": "USD",
    "cik": "0000912595",
    "fillingDate": "2018-02-23",
    "acceptedDate": "2018-02-22 19:05:43",
    "calendarYear": "2017",
    "period": "Q4",
    "revenue": 382738000,
    "costOfRevenue": 271314000,
    "grossProfit": 111424000,
    "grossProfitRatio": 0.2911234317,
    "researchAndDevelopmentExpenses": 0,
    "generalAndAdministrativeExpenses": 9459000,
    "sellingAndMarketingExpenses": 0,
    "sellingGeneralAndAdministrativeExpenses": 9459000,
    "otherExpenses": 0,
    "operatingExpenses": 14951000,
    "costAndExpenses": 286265000,
    "interestIncome": 0,
    "interestExpense": 0,
    "depreciationAndAmortization": 119593000,
    "ebitda": 287706000,
    "ebitdaratio": 0.7517048216,
    "operatingIncome": 96473000,
    "operatingIncomeRatio": 0.252060156,
    "totalOtherIncomeExpensesNet": 31894000,
    "incomeBeforeTax": 128367000,
    "incomeBeforeTaxRatio": 0.3353913121,
    "incomeTaxExpense": 709000,
    "netIncome": 123450000,
    "netIncomeRatio": 0.3225444037,
    "eps": 1.08,
    "epsdiluted": 1.08,
    "weightedAverageShsOut": 113453000,
    "weightedAverageShsOutDil": 113719000,
    "link": "https://www.sec.gov/Archives/edgar/data/912595/000091259518000011/0000912595-18-000011-index.htm",
    "finalLink": "https://www.sec.gov/Archives/edgar/data/912595/000091259518000011/maa12312017-10k.htm"
  },
  {
    "date": "2017-09-30",
    "symbol": "MAA",
    "reportedCurrency": "USD",
    "cik": "0000912595",
    "fillingDate": "2017-10-26",
    "acceptedDate": "2017-10-26 15:17:45",
    "calendarYear": "2017",
    "period": "Q3",
    "revenue": 384550000,
    "costOfRevenue": 277388000,
    "grossProfit": 107162000,
    "grossProfitRatio": 0.2786685737,
    "researchAndDevelopmentExpenses": 0,
    "generalAndAdministrativeExpenses": 8361000,
    "sellingAndMarketingExpenses": 0,
    "sellingGeneralAndAdministrativeExpenses": 8361000,
    "otherExpenses": 0,
    "operatingExpenses": 12491000,
    "costAndExpenses": 289879000,
    "interestIncome": 4303000,
    "interestExpense": 39940000,
    "depreciationAndAmortization": 118075000,
    "ebitda": 277279000,
    "ebitdaratio": 0.7210479782,
    "operatingIncome": 94671000,
    "operatingIncomeRatio": 0.2461864517,
    "totalOtherIncomeExpensesNet": 24593000,
    "incomeBeforeTax": 119264000,
    "incomeBeforeTaxRatio": 0.3101391237,
    "incomeTaxExpense": 641000,
    "netIncome": 114709000,
    "netIncomeRatio": 0.29829411,
    "eps": 1,
    "epsdiluted": 1,
    "weightedAverageShsOut": 113434000,
    "weightedAverageShsOutDil": 113653000,
    "link": "https://www.sec.gov/Archives/edgar/data/912595/000091259517000021/0000912595-17-000021-index.htm",
    "finalLink": "https://www.sec.gov/Archives/edgar/data/912595/000091259517000021/maa930201710q.htm"
  },
  {
    "date": "2017-06-30",
    "symbol": "MAA",
    "reportedCurrency": "USD",
    "cik": "0000912595",
    "fillingDate": "2017-07-27",
    "acceptedDate": "2017-07-27 16:12:48",
    "calendarYear": "2017",
    "period": "Q2",
    "revenue": 382791000,
    "costOfRevenue": 283074000,
    "grossProfit": 99717000,
    "grossProfitRatio": 0.260499855,
    "researchAndDevelopmentExpenses": 0,
    "generalAndAdministrativeExpenses": 9534000,
    "sellingAndMarketingExpenses": 0,
    "sellingGeneralAndAdministrativeExpenses": 9534000,
    "otherExpenses": 0,
    "operatingExpenses": 13741000,
    "costAndExpenses": 296815000,
    "interestIncome": 650000,
    "interestExpense": 38481000,
    "depreciationAndAmortization": 126790000,
    "ebitda": 215715000,
    "ebitdaratio": 0.563532058,
    "operatingIncome": 85976000,
    "operatingIncomeRatio": 0.2246029818,
    "totalOtherIncomeExpensesNet": -35532000,
    "incomeBeforeTax": 50444000,
    "incomeBeforeTaxRatio": 0.1317794828,
    "incomeTaxExpense": 618000,
    "netIncome": 48315000,
    "netIncomeRatio": 0.126217701,
    "eps": 0.42,
    "epsdiluted": 0.42,
    "weightedAverageShsOut": 113403000,
    "weightedAverageShsOutDil": 113614000,
    "link": "https://www.sec.gov/Archives/edgar/data/912595/000091259517000017/0000912595-17-000017-index.htm",
    "finalLink": "https://www.sec.gov/Archives/edgar/data/912595/000091259517000017/maa630201710q.htm"
  },
  {
    "date": "2017-03-31",
    "symbol": "MAA",
    "reportedCurrency": "USD",
    "cik": "0000912595",
    "fillingDate": "2017-04-27",
    "acceptedDate": "2017-04-27 17:26:24",
    "calendarYear": "2017",
    "period": "Q1",
    "revenue": 378908000,
    "costOfRevenue": 282251000,
    "grossProfit": 96657000,
    "grossProfitRatio": 0.2550935847,
    "researchAndDevelopmentExpenses": 0,
    "generalAndAdministrativeExpenses": 12840000,
    "sellingAndMarketingExpenses": 0,
    "sellingGeneralAndAdministrativeExpenses": 12840000,
    "otherExpenses": 0,
    "operatingExpenses": 19001000,
    "costAndExpenses": 301252000,
    "interestIncome": 2679000,
    "interestExpense": 36584000,
    "depreciationAndAmortization": 130082000,
    "ebitda": 210376000,
    "ebitdaratio": 0.5552165697,
    "operatingIncome": 77656000,
    "operatingIncomeRatio": 0.2049468473,
    "totalOtherIncomeExpensesNet": -33946000,
    "incomeBeforeTax": 43710000,
    "incomeBeforeTaxRatio": 0.1153578177,
    "incomeTaxExpense": 651000,
    "netIncome": 41905000,
    "netIncomeRatio": 0.1105941284,
    "eps": 0.36,
    "epsdiluted": 0.36,
    "weightedAverageShsOut": 113338000,
    "weightedAverageShsOutDil": 117864000,
    "link": "https://www.sec.gov/Archives/edgar/data/912595/000091259517000010/0000912595-17-000010-index.htm",
    "finalLink": "https://www.sec.gov/Archives/edgar/data/912595/000091259517000010/maa331201710q.htm"
  },
  {
    "date": "2016-12-31",
    "symbol": "MAA",
    "reportedCurrency": "USD",
    "cik": "0000912595",
    "fillingDate": "2017-02-24",
    "acceptedDate": "2017-02-24 16:35:48",
    "calendarYear": "2016",
    "period": "Q4",
    "revenue": 307198000,
    "costOfRevenue": 216875000,
    "grossProfit": 90323000,
    "grossProfitRatio": 0.2940220965,
    "researchAndDevelopmentExpenses": 0,
    "generalAndAdministrativeExpenses": 8783000,
    "sellingAndMarketingExpenses": 0,
    "sellingGeneralAndAdministrativeExpenses": 8783000,
    "otherExpenses": 0,
    "operatingExpenses": 46466000,
    "costAndExpenses": 263341000,
    "interestIncome": 565000,
    "interestExpense": 33529000,
    "depreciationAndAmortization": 95210000,
    "ebitda": 171082000,
    "ebitdaratio": 0.5569111778,
    "operatingIncome": 43857000,
    "operatingIncomeRatio": 0.1427646013,
    "totalOtherIncomeExpensesNet": -1514000,
    "incomeBeforeTax": 42343000,
    "incomeBeforeTaxRatio": 0.1378361838,
    "incomeTaxExpense": 499000,
    "netIncome": 39386000,
    "netIncomeRatio": 0.1282104701,
    "eps": 0.44,
    "epsdiluted": 0.44,
    "weightedAverageShsOut": 88109000,
    "weightedAverageShsOutDil": 88392000,
    "link": "https://www.sec.gov/Archives/edgar/data/912595/000091259517000005/0000912595-17-000005-index.htm",
    "finalLink": "https://www.sec.gov/Archives/edgar/data/912595/000091259517000005/maa12312016-10k.htm"
  },
  {
    "date": "2016-09-30",
    "symbol": "MAA",
    "reportedCurrency": "USD",
    "cik": "0000912595",
    "fillingDate": "2016-10-28",
    "acceptedDate": "2016-10-28 15:03:52",
    "calendarYear": "2016",
    "period": "Q3",
    "revenue": 276898000,
    "costOfRevenue": 191513000,
    "grossProfit": 85385000,
    "grossProfitRatio": 0.3083626462,
    "researchAndDevelopmentExpenses": 0,
    "generalAndAdministrativeExpenses": 6661000,
    "sellingAndMarketingExpenses": 0,
    "sellingGeneralAndAdministrativeExpenses": 6661000,
    "otherExpenses": 0,
    "operatingExpenses": 11595000,
    "costAndExpenses": 203108000,
    "interestIncome": 64000,
    "interestExpense": 32168000,
    "depreciationAndAmortization": 76959000,
    "ebitda": 198487000,
    "ebitdaratio": 0.7168235235,
    "operatingIncome": 73790000,
    "operatingIncomeRatio": 0.2664880209,
    "totalOtherIncomeExpensesNet": 15570000,
    "incomeBeforeTax": 89360000,
    "incomeBeforeTaxRatio": 0.3227181128,
    "incomeTaxExpense": 454000,
    "netIncome": 84279000,
    "netIncomeRatio": 0.3043683956,
    "eps": 1.12,
    "epsdiluted": 1.12,
    "weightedAverageShsOut": 75302000,
    "weightedAverageShsOutDil": 75302000,
    "link": "https://www.sec.gov/Archives/edgar/data/912595/000091259516000052/0000912595-16-000052-index.htm",
    "finalLink": "https://www.sec.gov/Archives/edgar/data/912595/000091259516000052/maa930201610q.htm"
  },
  {
    "date": "2016-06-30",
    "symbol": "MAA",
    "reportedCurrency": "USD",
    "cik": "0000912595",
    "fillingDate": "2016-07-29",
    "acceptedDate": "2016-07-29 16:53:58",
    "calendarYear": "2016",
    "period": "Q2",
    "revenue": 272236000,
    "costOfRevenue": 187007000,
    "grossProfit": 85229000,
    "grossProfitRatio": 0.3130702773,
    "researchAndDevelopmentExpenses": 0,
    "generalAndAdministrativeExpenses": 7014000,
    "sellingAndMarketingExpenses": 0,
    "sellingGeneralAndAdministrativeExpenses": 7014000,
    "otherExpenses": 0,
    "operatingExpenses": 7435000,
    "costAndExpenses": 194442000,
    "interestIncome": 62000,
    "interestExpense": 32039000,
    "depreciationAndAmortization": 75966000,
    "ebitda": 156193000,
    "ebitdaratio": 0.5737411658,
    "operatingIncome": 77794000,
    "operatingIncomeRatio": 0.2857594146,
    "totalOtherIncomeExpensesNet": -29606000,
    "incomeBeforeTax": 48188000,
    "incomeBeforeTaxRatio": 0.1770081841,
    "incomeTaxExpense": 457000,
    "netIncome": 45144000,
    "netIncomeRatio": 0.1658267092,
    "eps": 0.6,
    "epsdiluted": 0.6,
    "weightedAverageShsOut": 75277000,
    "weightedAverageShsOutDil": 75277000,
    "link": "https://www.sec.gov/Archives/edgar/data/912595/000091259516000047/0000912595-16-000047-index.htm",
    "finalLink": "https://www.sec.gov/Archives/edgar/data/912595/000091259516000047/maa630201610q.htm"
  },
  {
    "date": "2016-03-31",
    "symbol": "MAA",
    "reportedCurrency": "USD",
    "cik": "0000912595",
    "fillingDate": "2016-05-06",
    "acceptedDate": "2016-05-06 16:55:47",
    "calendarYear": "2016",
    "period": "Q1",
    "revenue": 269016000,
    "costOfRevenue": 185012000,
    "grossProfit": 84004000,
    "grossProfitRatio": 0.3122639546,
    "researchAndDevelopmentExpenses": 0,
    "generalAndAdministrativeExpenses": 6582000,
    "sellingAndMarketingExpenses": 0,
    "sellingGeneralAndAdministrativeExpenses": 6582000,
    "otherExpenses": 0,
    "operatingExpenses": 7295000,
    "costAndExpenses": 192307000,
    "interestIncome": 32000,
    "interestExpense": 32211000,
    "depreciationAndAmortization": 75148000,
    "ebitda": 153327000,
    "ebitdaratio": 0.5699549469,
    "operatingIncome": 76709000,
    "operatingIncomeRatio": 0.2851466084,
    "totalOtherIncomeExpensesNet": -30741000,
    "incomeBeforeTax": 45968000,
    "incomeBeforeTaxRatio": 0.1708745948,
    "incomeTaxExpense": 288000,
    "netIncome": 43413000,
    "netIncomeRatio": 0.1613770185,
    "eps": 0.58,
    "epsdiluted": 0.58,
    "weightedAverageShsOut": 75249000,
    "weightedAverageShsOutDil": 75489000,
    "link": "https://www.sec.gov/Archives/edgar/data/912595/000091259516000037/0000912595-16-000037-index.htm",
    "finalLink": "https://www.sec.gov/Archives/edgar/data/912595/000091259516000037/maa331201610q.htm"
  },
  {
    "date": "2015-12-31",
    "symbol": "MAA",
    "reportedCurrency": "USD",
    "cik": "0000912595",
    "fillingDate": "2016-02-26",
    "acceptedDate": "2016-02-25 21:27:24",
    "calendarYear": "2015",
    "period": "Q4",
    "revenue": 263337000,
    "costOfRevenue": 179340000,
    "grossProfit": 83998000,
    "grossProfitRatio": 0.3189753054,
    "researchAndDevelopmentExpenses": 0,
    "generalAndAdministrativeExpenses": 6613000,
    "sellingAndMarketingExpenses": 0,
    "sellingGeneralAndAdministrativeExpenses": 6613000,
    "otherExpenses": -8000,
    "operatingExpenses": 7235000,
    "costAndExpenses": 186575000,
    "interestIncome": 0,
    "interestExpense": 30833000,
    "depreciationAndAmortization": 71246000,
    "ebitda": 150416000,
    "ebitdaratio": 0.5711920467,
    "operatingIncome": 76763000,
    "operatingIncomeRatio": 0.2915010044,
    "totalOtherIncomeExpensesNet": -31145000,
    "incomeBeforeTax": 45618000,
    "incomeBeforeTaxRatio": 0.1732304993,
    "incomeTaxExpense": 254000,
    "netIncome": 42987000,
    "netIncomeRatio": 0.1632394992,
    "eps": 0.57,
    "epsdiluted": 0.57,
    "weightedAverageShsOut": 75203000,
    "weightedAverageShsOutDil": 75400000,
    "link": "https://www.sec.gov/Archives/edgar/data/912595/000091259516000032/0000912595-16-000032-index.htm",
    "finalLink": "https://www.sec.gov/Archives/edgar/data/912595/000091259516000032/maa12312015-10k.htm"
  },
  {
    "date": "2015-09-30",
    "symbol": "MAA",
    "reportedCurrency": "USD",
    "cik": "0000912595",
    "fillingDate": "2015-10-30",
    "acceptedDate": "2015-10-30 15:29:29",
    "calendarYear": "2015",
    "period": "Q3",
    "revenue": 261998000,
    "costOfRevenue": 182325000,
    "grossProfit": 79673000,
    "grossProfitRatio": 0.3040977412,
    "researchAndDevelopmentExpenses": 0,
    "generalAndAdministrativeExpenses": 5879000,
    "sellingAndMarketingExpenses": 0,
    "sellingGeneralAndAdministrativeExpenses": 5879000,
    "otherExpenses": 0,
    "operatingExpenses": 6535000,
    "costAndExpenses": 188860000,
    "interestIncome": 0,
    "interestExpense": 29342000,
    "depreciationAndAmortization": 73176000,
    "ebitda": 200925000,
    "ebitdaratio": 0.7668951671,
    "operatingIncome": 73138000,
    "operatingIncomeRatio": 0.2791548027,
    "totalOtherIncomeExpensesNet": 24203000,
    "incomeBeforeTax": 97341000,
    "incomeBeforeTaxRatio": 0.3715333705,
    "incomeTaxExpense": 512000,
    "netIncome": 91734000,
    "netIncomeRatio": 0.3501324438,
    "eps": 1.22,
    "epsdiluted": 1.22,
    "weightedAverageShsOut": 75189000,
    "weightedAverageShsOutDil": 75189000,
    "link": "https://www.sec.gov/Archives/edgar/data/912595/000091259515000026/0000912595-15-000026-index.htm",
    "finalLink": "https://www.sec.gov/Archives/edgar/data/912595/000091259515000026/maa930201510q.htm"
  },
  {
    "date": "2015-06-30",
    "symbol": "MAA",
    "reportedCurrency": "USD",
    "cik": "0000912595",
    "fillingDate": "2015-07-31",
    "acceptedDate": "2015-07-31 14:31:52",
    "calendarYear": "2015",
    "period": "Q2",
    "revenue": 258891000,
    "costOfRevenue": 182238000,
    "grossProfit": 76653000,
    "grossProfitRatio": 0.296082135,
    "researchAndDevelopmentExpenses": 0,
    "generalAndAdministrativeExpenses": 6657000,
    "sellingAndMarketingExpenses": 0,
    "sellingGeneralAndAdministrativeExpenses": 6657000,
    "otherExpenses": 0,
    "operatingExpenses": 7816000,
    "costAndExpenses": 190054000,
    "interestIncome": 29000,
    "interestExpense": 29528000,
    "depreciationAndAmortization": 74648000,
    "ebitda": 249375000,
    "ebitdaratio": 0.9632432182,
    "operatingIncome": 68837000,
    "operatingIncomeRatio": 0.2658918232,
    "totalOtherIncomeExpensesNet": 75457000,
    "incomeBeforeTax": 144294000,
    "incomeBeforeTaxRatio": 0.5573542533,
    "incomeTaxExpense": 398000,
    "netIncome": 136299000,
    "netIncomeRatio": 0.5264725309,
    "eps": 1.81,
    "epsdiluted": 1.81,
    "weightedAverageShsOut": 75168000,
    "weightedAverageShsOutDil": 75168000,
    "link": "https://www.sec.gov/Archives/edgar/data/912595/000091259515000020/0000912595-15-000020-index.htm",
    "finalLink": "https://www.sec.gov/Archives/edgar/data/912595/000091259515000020/maa630201510q.htm"
  },
  {
    "date": "2015-03-31",
    "symbol": "MAA",
    "reportedCurrency": "USD",
    "cik": "0000912595",
    "fillingDate": "2015-05-01",
    "acceptedDate": "2015-05-01 14:19:27",
    "calendarYear": "2015",
    "period": "Q1",
    "revenue": 257811000,
    "costOfRevenue": 182253000,
    "grossProfit": 76299000,
    "grossProfitRatio": 0.2959493583,
    "researchAndDevelopmentExpenses": 0,
    "generalAndAdministrativeExpenses": 6567000,
    "sellingAndMarketingExpenses": 0,
    "sellingGeneralAndAdministrativeExpenses": 6567000,
    "otherExpenses": 0,
    "operatingExpenses": 6906000,
    "costAndExpenses": 189159000,
    "interestIncome": 0,
    "interestExpense": 29931000,
    "depreciationAndAmortization": 73117000,
    "ebitda": 169343000,
    "ebitdaratio": 0.6568493974,
    "operatingIncome": 69393000,
    "operatingIncomeRatio": 0.2691622933,
    "totalOtherIncomeExpensesNet": -4225000,
    "incomeBeforeTax": 64735000,
    "incomeBeforeTaxRatio": 0.2510947942,
    "incomeTaxExpense": 510000,
    "netIncome": 61267000,
    "netIncomeRatio": 0.2376430796,
    "eps": 0.81,
    "epsdiluted": 0.81,
    "weightedAverageShsOut": 75145000,
    "weightedAverageShsOutDil": 75145000,
    "link": "https://www.sec.gov/Archives/edgar/data/912595/000091259515000014/0000912595-15-000014-index.htm",
    "finalLink": "https://www.sec.gov/Archives/edgar/data/912595/000091259515000014/maa331201510q.htm"
  },
  {
    "date": "2014-12-31",
    "symbol": "MAA",
    "reportedCurrency": "USD",
    "cik": "0000912595",
    "fillingDate": "2015-02-25",
    "acceptedDate": "2015-02-25 07:03:34",
    "calendarYear": "2014",
    "period": "Q4",
    "revenue": 252474000,
    "costOfRevenue": 176732000,
    "grossProfit": 75742000,
    "grossProfitRatio": 0.2999992078,
    "researchAndDevelopmentExpenses": 0,
    "generalAndAdministrativeExpenses": 4844000,
    "sellingAndMarketingExpenses": 0,
    "sellingGeneralAndAdministrativeExpenses": 4844000,
    "otherExpenses": 0,
    "operatingExpenses": 7466000,
    "costAndExpenses": 184198000,
    "interestIncome": 0,
    "interestExpense": 31685000,
    "depreciationAndAmortization": 72921000,
    "ebitda": 140100000,
    "ebitdaratio": 0.5549086243,
    "operatingIncome": 68276000,
    "operatingIncomeRatio": 0.270427846,
    "totalOtherIncomeExpensesNet": -31471000,
    "incomeBeforeTax": 36805000,
    "incomeBeforeTaxRatio": 0.145777387,
    "incomeTaxExpense": 815000,
    "netIncome": 34525000,
    "netIncomeRatio": 0.1367467541,
    "eps": 0.46,
    "epsdiluted": 0.46,
    "weightedAverageShsOut": 75114000,
    "weightedAverageShsOutDil": 75114000,
    "link": "https://www.sec.gov/Archives/edgar/data/912595/000091259515000007/0000912595-15-000007-index.htm",
    "finalLink": "https://www.sec.gov/Archives/edgar/data/912595/000091259515000007/maa12312014-10k.htm"
  },
  {
    "date": "2014-09-30",
    "symbol": "MAA",
    "reportedCurrency": "USD",
    "cik": "0000912595",
    "fillingDate": "2014-10-31",
    "acceptedDate": "2014-10-31 16:15:33",
    "calendarYear": "2014",
    "period": "Q3",
    "revenue": 248781000,
    "costOfRevenue": 178533000,
    "grossProfit": 71041000,
    "grossProfitRatio": 0.2855563729,
    "researchAndDevelopmentExpenses": 0,
    "generalAndAdministrativeExpenses": 6511000,
    "sellingAndMarketingExpenses": 0,
    "sellingGeneralAndAdministrativeExpenses": 6511000,
    "otherExpenses": 0,
    "operatingExpenses": 7002000,
    "costAndExpenses": 185535000,
    "interestIncome": 85000,
    "interestExpense": 28251000,
    "depreciationAndAmortization": 71213000,
    "ebitda": 167609000,
    "ebitdaratio": 0.6737210639,
    "operatingIncome": 64039000,
    "operatingIncomeRatio": 0.2574111367,
    "totalOtherIncomeExpensesNet": 4106000,
    "incomeBeforeTax": 67649000,
    "incomeBeforeTaxRatio": 0.2719218911,
    "incomeTaxExpense": 442000,
    "netIncome": 66976000,
    "netIncomeRatio": 0.2692167006,
    "eps": 0.89,
    "epsdiluted": 0.89,
    "weightedAverageShsOut": 75058000,
    "weightedAverageShsOutDil": 75058000,
    "link": "https://www.sec.gov/Archives/edgar/data/912595/000091259514000027/0000912595-14-000027-index.htm",
    "finalLink": "https://www.sec.gov/Archives/edgar/data/912595/000091259514000027/maa930201410q.htm"
  },
  {
    "date": "2014-06-30",
    "symbol": "MAA",
    "reportedCurrency": "USD",
    "cik": "0000912595",
    "fillingDate": "2014-08-01",
    "acceptedDate": "2014-08-01 15:28:10",
    "calendarYear": "2014",
    "period": "Q2",
    "revenue": 244554000,
    "costOfRevenue": 177108000,
    "grossProfit": 68197000,
    "grossProfitRatio": 0.2788627461,
    "researchAndDevelopmentExpenses": 0,
    "generalAndAdministrativeExpenses": 5212000,
    "sellingAndMarketingExpenses": 0,
    "sellingGeneralAndAdministrativeExpenses": 5212000,
    "otherExpenses": 0,
    "operatingExpenses": 10105000,
    "costAndExpenses": 187213000,
    "interestIncome": 921000,
    "interestExpense": 30163000,
    "depreciationAndAmortization": 70630000,
    "ebitda": 131788000,
    "ebitdaratio": 0.538891206,
    "operatingIncome": 58092000,
    "operatingIncomeRatio": 0.2375426286,
    "totalOtherIncomeExpensesNet": -27097000,
    "incomeBeforeTax": 26906000,
    "incomeBeforeTaxRatio": 0.1100206907,
    "incomeTaxExpense": 523000,
    "netIncome": 31613000,
    "netIncomeRatio": 0.1292679735,
    "eps": 0.42,
    "epsdiluted": 0.42,
    "weightedAverageShsOut": 74948000,
    "weightedAverageShsOutDil": 74948000,
    "link": "https://www.sec.gov/Archives/edgar/data/912595/000091259514000020/0000912595-14-000020-index.htm",
    "finalLink": "https://www.sec.gov/Archives/edgar/data/912595/000091259514000020/maa630201410q.htm"
  },
  {
    "date": "2014-03-31",
    "symbol": "MAA",
    "reportedCurrency": "USD",
    "cik": "0000912595",
    "fillingDate": "2014-05-02",
    "acceptedDate": "2014-05-02 16:22:10",
    "calendarYear": "2014",
    "period": "Q1",
    "revenue": 243487000,
    "costOfRevenue": 194387000,
    "grossProfit": 49100000,
    "grossProfitRatio": 0.2016534764,
    "researchAndDevelopmentExpenses": 0,
    "generalAndAdministrativeExpenses": 4342000,
    "sellingAndMarketingExpenses": 0,
    "sellingGeneralAndAdministrativeExpenses": 4342000,
    "otherExpenses": 0,
    "operatingExpenses": 10271000,
    "costAndExpenses": 204658000,
    "interestIncome": 160000,
    "interestExpense": 30676000,
    "depreciationAndAmortization": 91469000,
    "ebitda": 132258000,
    "ebitdaratio": 0.5431830036,
    "operatingIncome": 38829000,
    "operatingIncomeRatio": 0.1594705261,
    "totalOtherIncomeExpensesNet": -28716000,
    "incomeBeforeTax": 6992000,
    "incomeBeforeTaxRatio": 0.0287161122,
    "incomeTaxExpense": 270000,
    "netIncome": 14866000,
    "netIncomeRatio": 0.0610545943,
    "eps": 0.2,
    "epsdiluted": 0.2,
    "weightedAverageShsOut": 74803000,
    "weightedAverageShsOutDil": 74803000,
    "link": "https://www.sec.gov/Archives/edgar/data/912595/000091259514000013/0000912595-14-000013-index.htm",
    "finalLink": "https://www.sec.gov/Archives/edgar/data/912595/000091259514000013/maa0331201410q.htm"
  },
  {
    "date": "2013-12-31",
    "symbol": "MAA",
    "reportedCurrency": "USD",
    "cik": "0000912595",
    "fillingDate": "2014-02-21",
    "acceptedDate": "2014-02-21 16:12:53",
    "calendarYear": "2013",
    "period": "Q4",
    "revenue": 239607000,
    "costOfRevenue": 189133000,
    "grossProfit": 47349000,
    "grossProfitRatio": 0.1976110882,
    "researchAndDevelopmentExpenses": 0,
    "generalAndAdministrativeExpenses": 4965000,
    "sellingAndMarketingExpenses": 0,
    "sellingGeneralAndAdministrativeExpenses": 4965000,
    "otherExpenses": 0,
    "operatingExpenses": 32031000,
    "costAndExpenses": 221164000,
    "interestIncome": 402000,
    "interestExpense": 30258000,
    "depreciationAndAmortization": 90578000,
    "ebitda": 105025000,
    "ebitdaratio": 0.4383219188,
    "operatingIncome": 15318000,
    "operatingIncomeRatio": 0.0639296849,
    "totalOtherIncomeExpensesNet": -31071000,
    "incomeBeforeTax": -15410000,
    "incomeBeforeTaxRatio": -0.0643136469,
    "incomeTaxExpense": 224000,
    "netIncome": -9272000,
    "netIncomeRatio": -0.0386966992,
    "eps": -0.12,
    "epsdiluted": -0.12,
    "weightedAverageShsOut": 74693243,
    "weightedAverageShsOutDil": 74830726,
    "link": "https://www.sec.gov/Archives/edgar/data/912595/000091259514000003/0000912595-14-000003-index.htm",
    "finalLink": "https://www.sec.gov/Archives/edgar/data/912595/000091259514000003/maa12312013-10k.htm"
  },
  {
    "date": "2013-09-30",
    "symbol": "MAA",
    "reportedCurrency": "USD",
    "cik": "0000912595",
    "fillingDate": "2013-11-07",
    "acceptedDate": "2013-11-07 15:39:10",
    "calendarYear": "2013",
    "period": "Q3",
    "revenue": 136440000,
    "costOfRevenue": 93429000,
    "grossProfit": 41977000,
    "grossProfitRatio": 0.3076590443,
    "researchAndDevelopmentExpenses": 0,
    "generalAndAdministrativeExpenses": 3976000,
    "sellingAndMarketingExpenses": 0,
    "sellingGeneralAndAdministrativeExpenses": 3976000,
    "otherExpenses": 0,
    "operatingExpenses": 9572000,
    "costAndExpenses": 103001000,
    "interestIncome": 16000,
    "interestExpense": 14941000,
    "depreciationAndAmortization": 33922000,
    "ebitda": 65305000,
    "ebitdaratio": 0.4786352976,
    "operatingIncome": 32405000,
    "operatingIncomeRatio": 0.2375036646,
    "totalOtherIncomeExpensesNet": -15945000,
    "incomeBeforeTax": 16559000,
    "incomeBeforeTaxRatio": 0.1213647024,
    "incomeTaxExpense": -27725000,
    "netIncome": 44284000,
    "netIncomeRatio": 0.3245675755,
    "eps": 1.04,
    "epsdiluted": 1.04,
    "weightedAverageShsOut": 42702000,
    "weightedAverageShsOutDil": 42702000,
    "link": "https://www.sec.gov/Archives/edgar/data/912595/000091259513000027/0000912595-13-000027-index.htm",
    "finalLink": "https://www.sec.gov/Archives/edgar/data/912595/000091259513000027/maa930201310q.htm"
  },
  {
    "date": "2013-06-30",
    "symbol": "MAA",
    "reportedCurrency": "USD",
    "cik": "0000912595",
    "fillingDate": "2013-08-02",
    "acceptedDate": "2013-08-02 15:36:56",
    "calendarYear": "2013",
    "period": "Q2",
    "revenue": 134112000,
    "costOfRevenue": 90266000,
    "grossProfit": 41535000,
    "grossProfitRatio": 0.3097038296,
    "researchAndDevelopmentExpenses": 0,
    "generalAndAdministrativeExpenses": 3389000,
    "sellingAndMarketingExpenses": 0,
    "sellingGeneralAndAdministrativeExpenses": 3389000,
    "otherExpenses": 0,
    "operatingExpenses": 9615000,
    "costAndExpenses": 99881000,
    "interestIncome": 23000,
    "interestExpense": 15271000,
    "depreciationAndAmortization": 33999000,
    "ebitda": 65578000,
    "ebitdaratio": 0.4889793605,
    "operatingIncome": 31920000,
    "operatingIncomeRatio": 0.2380100215,
    "totalOtherIncomeExpensesNet": -15530000,
    "incomeBeforeTax": 16957000,
    "incomeBeforeTaxRatio": 0.1264390957,
    "incomeTaxExpense": -42132000,
    "netIncome": 59089000,
    "netIncomeRatio": 0.4405944285,
    "eps": 1.38,
    "epsdiluted": 1.37,
    "weightedAverageShsOut": 42690000,
    "weightedAverageShsOutDil": 42690000,
    "link": "https://www.sec.gov/Archives/edgar/data/912595/000091259513000021/0000912595-13-000021-index.htm",
    "finalLink": "https://www.sec.gov/Archives/edgar/data/912595/000091259513000021/maa630201310q.htm"
  },
  {
    "date": "2013-03-31",
    "symbol": "MAA",
    "reportedCurrency": "USD",
    "cik": "0000912595",
    "fillingDate": "2013-05-03",
    "acceptedDate": "2013-05-03 17:19:36",
    "calendarYear": "2013",
    "period": "Q1",
    "revenue": 133367000,
    "costOfRevenue": 87824000,
    "grossProfit": 40096000,
    "grossProfitRatio": 0.3006440874,
    "researchAndDevelopmentExpenses": 0,
    "generalAndAdministrativeExpenses": 3239000,
    "sellingAndMarketingExpenses": 0,
    "sellingGeneralAndAdministrativeExpenses": 3239000,
    "otherExpenses": 0,
    "operatingExpenses": 3249000,
    "costAndExpenses": 91073000,
    "interestIncome": 47000,
    "interestExpense": 15716000,
    "depreciationAndAmortization": 34237000,
    "ebitda": 70174000,
    "ebitdaratio": 0.5261721415,
    "operatingIncome": 36847000,
    "operatingIncomeRatio": 0.2762827386,
    "totalOtherIncomeExpensesNet": -16455000,
    "incomeBeforeTax": 21951000,
    "incomeBeforeTaxRatio": 0.1645909408,
    "incomeTaxExpense": 771000,
    "netIncome": 21180000,
    "netIncomeRatio": 0.1588099005,
    "eps": 0.5,
    "epsdiluted": 0.5,
    "weightedAverageShsOut": 42354000,
    "weightedAverageShsOutDil": 44149000,
    "link": "https://www.sec.gov/Archives/edgar/data/912595/000091259513000011/0000912595-13-000011-index.htm",
    "finalLink": "https://www.sec.gov/Archives/edgar/data/912595/000091259513000011/maa331201310q.htm"
  },
  {
    "date": "2012-12-31",
    "symbol": "MAA",
    "reportedCurrency": "USD",
    "cik": "0000912595",
    "fillingDate": "2013-02-22",
    "acceptedDate": "2013-02-22 16:36:58",
    "calendarYear": "2012",
    "period": "Q4",
    "revenue": 132422000,
    "costOfRevenue": 200975000,
    "grossProfit": -68553000,
    "grossProfitRatio": -0.517685883,
    "researchAndDevelopmentExpenses": 0,
    "generalAndAdministrativeExpenses": 0,
    "sellingAndMarketingExpenses": 5600000,
    "sellingGeneralAndAdministrativeExpenses": -13158000,
    "otherExpenses": -92687000,
    "operatingExpenses": -105838000,
    "costAndExpenses": 95137000,
    "interestIncome": 87000,
    "interestExpense": 15773000,
    "depreciationAndAmortization": 34504000,
    "ebitda": 66478000,
    "ebitdaratio": 0.5020162813,
    "operatingIncome": 37285000,
    "operatingIncomeRatio": 0.2815619761,
    "totalOtherIncomeExpensesNet": -37285000,
    "incomeBeforeTax": 22307000,
    "incomeBeforeTaxRatio": 0.1684538823,
    "incomeTaxExpense": -22307000,
    "netIncome": 22307000,
    "netIncomeRatio": 0.1684538823,
    "eps": 1.05,
    "epsdiluted": 1.05,
    "weightedAverageShsOut": 42254000,
    "weightedAverageShsOutDil": 42683322,
    "link": "https://www.sec.gov/Archives/edgar/data/912595/000091259513000003/0000912595-13-000003-index.htm",
    "finalLink": "https://www.sec.gov/Archives/edgar/data/912595/000091259513000003/maa12312012-10k.htm"
  },
  {
    "date": "2012-09-30",
    "symbol": "MAA",
    "reportedCurrency": "USD",
    "cik": "0000912595",
    "fillingDate": "2012-11-02",
    "acceptedDate": "2012-11-02 15:14:22",
    "calendarYear": "2012",
    "period": "Q3",
    "revenue": 127110000,
    "costOfRevenue": 87728000,
    "grossProfit": 35462000,
    "grossProfitRatio": 0.2789867044,
    "researchAndDevelopmentExpenses": 0,
    "generalAndAdministrativeExpenses": 3527000,
    "sellingAndMarketingExpenses": 5460000,
    "sellingGeneralAndAdministrativeExpenses": 3527000,
    "otherExpenses": 31984000,
    "operatingExpenses": 4870000,
    "costAndExpenses": 92598000,
    "interestIncome": 89000,
    "interestExpense": 14698000,
    "depreciationAndAmortization": 33350000,
    "ebitda": 63086000,
    "ebitdaratio": 0.4963102824,
    "operatingIncome": 30592000,
    "operatingIncomeRatio": 0.2406734325,
    "totalOtherIncomeExpensesNet": -15386000,
    "incomeBeforeTax": 30866000,
    "incomeBeforeTaxRatio": 0.2428290457,
    "incomeTaxExpense": -30866000,
    "netIncome": 30866000,
    "netIncomeRatio": 0.2428290457,
    "eps": 0.74,
    "epsdiluted": 0.74,
    "weightedAverageShsOut": 41405000,
    "weightedAverageShsOutDil": 43221000,
    "link": "https://www.sec.gov/Archives/edgar/data/912595/000091259512000012/0000912595-12-000012-index.htm",
    "finalLink": "https://www.sec.gov/Archives/edgar/data/912595/000091259512000012/maa2012930-10q.htm"
  },
  {
    "date": "2012-06-30",
    "symbol": "MAA",
    "reportedCurrency": "USD",
    "cik": "0000912595",
    "fillingDate": "2012-08-03",
    "acceptedDate": "2012-08-03 12:49:20",
    "calendarYear": "2012",
    "period": "Q2",
    "revenue": 123922000,
    "costOfRevenue": 84540000,
    "grossProfit": 34468000,
    "grossProfitRatio": 0.2781427027,
    "researchAndDevelopmentExpenses": 0,
    "generalAndAdministrativeExpenses": 3462000,
    "sellingAndMarketingExpenses": 5570000,
    "sellingGeneralAndAdministrativeExpenses": 3462000,
    "otherExpenses": 31549000,
    "operatingExpenses": 4327000,
    "costAndExpenses": 88867000,
    "interestIncome": 112000,
    "interestExpense": 14270000,
    "depreciationAndAmortization": 32792000,
    "ebitda": 62160000,
    "ebitdaratio": 0.5016058488,
    "operatingIncome": 30141000,
    "operatingIncomeRatio": 0.2432255774,
    "totalOtherIncomeExpensesNet": -14846000,
    "incomeBeforeTax": 16458000,
    "incomeBeforeTaxRatio": 0.1328093478,
    "incomeTaxExpense": -11702000,
    "netIncome": 28160000,
    "netIncomeRatio": 0.2272397153,
    "eps": 0.69,
    "epsdiluted": 0.69,
    "weightedAverageShsOut": 40983000,
    "weightedAverageShsOutDil": 41028000,
    "link": "https://www.sec.gov/Archives/edgar/data/912595/000091259512000008/0000912595-12-000008-index.htm",
    "finalLink": "https://www.sec.gov/Archives/edgar/data/912595/000091259512000008/maa2012630-10q.htm"
  },
  {
    "date": "2012-03-31",
    "symbol": "MAA",
    "reportedCurrency": "USD",
    "cik": "0000912595",
    "fillingDate": "2012-05-04",
    "acceptedDate": "2012-05-04 12:57:14",
    "calendarYear": "2012",
    "period": "Q1",
    "revenue": 119631000,
    "costOfRevenue": 83510000,
    "grossProfit": 32776000,
    "grossProfitRatio": 0.2739758089,
    "researchAndDevelopmentExpenses": 0,
    "generalAndAdministrativeExpenses": 3447000,
    "sellingAndMarketingExpenses": 5454000,
    "sellingGeneralAndAdministrativeExpenses": 3447000,
    "otherExpenses": 30643000,
    "operatingExpenses": 2813000,
    "costAndExpenses": 86323000,
    "interestIncome": 108000,
    "interestExpense": 14350000,
    "depreciationAndAmortization": 31549000,
    "ebitda": 60899000,
    "ebitdaratio": 0.509057017,
    "operatingIncome": 29963000,
    "operatingIncomeRatio": 0.2504618368,
    "totalOtherIncomeExpensesNet": -14723000,
    "incomeBeforeTax": 15851000,
    "incomeBeforeTaxRatio": 0.1324991014,
    "incomeTaxExpense": -8039000,
    "netIncome": 23890000,
    "netIncomeRatio": 0.1996974028,
    "eps": 0.6,
    "epsdiluted": 0.6,
    "weightedAverageShsOut": 39505000,
    "weightedAverageShsOutDil": 41543000,
    "link": "https://www.sec.gov/Archives/edgar/data/912595/000091259512000003/0000912595-12-000003-index.htm",
    "finalLink": "https://www.sec.gov/Archives/edgar/data/912595/000091259512000003/maa2012331-10q.htm"
  },
  {
    "date": "2011-12-31",
    "symbol": "MAA",
    "reportedCurrency": "USD",
    "cik": "0000912595",
    "fillingDate": "2012-02-24",
    "acceptedDate": "2012-02-24 16:25:42",
    "calendarYear": "2011",
    "period": "Q4",
    "revenue": 115826000,
    "costOfRevenue": 47871000,
    "grossProfit": 67955000,
    "grossProfitRatio": 0.586699014,
    "researchAndDevelopmentExpenses": 0,
    "generalAndAdministrativeExpenses": 0,
    "sellingAndMarketingExpenses": -29287000,
    "sellingGeneralAndAdministrativeExpenses": 9536000,
    "otherExpenses": 30633000,
    "operatingExpenses": 41157000,
    "costAndExpenses": 89028000,
    "interestIncome": 117000,
    "interestExpense": 14997000,
    "depreciationAndAmortization": 31854000,
    "ebitda": 59640000,
    "ebitdaratio": 0.5149102965,
    "operatingIncome": 26798000,
    "operatingIncomeRatio": 0.2313642878,
    "totalOtherIncomeExpensesNet": -26798000,
    "incomeBeforeTax": 18758000,
    "incomeBeforeTaxRatio": 0.1619498213,
    "incomeTaxExpense": -18758000,
    "netIncome": 18758000,
    "netIncomeRatio": 0.1619498213,
    "eps": 0.95,
    "epsdiluted": 0.95,
    "weightedAverageShsOut": 38144000,
    "weightedAverageShsOutDil": 39505000,
    "link": "https://www.sec.gov/Archives/edgar/data/912595/000114420412010851/0001144204-12-010851-index.htm",
    "finalLink": "https://www.sec.gov/Archives/edgar/data/912595/000114420412010851/v300889_10k.htm"
  },
  {
    "date": "2011-09-30",
    "symbol": "MAA",
    "reportedCurrency": "USD",
    "cik": "0000912595",
    "fillingDate": "2011-11-04",
    "acceptedDate": "2011-11-04 12:38:13",
    "calendarYear": "2011",
    "period": "Q3",
    "revenue": 115827000,
    "costOfRevenue": 47982000,
    "grossProfit": 62339000,
    "grossProfitRatio": 0.5382078445,
    "researchAndDevelopmentExpenses": 0,
    "generalAndAdministrativeExpenses": 0,
    "sellingAndMarketingExpenses": 4904000,
    "sellingGeneralAndAdministrativeExpenses": 8900000,
    "otherExpenses": 29343000,
    "operatingExpenses": 37544000,
    "costAndExpenses": 85526000,
    "interestIncome": 108000,
    "interestExpense": 15487000,
    "depreciationAndAmortization": 30157000,
    "ebitda": 55544000,
    "ebitdaratio": 0.4795427664,
    "operatingIncome": 24795000,
    "operatingIncomeRatio": 0.2140692585,
    "totalOtherIncomeExpensesNet": -24795000,
    "incomeBeforeTax": 13791000,
    "incomeBeforeTaxRatio": 0.1190655029,
    "incomeTaxExpense": -13791000,
    "netIncome": 13791000,
    "netIncomeRatio": 0.1190655029,
    "eps": 0.37,
    "epsdiluted": 0.37,
    "weightedAverageShsOut": 37274000,
    "weightedAverageShsOutDil": 39300000,
    "link": "https://www.sec.gov/Archives/edgar/data/912595/000114420411061338/0001144204-11-061338-index.htm",
    "finalLink": "https://www.sec.gov/Archives/edgar/data/912595/000114420411061338/v237491_10q.htm"
  },
  {
    "date": "2011-06-30",
    "symbol": "MAA",
    "reportedCurrency": "USD",
    "cik": "0000912595",
    "fillingDate": "2011-08-09",
    "acceptedDate": "2011-08-09 13:46:21",
    "calendarYear": "2011",
    "period": "Q2",
    "revenue": 110489000,
    "costOfRevenue": 45722000,
    "grossProfit": 61479000,
    "grossProfitRatio": 0.5564264316,
    "researchAndDevelopmentExpenses": 0,
    "generalAndAdministrativeExpenses": 0,
    "sellingAndMarketingExpenses": 5194000,
    "sellingGeneralAndAdministrativeExpenses": 10633000,
    "otherExpenses": 28021000,
    "operatingExpenses": 39433000,
    "costAndExpenses": 85155000,
    "interestIncome": 114000,
    "interestExpense": 14149000,
    "depreciationAndAmortization": 28862000,
    "ebitda": 49846000,
    "ebitdaratio": 0.4511399325,
    "operatingIncome": 22046000,
    "operatingIncomeRatio": 0.199531175,
    "totalOtherIncomeExpensesNet": -15007000,
    "incomeBeforeTax": 7669000,
    "incomeBeforeTaxRatio": 0.0694096245,
    "incomeTaxExpense": 241000,
    "netIncome": 7428000,
    "netIncomeRatio": 0.0672284119,
    "eps": 0.2,
    "epsdiluted": 0.2,
    "weightedAverageShsOut": 36836000,
    "weightedAverageShsOutDil": 38923000,
    "link": "https://www.sec.gov/Archives/edgar/data/912595/000114420411044820/0001144204-11-044820-index.htm",
    "finalLink": "https://www.sec.gov/Archives/edgar/data/912595/000114420411044820/v229577_10q.htm"
  },
  {
    "date": "2011-03-31",
    "symbol": "MAA",
    "reportedCurrency": "USD",
    "cik": "0000912595",
    "fillingDate": "2011-05-05",
    "acceptedDate": "2011-05-05 16:17:21",
    "calendarYear": "2011",
    "period": "Q1",
    "revenue": 107338000,
    "costOfRevenue": 44329000,
    "grossProfit": 60616000,
    "grossProfitRatio": 0.5647207885,
    "researchAndDevelopmentExpenses": 0,
    "generalAndAdministrativeExpenses": 0,
    "sellingAndMarketingExpenses": 5144000,
    "sellingGeneralAndAdministrativeExpenses": 9754000,
    "otherExpenses": 27741000,
    "operatingExpenses": 37189000,
    "costAndExpenses": 81518000,
    "interestIncome": 235000,
    "interestExpense": 13990000,
    "depreciationAndAmortization": 28456000,
    "ebitda": 51011000,
    "ebitdaratio": 0.4752371015,
    "operatingIncome": 23427000,
    "operatingIncomeRatio": 0.2182544858,
    "totalOtherIncomeExpensesNet": -14786000,
    "incomeBeforeTax": 9155000,
    "incomeBeforeTaxRatio": 0.0852913227,
    "incomeTaxExpense": 311000,
    "netIncome": 8844000,
    "netIncomeRatio": 0.0823939332,
    "eps": 0.25,
    "epsdiluted": 0.24,
    "weightedAverageShsOut": 35706000,
    "weightedAverageShsOutDil": 37904000,
    "link": "https://www.sec.gov/Archives/edgar/data/912595/000114420411026463/0001144204-11-026463-index.htm",
    "finalLink": "https://www.sec.gov/Archives/edgar/data/912595/000114420411026463/v219516_10q.htm"
  },
  {
    "date": "2010-12-31",
    "symbol": "MAA",
    "reportedCurrency": "USD",
    "cik": "0000912595",
    "fillingDate": "2011-02-24",
    "acceptedDate": "2011-02-24 17:05:01",
    "calendarYear": "2010",
    "period": "Q4",
    "revenue": 104480000,
    "costOfRevenue": -31212000,
    "grossProfit": 135692000,
    "grossProfitRatio": 1.2987366003,
    "researchAndDevelopmentExpenses": 0,
    "generalAndAdministrativeExpenses": 0,
    "sellingAndMarketingExpenses": -20332000,
    "sellingGeneralAndAdministrativeExpenses": 8208000,
    "otherExpenses": 104064000,
    "operatingExpenses": 69616000,
    "costAndExpenses": 38404000,
    "interestIncome": 219000,
    "interestExpense": 14514000,
    "depreciationAndAmortization": 28285000,
    "ebitda": 51705000,
    "ebitdaratio": 0.4948794028,
    "operatingIncome": 66076000,
    "operatingIncomeRatio": 0.6324272588,
    "totalOtherIncomeExpensesNet": -66076000,
    "incomeBeforeTax": 6940000,
    "incomeBeforeTaxRatio": 0.066424196,
    "incomeTaxExpense": -6940000,
    "netIncome": 6940000,
    "netIncomeRatio": 0.066424196,
    "eps": 0.2,
    "epsdiluted": 0.19,
    "weightedAverageShsOut": 34307000,
    "weightedAverageShsOutDil": 35706334,
    "link": "https://www.sec.gov/Archives/edgar/data/912595/000114420411010787/0001144204-11-010787-index.htm",
    "finalLink": "https://www.sec.gov/Archives/edgar/data/912595/000114420411010787/v207790_10k.htm"
  },
  {
    "date": "2010-09-30",
    "symbol": "MAA",
    "reportedCurrency": "USD",
    "cik": "0000912595",
    "fillingDate": "2010-11-04",
    "acceptedDate": "2010-11-04 17:14:52",
    "calendarYear": "2010",
    "period": "Q3",
    "revenue": 101384000,
    "costOfRevenue": 44881000,
    "grossProfit": 56000000,
    "grossProfitRatio": 0.5523554012,
    "researchAndDevelopmentExpenses": 0,
    "generalAndAdministrativeExpenses": 0,
    "sellingAndMarketingExpenses": 4547000,
    "sellingGeneralAndAdministrativeExpenses": 7504000,
    "otherExpenses": 0,
    "operatingExpenses": 34826000,
    "costAndExpenses": 79707000,
    "interestIncome": 217000,
    "interestExpense": 13598000,
    "depreciationAndAmortization": 27141000,
    "ebitda": 49304000,
    "ebitdaratio": 0.4863094768,
    "operatingIncome": 21174000,
    "operatingIncomeRatio": 0.2088495226,
    "totalOtherIncomeExpensesNet": -21174000,
    "incomeBeforeTax": 6749000,
    "incomeBeforeTaxRatio": 0.0665686893,
    "incomeTaxExpense": -6749000,
    "netIncome": 6749000,
    "netIncomeRatio": 0.0665686893,
    "eps": 0.2,
    "epsdiluted": 0.2,
    "weightedAverageShsOut": 33312000,
    "weightedAverageShsOutDil": 33413000,
    "link": "https://www.sec.gov/Archives/edgar/data/912595/000114420410057679/0001144204-10-057679-index.htm",
    "finalLink": "https://www.sec.gov/Archives/edgar/data/912595/000114420410057679/v200803_10q.htm"
  },
  {
    "date": "2010-06-30",
    "symbol": "MAA",
    "reportedCurrency": "USD",
    "cik": "0000912595",
    "fillingDate": "2010-08-05",
    "acceptedDate": "2010-08-05 17:06:33",
    "calendarYear": "2010",
    "period": "Q2",
    "revenue": 98901000,
    "costOfRevenue": 42374000,
    "grossProfit": 56021000,
    "grossProfitRatio": 0.566435122,
    "researchAndDevelopmentExpenses": 0,
    "generalAndAdministrativeExpenses": 0,
    "sellingAndMarketingExpenses": 4479000,
    "sellingGeneralAndAdministrativeExpenses": 7589000,
    "otherExpenses": 0,
    "operatingExpenses": 32886000,
    "costAndExpenses": 75260000,
    "interestIncome": 86000,
    "interestExpense": 13993000,
    "depreciationAndAmortization": 25591000,
    "ebitda": 46378000,
    "ebitdaratio": 0.46893358,
    "operatingIncome": 23135000,
    "operatingIncomeRatio": 0.2339207895,
    "totalOtherIncomeExpensesNet": -16330000,
    "incomeBeforeTax": 6660000,
    "incomeBeforeTaxRatio": 0.0673400673,
    "incomeTaxExpense": -6660000,
    "netIncome": 6660000,
    "netIncomeRatio": 0.0673400673,
    "eps": 0.22,
    "epsdiluted": 0.22,
    "weightedAverageShsOut": 30628000,
    "weightedAverageShsOutDil": 30736000,
    "link": "https://www.sec.gov/Archives/edgar/data/912595/000114420410041637/0001144204-10-041637-index.htm",
    "finalLink": "https://www.sec.gov/Archives/edgar/data/912595/000114420410041637/v191856_10q.htm"
  },
  {
    "date": "2010-03-31",
    "symbol": "MAA",
    "reportedCurrency": "USD",
    "cik": "0000912595",
    "fillingDate": "2010-05-06",
    "acceptedDate": "2010-05-06 17:10:36",
    "calendarYear": "2010",
    "period": "Q1",
    "revenue": 97464000,
    "costOfRevenue": 41551000,
    "grossProfit": 55913000,
    "grossProfitRatio": 0.5736784864,
    "researchAndDevelopmentExpenses": 0,
    "generalAndAdministrativeExpenses": 0,
    "sellingAndMarketingExpenses": 4277000,
    "sellingGeneralAndAdministrativeExpenses": 7088000,
    "otherExpenses": 0,
    "operatingExpenses": 32144000,
    "costAndExpenses": 73695000,
    "interestIncome": 315000,
    "interestExpense": 13891000,
    "depreciationAndAmortization": 25675000,
    "ebitda": 49415000,
    "ebitdaratio": 0.5070077157,
    "operatingIncome": 23769000,
    "operatingIncomeRatio": 0.2438746614,
    "totalOtherIncomeExpensesNet": -13920000,
    "incomeBeforeTax": 9412000,
    "incomeBeforeTaxRatio": 0.0965689896,
    "incomeTaxExpense": -9412000,
    "netIncome": 9412000,
    "netIncomeRatio": 0.0965689896,
    "eps": 0.32,
    "epsdiluted": 0.32,
    "weightedAverageShsOut": 29129793,
    "weightedAverageShsOutDil": 29203673,
    "link": "https://www.sec.gov/Archives/edgar/data/912595/000114420410025042/0001144204-10-025042-index.htm",
    "finalLink": "https://www.sec.gov/Archives/edgar/data/912595/000114420410025042/v183466_10q.htm"
  },
  {
    "date": "2009-12-31",
    "symbol": "MAA",
    "reportedCurrency": "USD",
    "cik": "0000912595",
    "fillingDate": "2010-02-25",
    "acceptedDate": "2010-02-25 17:21:49",
    "calendarYear": "2009",
    "period": "Q4",
    "revenue": 95987000,
    "costOfRevenue": 137038000,
    "grossProfit": -41051000,
    "grossProfitRatio": -0.4276724973,
    "researchAndDevelopmentExpenses": 0,
    "generalAndAdministrativeExpenses": 0,
    "sellingAndMarketingExpenses": -21243000,
    "sellingGeneralAndAdministrativeExpenses": 7483000,
    "otherExpenses": -71316000,
    "operatingExpenses": -63022000,
    "costAndExpenses": 74016000,
    "interestIncome": 76000,
    "interestExpense": 14022000,
    "depreciationAndAmortization": 25296000,
    "ebitda": 48078000,
    "ebitdaratio": 0.5008803275,
    "operatingIncome": 21971000,
    "operatingIncomeRatio": 0.2288955796,
    "totalOtherIncomeExpensesNet": -21971000,
    "incomeBeforeTax": 9306000,
    "incomeBeforeTaxRatio": 0.0969506287,
    "incomeTaxExpense": -9306000,
    "netIncome": 9306000,
    "netIncomeRatio": 0.0969506287,
    "eps": 0.33,
    "epsdiluted": 0.33,
    "weightedAverageShsOut": 28364000,
    "weightedAverageShsOutDil": 28364000,
    "link": "https://www.sec.gov/Archives/edgar/data/912595/000114420410009958/0001144204-10-009958-index.htm",
    "finalLink": "https://www.sec.gov/Archives/edgar/data/912595/000114420410009958/v174978_10k.htm"
  },
  {
    "date": "2009-09-30",
    "symbol": "MAA",
    "reportedCurrency": "USD",
    "cik": "0000912595",
    "fillingDate": "2009-09-30",
    "acceptedDate": "2009-09-29 20:00:00",
    "calendarYear": "2009",
    "period": "Q3",
    "revenue": 94524000,
    "costOfRevenue": 66050000,
    "grossProfit": 28949000,
    "grossProfitRatio": 0.3062608438,
    "researchAndDevelopmentExpenses": 0,
    "generalAndAdministrativeExpenses": 0,
    "sellingAndMarketingExpenses": 0,
    "sellingGeneralAndAdministrativeExpenses": 7170000,
    "otherExpenses": 23913000,
    "operatingExpenses": 22107000,
    "costAndExpenses": 88157000,
    "interestIncome": 161000,
    "interestExpense": 14371000,
    "depreciationAndAmortization": 24500000,
    "ebitda": 46279000,
    "ebitdaratio": 0.4896005247,
    "operatingIncome": 6842000,
    "operatingIncomeRatio": 0.0723837332,
    "totalOtherIncomeExpensesNet": -6842000,
    "incomeBeforeTax": 20734000,
    "incomeBeforeTaxRatio": 0.219351699,
    "incomeTaxExpense": 14873000,
    "netIncome": 6618000,
    "netIncomeRatio": 0.0700139647,
    "eps": 0.23,
    "epsdiluted": 0.23,
    "weightedAverageShsOut": 28364000,
    "weightedAverageShsOutDil": 28441000,
    "link": null,
    "finalLink": null
  },
  {
    "date": "2009-06-30",
    "symbol": "MAA",
    "reportedCurrency": "USD",
    "cik": "0000912595",
    "fillingDate": "2009-06-30",
    "acceptedDate": "2009-06-29 20:00:00",
    "calendarYear": "2009",
    "period": "Q2",
    "revenue": 94433000,
    "costOfRevenue": 62740000,
    "grossProfit": 31822000,
    "grossProfitRatio": 0.3369796575,
    "researchAndDevelopmentExpenses": 0,
    "generalAndAdministrativeExpenses": 0,
    "sellingAndMarketingExpenses": 0,
    "sellingGeneralAndAdministrativeExpenses": 7189000,
    "otherExpenses": 0,
    "operatingExpenses": 7296000,
    "costAndExpenses": 70036000,
    "interestIncome": 68000,
    "interestExpense": 14472000,
    "depreciationAndAmortization": 24406000,
    "ebitda": 49039000,
    "ebitdaratio": 0.5192993975,
    "operatingIncome": 24526000,
    "operatingIncomeRatio": 0.2597185306,
    "totalOtherIncomeExpensesNet": -24526000,
    "incomeBeforeTax": 23534000,
    "incomeBeforeTaxRatio": 0.2492137283,
    "incomeTaxExpense": 14329000,
    "netIncome": 10148000,
    "netIncomeRatio": 0.1074624337,
    "eps": 0.36,
    "epsdiluted": 0.36,
    "weightedAverageShsOut": 28105000,
    "weightedAverageShsOutDil": 28184000,
    "link": null,
    "finalLink": null
  },
  {
    "date": "2009-03-31",
    "symbol": "MAA",
    "reportedCurrency": "USD",
    "cik": "0000912595",
    "fillingDate": "2009-03-31",
    "acceptedDate": "2009-03-31 00:00:00",
    "calendarYear": "2009",
    "period": "Q1",
    "revenue": 93600000,
    "costOfRevenue": 61880000,
    "grossProfit": 31784000,
    "grossProfitRatio": 0.3395726496,
    "researchAndDevelopmentExpenses": 0,
    "generalAndAdministrativeExpenses": 0,
    "sellingAndMarketingExpenses": 0,
    "sellingGeneralAndAdministrativeExpenses": 6698000,
    "otherExpenses": 0,
    "operatingExpenses": 6700000,
    "costAndExpenses": 68580000,
    "interestIncome": 80000,
    "interestExpense": 14229000,
    "depreciationAndAmortization": 24191000,
    "ebitda": 49277000,
    "ebitdaratio": 0.5264636752,
    "operatingIncome": 25084000,
    "operatingIncomeRatio": 0.267991453,
    "totalOtherIncomeExpensesNet": -25084000,
    "incomeBeforeTax": 11139000,
    "incomeBeforeTaxRatio": 0.1190064103,
    "incomeTaxExpense": -11139000,
    "netIncome": 11139000,
    "netIncomeRatio": 0.1190064103,
    "eps": 0.4,
    "epsdiluted": 0.4,
    "weightedAverageShsOut": 28085000,
    "weightedAverageShsOutDil": 28165000,
    "link": null,
    "finalLink": null
  },
  {
    "date": "2008-12-31",
    "symbol": "MAA",
    "reportedCurrency": "USD",
    "cik": "0000912595",
    "fillingDate": "2009-02-25",
    "acceptedDate": "2009-02-25 10:32:19",
    "calendarYear": "2008",
    "period": "Q4",
    "revenue": 94838000,
    "costOfRevenue": 130024000,
    "grossProfit": -35186000,
    "grossProfitRatio": -0.3710116198,
    "researchAndDevelopmentExpenses": 0,
    "generalAndAdministrativeExpenses": 0,
    "sellingAndMarketingExpenses": -18792000,
    "sellingGeneralAndAdministrativeExpenses": 7014000,
    "otherExpenses": -66373000,
    "operatingExpenses": -59359000,
    "costAndExpenses": 70665000,
    "interestIncome": 170000,
    "interestExpense": 15826000,
    "depreciationAndAmortization": 25108000,
    "ebitda": 49281000,
    "ebitdaratio": 0.5196334803,
    "operatingIncome": 24173000,
    "operatingIncomeRatio": 0.2548872815,
    "totalOtherIncomeExpensesNet": -24173000,
    "incomeBeforeTax": 7733000,
    "incomeBeforeTaxRatio": 0.0815390455,
    "incomeTaxExpense": -7733000,
    "netIncome": 7733000,
    "netIncomeRatio": 0.0815390455,
    "eps": 0.28,
    "epsdiluted": 0.28,
    "weightedAverageShsOut": 28062000,
    "weightedAverageShsOutDil": 28085000,
    "link": "https://www.sec.gov/Archives/edgar/data/912595/000120677409000321/0001206774-09-000321-index.htm",
    "finalLink": "https://www.sec.gov/Archives/edgar/data/912595/000120677409000321/mid-america_10k.htm"
  },
  {
    "date": "2008-09-30",
    "symbol": "MAA",
    "reportedCurrency": "USD",
    "cik": "0000912595",
    "fillingDate": "2008-11-06",
    "acceptedDate": "2008-11-06 17:05:25",
    "calendarYear": "2008",
    "period": "Q3",
    "revenue": 93415000,
    "costOfRevenue": 40961000,
    "grossProfit": 52831000,
    "grossProfitRatio": 0.5655515709,
    "researchAndDevelopmentExpenses": 0,
    "generalAndAdministrativeExpenses": 0,
    "sellingAndMarketingExpenses": -1521000,
    "sellingGeneralAndAdministrativeExpenses": 7226000,
    "otherExpenses": 22558000,
    "operatingExpenses": 29785000,
    "costAndExpenses": 70746000,
    "interestIncome": 115000,
    "interestExpense": 15004000,
    "depreciationAndAmortization": 22973000,
    "ebitda": 46019000,
    "ebitdaratio": 0.4926296633,
    "operatingIncome": 23046000,
    "operatingIncomeRatio": 0.2467055612,
    "totalOtherIncomeExpensesNet": -23046000,
    "incomeBeforeTax": 6193000,
    "incomeBeforeTaxRatio": 0.0662955628,
    "incomeTaxExpense": -6193000,
    "netIncome": 6193000,
    "netIncomeRatio": 0.0662955628,
    "eps": 0.23,
    "epsdiluted": 0.22,
    "weightedAverageShsOut": 27474000,
    "weightedAverageShsOutDil": 27597000,
    "link": "https://www.sec.gov/Archives/edgar/data/912595/000091259508000107/0000912595-08-000107-index.htm",
    "finalLink": "https://www.sec.gov/Archives/edgar/data/912595/000091259508000107/form10-q.htm"
  },
  {
    "date": "2008-06-30",
    "symbol": "MAA",
    "reportedCurrency": "USD",
    "cik": "0000912595",
    "fillingDate": "2008-07-31",
    "acceptedDate": "2008-07-31 17:18:45",
    "calendarYear": "2008",
    "period": "Q2",
    "revenue": 92834000,
    "costOfRevenue": 59960000,
    "grossProfit": 31476000,
    "grossProfitRatio": 0.3390568111,
    "researchAndDevelopmentExpenses": 0,
    "generalAndAdministrativeExpenses": 0,
    "sellingAndMarketingExpenses": 1467000,
    "sellingGeneralAndAdministrativeExpenses": 7218000,
    "otherExpenses": 22420000,
    "operatingExpenses": 7218000,
    "costAndExpenses": 67178000,
    "interestIncome": 116000,
    "interestExpense": 15145000,
    "depreciationAndAmortization": 22204000,
    "ebitda": 46462000,
    "ebitdaratio": 0.5004847362,
    "operatingIncome": 24258000,
    "operatingIncomeRatio": 0.2613051253,
    "totalOtherIncomeExpensesNet": -24258000,
    "incomeBeforeTax": 8644000,
    "incomeBeforeTaxRatio": 0.0931124373,
    "incomeTaxExpense": -8644000,
    "netIncome": 8644000,
    "netIncomeRatio": 0.0931124373,
    "eps": 0.32,
    "epsdiluted": 0.32,
    "weightedAverageShsOut": 26599000,
    "weightedAverageShsOutDil": 26761000,
    "link": "https://www.sec.gov/Archives/edgar/data/912595/000091259508000101/0000912595-08-000101-index.htm",
    "finalLink": "https://www.sec.gov/Archives/edgar/data/912595/000091259508000101/form10-q.htm"
  },
  {
    "date": "2008-03-31",
    "symbol": "MAA",
    "reportedCurrency": "USD",
    "cik": "0000912595",
    "fillingDate": "2008-05-01",
    "acceptedDate": "2008-05-01 17:06:06",
    "calendarYear": "2008",
    "period": "Q1",
    "revenue": 92144000,
    "costOfRevenue": 58818000,
    "grossProfit": 31931000,
    "grossProfitRatio": 0.3465336864,
    "researchAndDevelopmentExpenses": 0,
    "generalAndAdministrativeExpenses": 2920000,
    "sellingAndMarketingExpenses": 0,
    "sellingGeneralAndAdministrativeExpenses": 7178000,
    "otherExpenses": 56964000,
    "operatingExpenses": 7178000,
    "costAndExpenses": 65996000,
    "interestIncome": 108000,
    "interestExpense": 7679000,
    "depreciationAndAmortization": 22896000,
    "ebitda": 47649000,
    "ebitdaratio": 0.5171145164,
    "operatingIncome": 24753000,
    "operatingIncomeRatio": 0.2686338774,
    "totalOtherIncomeExpensesNet": -24753000,
    "incomeBeforeTax": 7679000,
    "incomeBeforeTaxRatio": 0.0833369509,
    "incomeTaxExpense": -7679000,
    "netIncome": 7679000,
    "netIncomeRatio": 0.0833369509,
    "eps": 0.3,
    "epsdiluted": 0.3,
    "weightedAverageShsOut": 25628000,
    "weightedAverageShsOutDil": 25797000,
    "link": "https://www.sec.gov/Archives/edgar/data/912595/000091259508000066/0000912595-08-000066-index.htm",
    "finalLink": "https://www.sec.gov/Archives/edgar/data/912595/000091259508000066/form10-q.htm"
  },
  {
    "date": "2007-12-31",
    "symbol": "MAA",
    "reportedCurrency": "USD",
    "cik": "0000912595",
    "fillingDate": "2008-02-27",
    "acceptedDate": "2008-02-27 17:23:17",
    "calendarYear": "2007",
    "period": "Q4",
    "revenue": 91023000,
    "costOfRevenue": 0,
    "grossProfit": 91023000,
    "grossProfitRatio": 1,
    "researchAndDevelopmentExpenses": 0,
    "generalAndAdministrativeExpenses": 3179000,
    "sellingAndMarketingExpenses": 0,
    "sellingGeneralAndAdministrativeExpenses": 3179000,
    "otherExpenses": 55003000,
    "operatingExpenses": 66129000,
    "costAndExpenses": 66129000,
    "interestIncome": 0,
    "interestExpense": 7604000,
    "depreciationAndAmortization": 22476000,
    "ebitda": 55317000,
    "ebitdaratio": 0.6077255199,
    "operatingIncome": 24894000,
    "operatingIncomeRatio": 0.2734913154,
    "totalOtherIncomeExpensesNet": -24894000,
    "incomeBeforeTax": 7604000,
    "incomeBeforeTaxRatio": 0.0835393252,
    "incomeTaxExpense": -7604000,
    "netIncome": 7604000,
    "netIncomeRatio": 0.0835393252,
    "eps": 0.3,
    "epsdiluted": 0.3,
    "weightedAverageShsOut": 25443000,
    "weightedAverageShsOutDil": 25628000,
    "link": "https://www.sec.gov/Archives/edgar/data/912595/000120677408000381/0001206774-08-000381-index.htm",
    "finalLink": "https://www.sec.gov/Archives/edgar/data/912595/000120677408000381/midamerica_10k.htm"
  },
  {
    "date": "2007-09-30",
    "symbol": "MAA",
    "reportedCurrency": "USD",
    "cik": "0000912595",
    "fillingDate": "2007-11-01",
    "acceptedDate": "2007-11-01 17:05:05",
    "calendarYear": "2007",
    "period": "Q3",
    "revenue": 90164000,
    "costOfRevenue": 36405000,
    "grossProfit": 52018000,
    "grossProfitRatio": 0.5769264895,
    "researchAndDevelopmentExpenses": 0,
    "generalAndAdministrativeExpenses": 2401000,
    "sellingAndMarketingExpenses": 0,
    "sellingGeneralAndAdministrativeExpenses": 6758000,
    "otherExpenses": 56714000,
    "operatingExpenses": 28283000,
    "costAndExpenses": 64688000,
    "interestIncome": 4000,
    "interestExpense": 11900000,
    "depreciationAndAmortization": 21296000,
    "ebitda": 45260000,
    "ebitdaratio": 0.5019741804,
    "operatingIncome": 23735000,
    "operatingIncomeRatio": 0.2632425358,
    "totalOtherIncomeExpensesNet": -23735000,
    "incomeBeforeTax": 11900000,
    "incomeBeforeTaxRatio": 0.1319817222,
    "incomeTaxExpense": -11900000,
    "netIncome": 11900000,
    "netIncomeRatio": 0.1319817222,
    "eps": 0.47,
    "epsdiluted": 0.47,
    "weightedAverageShsOut": 25362000,
    "weightedAverageShsOutDil": 25514000,
    "link": "https://www.sec.gov/Archives/edgar/data/912595/000091259507000119/0000912595-07-000119-index.htm",
    "finalLink": "https://www.sec.gov/Archives/edgar/data/912595/000091259507000119/form10-q.htm"
  },
  {
    "date": "2007-06-30",
    "symbol": "MAA",
    "reportedCurrency": "USD",
    "cik": "0000912595",
    "fillingDate": "2007-08-02",
    "acceptedDate": "2007-08-02 17:05:35",
    "calendarYear": "2007",
    "period": "Q2",
    "revenue": 86779000,
    "costOfRevenue": 36469000,
    "grossProfit": 50310000,
    "grossProfitRatio": 0.5797485567,
    "researchAndDevelopmentExpenses": 0,
    "generalAndAdministrativeExpenses": 2882000,
    "sellingAndMarketingExpenses": 0,
    "sellingGeneralAndAdministrativeExpenses": 6936000,
    "otherExpenses": 61583000,
    "operatingExpenses": 28044000,
    "costAndExpenses": 64513000,
    "interestIncome": 51000,
    "interestExpense": 9118000,
    "depreciationAndAmortization": 21682000,
    "ebitda": 43948000,
    "ebitdaratio": 0.5064358889,
    "operatingIncome": 22266000,
    "operatingIncomeRatio": 0.2565828138,
    "totalOtherIncomeExpensesNet": -22266000,
    "incomeBeforeTax": 9118000,
    "incomeBeforeTaxRatio": 0.1050715035,
    "incomeTaxExpense": -9118000,
    "netIncome": 9118000,
    "netIncomeRatio": 0.1050715035,
    "eps": 0.36,
    "epsdiluted": 0.36,
    "weightedAverageShsOut": 25288000,
    "weightedAverageShsOutDil": 25464000,
    "link": "https://www.sec.gov/Archives/edgar/data/912595/000091259507000089/0000912595-07-000089-index.htm",
    "finalLink": "https://www.sec.gov/Archives/edgar/data/912595/000091259507000089/form10-q.htm"
  },
  {
    "date": "2007-03-31",
    "symbol": "MAA",
    "reportedCurrency": "USD",
    "cik": "0000912595",
    "fillingDate": "2007-05-03",
    "acceptedDate": "2007-05-03 17:04:48",
    "calendarYear": "2007",
    "period": "Q1",
    "revenue": 84991000,
    "costOfRevenue": 0,
    "grossProfit": 84991000,
    "grossProfitRatio": 1,
    "researchAndDevelopmentExpenses": 0,
    "generalAndAdministrativeExpenses": 2930000,
    "sellingAndMarketingExpenses": 0,
    "sellingGeneralAndAdministrativeExpenses": 2672000,
    "otherExpenses": 60392000,
    "operatingExpenses": 63319000,
    "costAndExpenses": 63319000,
    "interestIncome": 0,
    "interestExpense": 11324000,
    "depreciationAndAmortization": 21849000,
    "ebitda": 50606000,
    "ebitdaratio": 0.5954277512,
    "operatingIncome": 21672000,
    "operatingIncomeRatio": 0.254991705,
    "totalOtherIncomeExpensesNet": -21672000,
    "incomeBeforeTax": 11324000,
    "incomeBeforeTaxRatio": 0.1332376369,
    "incomeTaxExpense": -11324000,
    "netIncome": 11324000,
    "netIncomeRatio": 0.1332376369,
    "eps": 0.45,
    "epsdiluted": 0.45,
    "weightedAverageShsOut": 25087000,
    "weightedAverageShsOutDil": 25289000,
    "link": "https://www.sec.gov/Archives/edgar/data/912595/000091259507000046/0000912595-07-000046-index.htm",
    "finalLink": "https://www.sec.gov/Archives/edgar/data/912595/000091259507000046/for10-q.htm"
  },
  {
    "date": "2006-12-31",
    "symbol": "MAA",
    "reportedCurrency": "USD",
    "cik": "0000912595",
    "fillingDate": "2007-02-28",
    "acceptedDate": "2007-02-28 17:29:45",
    "calendarYear": "2006",
    "period": "Q4",
    "revenue": 84888000,
    "costOfRevenue": 0,
    "grossProfit": 84888000,
    "grossProfitRatio": 1,
    "researchAndDevelopmentExpenses": 0,
    "generalAndAdministrativeExpenses": 3178000,
    "sellingAndMarketingExpenses": 0,
    "sellingGeneralAndAdministrativeExpenses": 3178000,
    "otherExpenses": 35358000,
    "operatingExpenses": 63499000,
    "costAndExpenses": 63499000,
    "interestIncome": 0,
    "interestExpense": 4297000,
    "depreciationAndAmortization": 22017000,
    "ebitda": 68369000,
    "ebitdaratio": 0.8054024126,
    "operatingIncome": 21389000,
    "operatingIncomeRatio": 0.2519672981,
    "totalOtherIncomeExpensesNet": -21389000,
    "incomeBeforeTax": 4297000,
    "incomeBeforeTaxRatio": 0.05061964,
    "incomeTaxExpense": -4297000,
    "netIncome": 4297000,
    "netIncomeRatio": 0.05061964,
    "eps": 0.17,
    "epsdiluted": 0.17,
    "weightedAverageShsOut": 24599000,
    "weightedAverageShsOutDil": 25087000,
    "link": "https://www.sec.gov/Archives/edgar/data/912595/000120677407000529/0001206774-07-000529-index.htm",
    "finalLink": "https://www.sec.gov/Archives/edgar/data/912595/000120677407000529/midamerica_10-k.htm"
  },
  {
    "date": "2006-09-30",
    "symbol": "MAA",
    "reportedCurrency": "USD",
    "cik": "0000912595",
    "fillingDate": "2006-11-02",
    "acceptedDate": "2006-11-02 17:04:26",
    "calendarYear": "2006",
    "period": "Q3",
    "revenue": 82749000,
    "costOfRevenue": 0,
    "grossProfit": 82183000,
    "grossProfitRatio": 0.9931600382,
    "researchAndDevelopmentExpenses": 0,
    "generalAndAdministrativeExpenses": 2555000,
    "sellingAndMarketingExpenses": 0,
    "sellingGeneralAndAdministrativeExpenses": 2555000,
    "otherExpenses": 58340000,
    "operatingExpenses": 60584000,
    "costAndExpenses": 60584000,
    "interestIncome": 0,
    "interestExpense": 5630000,
    "depreciationAndAmortization": 20000000,
    "ebitda": 47521000,
    "ebitdaratio": 0.5742788432,
    "operatingIncome": 21599000,
    "operatingIncomeRatio": 0.26101826,
    "totalOtherIncomeExpensesNet": -21599000,
    "incomeBeforeTax": 5630000,
    "incomeBeforeTaxRatio": 0.068037076,
    "incomeTaxExpense": -5630000,
    "netIncome": 5630000,
    "netIncomeRatio": 0.068037076,
    "eps": 0.23,
    "epsdiluted": 0.23,
    "weightedAverageShsOut": 23990000,
    "weightedAverageShsOutDil": 24215000,
    "link": "https://www.sec.gov/Archives/edgar/data/912595/000091259506000167/0000912595-06-000167-index.htm",
    "finalLink": "https://www.sec.gov/Archives/edgar/data/912595/000091259506000167/form10-q.htm"
  },
  {
    "date": "2006-06-30",
    "symbol": "MAA",
    "reportedCurrency": "USD",
    "cik": "0000912595",
    "fillingDate": "2006-08-03",
    "acceptedDate": "2006-08-03 17:07:23",
    "calendarYear": "2006",
    "period": "Q2",
    "revenue": 80364000,
    "costOfRevenue": 0,
    "grossProfit": 79795000,
    "grossProfitRatio": 0.9929197153,
    "researchAndDevelopmentExpenses": 0,
    "generalAndAdministrativeExpenses": 2682000,
    "sellingAndMarketingExpenses": 0,
    "sellingGeneralAndAdministrativeExpenses": 2682000,
    "otherExpenses": 49500000,
    "operatingExpenses": 57909000,
    "costAndExpenses": 57909000,
    "interestIncome": 0,
    "interestExpense": 5892000,
    "depreciationAndAmortization": 19890000,
    "ebitda": 41776000,
    "ebitdaratio": 0.5198347519,
    "operatingIncome": 21886000,
    "operatingIncomeRatio": 0.2723358718,
    "totalOtherIncomeExpensesNet": -21886000,
    "incomeBeforeTax": 5892000,
    "incomeBeforeTaxRatio": 0.0733164103,
    "incomeTaxExpense": -5892000,
    "netIncome": 5892000,
    "netIncomeRatio": 0.0733164103,
    "eps": 0.25,
    "epsdiluted": 0.25,
    "weightedAverageShsOut": 23152000,
    "weightedAverageShsOutDil": 23374000,
    "link": "https://www.sec.gov/Archives/edgar/data/912595/000091259506000123/0000912595-06-000123-index.htm",
    "finalLink": "https://www.sec.gov/Archives/edgar/data/912595/000091259506000123/form10-q.htm"
  },
  {
    "date": "2006-03-31",
    "symbol": "MAA",
    "reportedCurrency": "USD",
    "cik": "0000912595",
    "fillingDate": "2006-05-04",
    "acceptedDate": "2006-05-04 17:07:11",
    "calendarYear": "2006",
    "period": "Q1",
    "revenue": 78646000,
    "costOfRevenue": 0,
    "grossProfit": 77391000,
    "grossProfitRatio": 0.9840424179,
    "researchAndDevelopmentExpenses": 0,
    "generalAndAdministrativeExpenses": 3361000,
    "sellingAndMarketingExpenses": 0,
    "sellingGeneralAndAdministrativeExpenses": 3361000,
    "otherExpenses": 47069000,
    "operatingExpenses": 55441000,
    "costAndExpenses": 55441000,
    "interestIncome": 0,
    "interestExpense": 5126000,
    "depreciationAndAmortization": 19125000,
    "ebitda": 41075000,
    "ebitdaratio": 0.5222770389,
    "operatingIncome": 21950000,
    "operatingIncomeRatio": 0.2790987463,
    "totalOtherIncomeExpensesNet": -21950000,
    "incomeBeforeTax": 5126000,
    "incomeBeforeTaxRatio": 0.06517814,
    "incomeTaxExpense": -5126000,
    "netIncome": 5126000,
    "netIncomeRatio": 0.06517814,
    "eps": 0.23,
    "epsdiluted": 0.23,
    "weightedAverageShsOut": 22134000,
    "weightedAverageShsOutDil": 22366000,
    "link": "https://www.sec.gov/Archives/edgar/data/912595/000091259506000078/0000912595-06-000078-index.htm",
    "finalLink": "https://www.sec.gov/Archives/edgar/data/912595/000091259506000078/form10-q.htm"
  },
  {
    "date": "2005-12-31",
    "symbol": "MAA",
    "reportedCurrency": "USD",
    "cik": "0000912595",
    "fillingDate": "2006-03-01",
    "acceptedDate": "2006-03-01 16:33:26",
    "calendarYear": "2005",
    "period": "Q4",
    "revenue": 77997000,
    "costOfRevenue": 0,
    "grossProfit": 77997000,
    "grossProfitRatio": 1,
    "researchAndDevelopmentExpenses": 0,
    "generalAndAdministrativeExpenses": 3206000,
    "sellingAndMarketingExpenses": 0,
    "sellingGeneralAndAdministrativeExpenses": 3206000,
    "otherExpenses": 47987000,
    "operatingExpenses": 73418000,
    "costAndExpenses": 73418000,
    "interestIncome": 0,
    "interestExpense": 3610000,
    "depreciationAndAmortization": 20021000,
    "ebitda": 46825000,
    "ebitdaratio": 0.600343603,
    "operatingIncome": 4579000,
    "operatingIncomeRatio": 0.0587073862,
    "totalOtherIncomeExpensesNet": -4579000,
    "incomeBeforeTax": 3610000,
    "incomeBeforeTaxRatio": 0.0462838314,
    "incomeTaxExpense": -3610000,
    "netIncome": 3610000,
    "netIncomeRatio": 0.0462838314,
    "eps": 0.17,
    "epsdiluted": 0.16,
    "weightedAverageShsOut": 21786000,
    "weightedAverageShsOutDil": 22134000,
    "link": "https://www.sec.gov/Archives/edgar/data/912595/000120677406000351/0001206774-06-000351-index.htm",
    "finalLink": "https://www.sec.gov/Archives/edgar/data/912595/000120677406000351/d18659_10k.htm"
  },
  {
    "date": "2005-09-30",
    "symbol": "MAA",
    "reportedCurrency": "USD",
    "cik": "0000912595",
    "fillingDate": "2005-10-31",
    "acceptedDate": "2005-10-31 17:13:58",
    "calendarYear": "2005",
    "period": "Q3",
    "revenue": 75155000,
    "costOfRevenue": 0,
    "grossProfit": 74922000,
    "grossProfitRatio": 0.9968997405,
    "researchAndDevelopmentExpenses": 0,
    "generalAndAdministrativeExpenses": 2329000,
    "sellingAndMarketingExpenses": 0,
    "sellingGeneralAndAdministrativeExpenses": 2329000,
    "otherExpenses": 49152000,
    "operatingExpenses": 56460000,
    "costAndExpenses": 56460000,
    "interestIncome": 0,
    "interestExpense": 3615000,
    "depreciationAndAmortization": 19479000,
    "ebitda": 37941000,
    "ebitdaratio": 0.5048366709,
    "operatingIncome": 18462000,
    "operatingIncomeRatio": 0.2456523185,
    "totalOtherIncomeExpensesNet": -18462000,
    "incomeBeforeTax": 3615000,
    "incomeBeforeTaxRatio": 0.0481005921,
    "incomeTaxExpense": -3615000,
    "netIncome": 3615000,
    "netIncomeRatio": 0.0481005921,
    "eps": 0.17,
    "epsdiluted": 0.17,
    "weightedAverageShsOut": 21548000,
    "weightedAverageShsOutDil": 21844000,
    "link": "https://www.sec.gov/Archives/edgar/data/912595/000091259505000176/0000912595-05-000176-index.htm",
    "finalLink": "https://www.sec.gov/Archives/edgar/data/912595/000091259505000176/mac3q05q.htm"
  },
  {
    "date": "2005-06-30",
    "symbol": "MAA",
    "reportedCurrency": "USD",
    "cik": "0000912595",
    "fillingDate": "2005-08-04",
    "acceptedDate": "2005-08-04 16:54:31",
    "calendarYear": "2005",
    "period": "Q2",
    "revenue": 72862000,
    "costOfRevenue": 0,
    "grossProfit": 72517000,
    "grossProfitRatio": 0.9952650215,
    "researchAndDevelopmentExpenses": 0,
    "generalAndAdministrativeExpenses": 2163000,
    "sellingAndMarketingExpenses": 0,
    "sellingGeneralAndAdministrativeExpenses": 2163000,
    "otherExpenses": 46506000,
    "operatingExpenses": 48473000,
    "costAndExpenses": 48473000,
    "interestIncome": 0,
    "interestExpense": 8193000,
    "depreciationAndAmortization": 18575000,
    "ebitda": 42867000,
    "ebitdaratio": 0.5883313661,
    "operatingIncome": 24044000,
    "operatingIncomeRatio": 0.3299936867,
    "totalOtherIncomeExpensesNet": -24044000,
    "incomeBeforeTax": 8193000,
    "incomeBeforeTaxRatio": 0.1124454448,
    "incomeTaxExpense": -8193000,
    "netIncome": 8193000,
    "netIncomeRatio": 0.1124454448,
    "eps": 0.38,
    "epsdiluted": 0.38,
    "weightedAverageShsOut": 21351000,
    "weightedAverageShsOutDil": 21625000,
    "link": "https://www.sec.gov/Archives/edgar/data/912595/000091259505000125/0000912595-05-000125-index.htm",
    "finalLink": "https://www.sec.gov/Archives/edgar/data/912595/000091259505000125/mac2q05q.htm"
  },
  {
    "date": "2005-03-31",
    "symbol": "MAA",
    "reportedCurrency": "USD",
    "cik": "0000912595",
    "fillingDate": "2005-05-05",
    "acceptedDate": "2005-05-05 17:26:05",
    "calendarYear": "2005",
    "period": "Q1",
    "revenue": 71441000,
    "costOfRevenue": 0,
    "grossProfit": 71693000,
    "grossProfitRatio": 1.0035273862,
    "researchAndDevelopmentExpenses": 0,
    "generalAndAdministrativeExpenses": 2656000,
    "sellingAndMarketingExpenses": 0,
    "sellingGeneralAndAdministrativeExpenses": 2656000,
    "otherExpenses": 44751000,
    "operatingExpenses": 47675000,
    "costAndExpenses": 47675000,
    "interestIncome": 0,
    "interestExpense": 4326000,
    "depreciationAndAmortization": 18509000,
    "ebitda": 42527000,
    "ebitdaratio": 0.5952744223,
    "operatingIncome": 24018000,
    "operatingIncomeRatio": 0.3361935023,
    "totalOtherIncomeExpensesNet": -24018000,
    "incomeBeforeTax": 4326000,
    "incomeBeforeTaxRatio": 0.0605534637,
    "incomeTaxExpense": -4326000,
    "netIncome": 4326000,
    "netIncomeRatio": 0.0605534637,
    "eps": 0.21,
    "epsdiluted": 0.2,
    "weightedAverageShsOut": 20928000,
    "weightedAverageShsOutDil": 21212000,
    "link": "https://www.sec.gov/Archives/edgar/data/912595/000091259505000075/0000912595-05-000075-index.htm",
    "finalLink": "https://www.sec.gov/Archives/edgar/data/912595/000091259505000075/mac1q05q.htm"
  },
  {
    "date": "2004-12-31",
    "symbol": "MAA",
    "reportedCurrency": "USD",
    "cik": "0000912595",
    "fillingDate": "2005-03-15",
    "acceptedDate": "2005-03-15 12:24:44",
    "calendarYear": "2004",
    "period": "Q4",
    "revenue": 68690000,
    "costOfRevenue": 0,
    "grossProfit": 68690000,
    "grossProfitRatio": 1,
    "researchAndDevelopmentExpenses": 0,
    "generalAndAdministrativeExpenses": 2401000,
    "sellingAndMarketingExpenses": 0,
    "sellingGeneralAndAdministrativeExpenses": 2401000,
    "otherExpenses": 44282000,
    "operatingExpenses": 66280000,
    "costAndExpenses": 66280000,
    "interestIncome": 0,
    "interestExpense": 12020000,
    "depreciationAndAmortization": 18044000,
    "ebitda": 40051000,
    "ebitdaratio": 0.5830688601,
    "operatingIncome": 2410000,
    "operatingIncomeRatio": 0.0350851652,
    "totalOtherIncomeExpensesNet": -2410000,
    "incomeBeforeTax": 12020000,
    "incomeBeforeTaxRatio": 0.1749890814,
    "incomeTaxExpense": -12020000,
    "netIncome": 12020000,
    "netIncomeRatio": 0.1749890814,
    "eps": 0.58,
    "epsdiluted": 0.57,
    "weightedAverageShsOut": 20614000,
    "weightedAverageShsOutDil": 20928000,
    "link": "https://www.sec.gov/Archives/edgar/data/912595/000120677405000343/0001206774-05-000343-index.htm",
    "finalLink": "https://www.sec.gov/Archives/edgar/data/912595/000120677405000343/d16501_10-k.htm"
  },
  {
    "date": "2004-09-30",
    "symbol": "MAA",
    "reportedCurrency": "USD",
    "cik": "0000912595",
    "fillingDate": "2004-11-04",
    "acceptedDate": "2004-11-04 17:12:30",
    "calendarYear": "2004",
    "period": "Q3",
    "revenue": 67527000,
    "costOfRevenue": 0,
    "grossProfit": 67527000,
    "grossProfitRatio": 1,
    "researchAndDevelopmentExpenses": 0,
    "generalAndAdministrativeExpenses": 1953000,
    "sellingAndMarketingExpenses": 0,
    "sellingGeneralAndAdministrativeExpenses": 1953000,
    "otherExpenses": 44647000,
    "operatingExpenses": 46600000,
    "costAndExpenses": 46600000,
    "interestIncome": 0,
    "interestExpense": 3131000,
    "depreciationAndAmortization": 17617000,
    "ebitda": 38544000,
    "ebitdaratio": 0.5707939047,
    "operatingIncome": 20927000,
    "operatingIncomeRatio": 0.3099056674,
    "totalOtherIncomeExpensesNet": -20927000,
    "incomeBeforeTax": 3131000,
    "incomeBeforeTaxRatio": 0.0463666385,
    "incomeTaxExpense": -3131000,
    "netIncome": 3131000,
    "netIncomeRatio": 0.0463666385,
    "eps": 0.15,
    "epsdiluted": 0.15,
    "weightedAverageShsOut": 20338000,
    "weightedAverageShsOutDil": 20338000,
    "link": "https://www.sec.gov/Archives/edgar/data/912595/000091259504000130/0000912595-04-000130-index.htm",
    "finalLink": "https://www.sec.gov/Archives/edgar/data/912595/000091259504000130/mac3q04q.txt"
  },
  {
    "date": "2004-06-30",
    "symbol": "MAA",
    "reportedCurrency": "USD",
    "cik": "0000912595",
    "fillingDate": "2004-06-30",
    "acceptedDate": "2004-06-30 00:00:00",
    "calendarYear": "2004",
    "period": "Q2",
    "revenue": 66876000,
    "costOfRevenue": 0,
    "grossProfit": 66066000,
    "grossProfitRatio": 0.9878880316,
    "researchAndDevelopmentExpenses": 0,
    "generalAndAdministrativeExpenses": 2515000,
    "sellingAndMarketingExpenses": 0,
    "sellingGeneralAndAdministrativeExpenses": 2515000,
    "otherExpenses": 42207000,
    "operatingExpenses": 44081000,
    "costAndExpenses": 44081000,
    "interestIncome": 0,
    "interestExpense": 4992000,
    "depreciationAndAmortization": 17279000,
    "ebitda": 39264000,
    "ebitdaratio": 0.5871164543,
    "operatingIncome": 21985000,
    "operatingIncomeRatio": 0.3287427478,
    "totalOtherIncomeExpensesNet": -21985000,
    "incomeBeforeTax": 4992000,
    "incomeBeforeTaxRatio": 0.0746456128,
    "incomeTaxExpense": -4992000,
    "netIncome": 4992000,
    "netIncomeRatio": 0.0746456128,
    "eps": 0.25,
    "epsdiluted": 0.24,
    "weightedAverageShsOut": 20275000,
    "weightedAverageShsOutDil": 20585000,
    "link": null,
    "finalLink": null
  },
  {
    "date": "2004-03-31",
    "symbol": "MAA",
    "reportedCurrency": "USD",
    "cik": "0000912595",
    "fillingDate": "2004-05-07",
    "acceptedDate": "2004-05-06 18:01:17",
    "calendarYear": "2004",
    "period": "Q1",
    "revenue": 66488000,
    "costOfRevenue": 0,
    "grossProfit": 65501000,
    "grossProfitRatio": 0.985155216,
    "researchAndDevelopmentExpenses": 0,
    "generalAndAdministrativeExpenses": 2371000,
    "sellingAndMarketingExpenses": 0,
    "sellingGeneralAndAdministrativeExpenses": 2371000,
    "otherExpenses": 42329000,
    "operatingExpenses": 44037000,
    "costAndExpenses": 44037000,
    "interestIncome": 0,
    "interestExpense": 5055000,
    "depreciationAndAmortization": 17466000,
    "ebitda": 38930000,
    "ebitdaratio": 0.5855191914,
    "operatingIncome": 21464000,
    "operatingIncomeRatio": 0.3228251715,
    "totalOtherIncomeExpensesNet": -21464000,
    "incomeBeforeTax": 5055000,
    "incomeBeforeTaxRatio": 0.0760287571,
    "incomeTaxExpense": -5055000,
    "netIncome": 5055000,
    "netIncomeRatio": 0.0760287571,
    "eps": 0.25,
    "epsdiluted": 0.25,
    "weightedAverageShsOut": 20038000,
    "weightedAverageShsOutDil": 20365000,
    "link": "https://www.sec.gov/Archives/edgar/data/912595/000091259504000049/0000912595-04-000049-index.htm",
    "finalLink": "https://www.sec.gov/Archives/edgar/data/912595/000091259504000049/mac1q04q.txt"
  },
  {
    "date": "2003-12-31",
    "symbol": "MAA",
    "reportedCurrency": "USD",
    "cik": "0000912595",
    "fillingDate": "2004-03-12",
    "acceptedDate": "2004-03-12 10:08:07",
    "calendarYear": "2003",
    "period": "Q4",
    "revenue": 64477000,
    "costOfRevenue": 0,
    "grossProfit": 64477000,
    "grossProfitRatio": 1,
    "researchAndDevelopmentExpenses": 0,
    "generalAndAdministrativeExpenses": 1902000,
    "sellingAndMarketingExpenses": 0,
    "sellingGeneralAndAdministrativeExpenses": 1902000,
    "otherExpenses": 45732000,
    "operatingExpenses": 47634000,
    "costAndExpenses": 47634000,
    "interestIncome": 17709000,
    "interestExpense": 4305000,
    "depreciationAndAmortization": 16803000,
    "ebitda": 33646000,
    "ebitdaratio": 0.5218294896,
    "operatingIncome": 16843000,
    "operatingIncomeRatio": 0.2612249329,
    "totalOtherIncomeExpensesNet": -16843000,
    "incomeBeforeTax": 4305000,
    "incomeBeforeTaxRatio": 0.0667679948,
    "incomeTaxExpense": -4305000,
    "netIncome": 4305000,
    "netIncomeRatio": 0.0667679948,
    "eps": 0.22,
    "epsdiluted": 0.21,
    "weightedAverageShsOut": 19613000,
    "weightedAverageShsOutDil": 20038000,
    "link": "https://www.sec.gov/Archives/edgar/data/912595/000120677404000135/0001206774-04-000135-index.htm",
    "finalLink": "https://www.sec.gov/Archives/edgar/data/912595/000120677404000135/d14130.htm"
  },
  {
    "date": "2003-09-30",
    "symbol": "MAA",
    "reportedCurrency": "USD",
    "cik": "0000912595",
    "fillingDate": "2003-11-10",
    "acceptedDate": "2003-11-10 09:53:00",
    "calendarYear": "2003",
    "period": "Q3",
    "revenue": 60337000,
    "costOfRevenue": 0,
    "grossProfit": 59332000,
    "grossProfitRatio": 0.9833435537,
    "researchAndDevelopmentExpenses": 0,
    "generalAndAdministrativeExpenses": 1733000,
    "sellingAndMarketingExpenses": 0,
    "sellingGeneralAndAdministrativeExpenses": 1749000,
    "otherExpenses": 43636000,
    "operatingExpenses": 40345000,
    "costAndExpenses": 40345000,
    "interestIncome": 0,
    "interestExpense": 6470000,
    "depreciationAndAmortization": 14490000,
    "ebitda": 34047000,
    "ebitdaratio": 0.5642806238,
    "operatingIncome": 18987000,
    "operatingIncomeRatio": 0.3146825331,
    "totalOtherIncomeExpensesNet": -18987000,
    "incomeBeforeTax": 6470000,
    "incomeBeforeTaxRatio": 0.1072310523,
    "incomeTaxExpense": -6470000,
    "netIncome": 6470000,
    "netIncomeRatio": 0.1072310523,
    "eps": 0.35,
    "epsdiluted": 0.35,
    "weightedAverageShsOut": 18302000,
    "weightedAverageShsOutDil": 18302000,
    "link": "https://www.sec.gov/Archives/edgar/data/912595/000091259503000186/0000912595-03-000186-index.htm",
    "finalLink": "https://www.sec.gov/Archives/edgar/data/912595/000091259503000186/mac3q03q.txt"
  },
  {
    "date": "2003-06-30",
    "symbol": "MAA",
    "reportedCurrency": "USD",
    "cik": "0000912595",
    "fillingDate": "2003-08-08",
    "acceptedDate": "2003-08-08 09:24:51",
    "calendarYear": "2003",
    "period": "Q2",
    "revenue": 58159000,
    "costOfRevenue": 0,
    "grossProfit": 58083000,
    "grossProfitRatio": 0.9986932375,
    "researchAndDevelopmentExpenses": 0,
    "generalAndAdministrativeExpenses": 1788000,
    "sellingAndMarketingExpenses": 0,
    "sellingGeneralAndAdministrativeExpenses": 1774000,
    "otherExpenses": 40816000,
    "operatingExpenses": 37745000,
    "costAndExpenses": 37745000,
    "interestIncome": 0,
    "interestExpense": 5105000,
    "depreciationAndAmortization": 14527000,
    "ebitda": 34865000,
    "ebitdaratio": 0.599477295,
    "operatingIncome": 20338000,
    "operatingIncomeRatio": 0.3496965216,
    "totalOtherIncomeExpensesNet": -20338000,
    "incomeBeforeTax": 5105000,
    "incomeBeforeTaxRatio": 0.0877766124,
    "incomeTaxExpense": -5105000,
    "netIncome": 5105000,
    "netIncomeRatio": 0.0877766124,
    "eps": 0.29,
    "epsdiluted": 0.28,
    "weightedAverageShsOut": 17824000,
    "weightedAverageShsOutDil": 18047000,
    "link": "https://www.sec.gov/Archives/edgar/data/912595/000091259503000127/0000912595-03-000127-index.htm",
    "finalLink": "https://www.sec.gov/Archives/edgar/data/912595/000091259503000127/mac2q03q.txt"
  },
  {
    "date": "2003-03-31",
    "symbol": "MAA",
    "reportedCurrency": "USD",
    "cik": "0000912595",
    "fillingDate": "2003-05-15",
    "acceptedDate": "2003-05-15 09:43:35",
    "calendarYear": "2003",
    "period": "Q1",
    "revenue": 57759000,
    "costOfRevenue": 0,
    "grossProfit": 57775000,
    "grossProfitRatio": 1.0002770131,
    "researchAndDevelopmentExpenses": 0,
    "generalAndAdministrativeExpenses": 1843000,
    "sellingAndMarketingExpenses": 0,
    "sellingGeneralAndAdministrativeExpenses": 1826000,
    "otherExpenses": 39901000,
    "operatingExpenses": 36933000,
    "costAndExpenses": 36933000,
    "interestIncome": 0,
    "interestExpense": 4326000,
    "depreciationAndAmortization": 14539000,
    "ebitda": 35381000,
    "ebitdaratio": 0.6125625444,
    "operatingIncome": 20842000,
    "operatingIncomeRatio": 0.3608441974,
    "totalOtherIncomeExpensesNet": -20842000,
    "incomeBeforeTax": 4326000,
    "incomeBeforeTaxRatio": 0.0748974186,
    "incomeTaxExpense": -4326000,
    "netIncome": 4326000,
    "netIncomeRatio": 0.0748974186,
    "eps": 0.24,
    "epsdiluted": 0.24,
    "weightedAverageShsOut": 17752000,
    "weightedAverageShsOutDil": 17921000,
    "link": "https://www.sec.gov/Archives/edgar/data/912595/000091259503000066/0000912595-03-000066-index.htm",
    "finalLink": "https://www.sec.gov/Archives/edgar/data/912595/000091259503000066/mac1q03q.txt"
  },
  {
    "date": "2002-12-31",
    "symbol": "MAA",
    "reportedCurrency": "USD",
    "cik": "0000912595",
    "fillingDate": "2003-03-31",
    "acceptedDate": "2003-03-31 15:33:37",
    "calendarYear": "2002",
    "period": "Q4",
    "revenue": 62126000,
    "costOfRevenue": 0,
    "grossProfit": 62126000,
    "grossProfitRatio": 1,
    "researchAndDevelopmentExpenses": 0,
    "generalAndAdministrativeExpenses": 2022000,
    "sellingAndMarketingExpenses": 0,
    "sellingGeneralAndAdministrativeExpenses": 2022000,
    "otherExpenses": 43484000,
    "operatingExpenses": 45506000,
    "costAndExpenses": 45506000,
    "interestIncome": 0,
    "interestExpense": 3074000,
    "depreciationAndAmortization": 14556000,
    "ebitda": 31176000,
    "ebitdaratio": 0.5018188842,
    "operatingIncome": 16620000,
    "operatingIncomeRatio": 0.2675208447,
    "totalOtherIncomeExpensesNet": -16620000,
    "incomeBeforeTax": 3074000,
    "incomeBeforeTaxRatio": 0.0494800889,
    "incomeTaxExpense": -3074000,
    "netIncome": 3074000,
    "netIncomeRatio": 0.0494800889,
    "eps": 0.17,
    "epsdiluted": 0.17,
    "weightedAverageShsOut": 17711000,
    "weightedAverageShsOutDil": 17752000,
    "link": "https://www.sec.gov/Archives/edgar/data/912595/000120677403000218/0001206774-03-000218-index.htm",
    "finalLink": "https://www.sec.gov/Archives/edgar/data/912595/000120677403000218/d12309-10k.htm"
  },
  {
    "date": "2002-09-30",
    "symbol": "MAA",
    "reportedCurrency": "USD",
    "cik": "0000912595",
    "fillingDate": "2002-11-14",
    "acceptedDate": "2002-11-14 14:55:07",
    "calendarYear": "2002",
    "period": "Q3",
    "revenue": 58194000,
    "costOfRevenue": 0,
    "grossProfit": 58194000,
    "grossProfitRatio": 1,
    "researchAndDevelopmentExpenses": 0,
    "generalAndAdministrativeExpenses": 1686000,
    "sellingAndMarketingExpenses": 0,
    "sellingGeneralAndAdministrativeExpenses": 1686000,
    "otherExpenses": 39899000,
    "operatingExpenses": 41585000,
    "costAndExpenses": 41585000,
    "interestIncome": 0,
    "interestExpense": 3797000,
    "depreciationAndAmortization": 14942000,
    "ebitda": 31551000,
    "ebitdaratio": 0.5421692958,
    "operatingIncome": 16609000,
    "operatingIncomeRatio": 0.2854074303,
    "totalOtherIncomeExpensesNet": -16609000,
    "incomeBeforeTax": 3797000,
    "incomeBeforeTaxRatio": 0.0652472764,
    "incomeTaxExpense": -3797000,
    "netIncome": 3797000,
    "netIncomeRatio": 0.0652472764,
    "eps": 0.22,
    "epsdiluted": 0.22,
    "weightedAverageShsOut": 17579000,
    "weightedAverageShsOutDil": 17579000,
    "link": "https://www.sec.gov/Archives/edgar/data/912595/000091259502000087/0000912595-02-000087-index.htm",
    "finalLink": "https://www.sec.gov/Archives/edgar/data/912595/000091259502000087/mac3q02q.txt"
  },
  {
    "date": "2002-06-30",
    "symbol": "MAA",
    "reportedCurrency": "USD",
    "cik": "0000912595",
    "fillingDate": "2002-08-14",
    "acceptedDate": "2002-08-14 12:08:35",
    "calendarYear": "2002",
    "period": "Q2",
    "revenue": 56863000,
    "costOfRevenue": 0,
    "grossProfit": 56863000,
    "grossProfitRatio": 1,
    "researchAndDevelopmentExpenses": 0,
    "generalAndAdministrativeExpenses": 1511000,
    "sellingAndMarketingExpenses": 0,
    "sellingGeneralAndAdministrativeExpenses": 1511000,
    "otherExpenses": 38242000,
    "operatingExpenses": 39753000,
    "costAndExpenses": 39753000,
    "interestIncome": 0,
    "interestExpense": 4970000,
    "depreciationAndAmortization": 14187000,
    "ebitda": 31421000,
    "ebitdaratio": 0.5525737298,
    "operatingIncome": 17110000,
    "operatingIncomeRatio": 0.3008986511,
    "totalOtherIncomeExpensesNet": -17110000,
    "incomeBeforeTax": 4970000,
    "incomeBeforeTaxRatio": 0.0874030565,
    "incomeTaxExpense": -4970000,
    "netIncome": 4970000,
    "netIncomeRatio": 0.0874030565,
    "eps": 0.28,
    "epsdiluted": 0.28,
    "weightedAverageShsOut": 17498000,
    "weightedAverageShsOutDil": 17749000,
    "link": "https://www.sec.gov/Archives/edgar/data/912595/000091259502000047/0000912595-02-000047-index.htm",
    "finalLink": "https://www.sec.gov/Archives/edgar/data/912595/000091259502000047/mac2q02q.txt"
  },
  {
    "date": "2002-03-31",
    "symbol": "MAA",
    "reportedCurrency": "USD",
    "cik": "0000912595",
    "fillingDate": "2002-05-15",
    "acceptedDate": "2002-05-15 09:07:06",
    "calendarYear": "2002",
    "period": "Q1",
    "revenue": 55956000,
    "costOfRevenue": 0,
    "grossProfit": 57232000,
    "grossProfitRatio": 1.0228036314,
    "researchAndDevelopmentExpenses": 0,
    "generalAndAdministrativeExpenses": 6485000,
    "sellingAndMarketingExpenses": 0,
    "sellingGeneralAndAdministrativeExpenses": 6485000,
    "otherExpenses": 37825000,
    "operatingExpenses": 40547000,
    "costAndExpenses": 40547000,
    "interestIncome": 0,
    "interestExpense": 4300000,
    "depreciationAndAmortization": 14290000,
    "ebitda": 105520000,
    "ebitdaratio": 1.8857673887,
    "operatingIncome": 16685000,
    "operatingIncomeRatio": 0.2981807134,
    "totalOtherIncomeExpensesNet": -16685000,
    "incomeBeforeTax": 4300000,
    "incomeBeforeTaxRatio": 0.0768460934,
    "incomeTaxExpense": -4300000,
    "netIncome": 4300000,
    "netIncomeRatio": 0.0768460934,
    "eps": 0.25,
    "epsdiluted": 0.24,
    "weightedAverageShsOut": 17455000,
    "weightedAverageShsOutDil": 17596000,
    "link": "https://www.sec.gov/Archives/edgar/data/912595/000091259502000018/0000912595-02-000018-index.htm",
    "finalLink": "https://www.sec.gov/Archives/edgar/data/912595/000091259502000018/mac1q02q.txt"
  },
  {
    "date": "2001-12-31",
    "symbol": "MAA",
    "reportedCurrency": "USD",
    "cik": "0000912595",
    "fillingDate": "2002-04-01",
    "acceptedDate": "2002-04-01 00:00:00",
    "calendarYear": "2001",
    "period": "Q4",
    "revenue": 56144000,
    "costOfRevenue": 0,
    "grossProfit": 56144000,
    "grossProfitRatio": 1,
    "researchAndDevelopmentExpenses": 0,
    "generalAndAdministrativeExpenses": 1452000,
    "sellingAndMarketingExpenses": 0,
    "sellingGeneralAndAdministrativeExpenses": 1452000,
    "otherExpenses": 37268000,
    "operatingExpenses": 38720000,
    "costAndExpenses": 38720000,
    "interestIncome": 0,
    "interestExpense": 6145000,
    "depreciationAndAmortization": 13701000,
    "ebitda": 31125000,
    "ebitdaratio": 0.5543780279,
    "operatingIncome": 17424000,
    "operatingIncomeRatio": 0.3103448276,
    "totalOtherIncomeExpensesNet": -17424000,
    "incomeBeforeTax": 6145000,
    "incomeBeforeTaxRatio": 0.1094506982,
    "incomeTaxExpense": -6145000,
    "netIncome": 6145000,
    "netIncomeRatio": 0.1094506982,
    "eps": 0.35,
    "epsdiluted": 0.35,
    "weightedAverageShsOut": 17427000,
    "weightedAverageShsOutDil": 17455000,
    "link": "https://www.sec.gov/Archives/edgar/data/912595/000091205702012966/0000912057-02-012966-index.htm",
    "finalLink": "https://www.sec.gov/Archives/edgar/data/912595/000091205702012966/a2074950z10-k405.txt"
  },
  {
    "date": "2001-09-30",
    "symbol": "MAA",
    "reportedCurrency": "USD",
    "cik": "0000912595",
    "fillingDate": "2001-11-14",
    "acceptedDate": "2001-11-14 00:00:00",
    "calendarYear": "2001",
    "period": "Q3",
    "revenue": 57177000,
    "costOfRevenue": 0,
    "grossProfit": 57177000,
    "grossProfitRatio": 1,
    "researchAndDevelopmentExpenses": 0,
    "generalAndAdministrativeExpenses": 1514000,
    "sellingAndMarketingExpenses": 0,
    "sellingGeneralAndAdministrativeExpenses": 1514000,
    "otherExpenses": 37413000,
    "operatingExpenses": 38927000,
    "costAndExpenses": 38927000,
    "interestIncome": 0,
    "interestExpense": 13090000,
    "depreciationAndAmortization": 13446000,
    "ebitda": 31696000,
    "ebitdaratio": 0.5543487766,
    "operatingIncome": 18250000,
    "operatingIncomeRatio": 0.3191842874,
    "totalOtherIncomeExpensesNet": -18250000,
    "incomeBeforeTax": 13090000,
    "incomeBeforeTaxRatio": 0.2289382094,
    "incomeTaxExpense": -13090000,
    "netIncome": 13090000,
    "netIncomeRatio": 0.2289382094,
    "eps": 0.75,
    "epsdiluted": 0.75,
    "weightedAverageShsOut": 17406000,
    "weightedAverageShsOutDil": 17569000,
    "link": "https://www.sec.gov/Archives/edgar/data/912595/000091259501500035/0000912595-01-500035-index.htm",
    "finalLink": "https://www.sec.gov/Archives/edgar/data/912595/000091259501500035/mac3q10q.txt"
  },
  {
    "date": "2001-06-30",
    "symbol": "MAA",
    "reportedCurrency": "USD",
    "cik": "0000912595",
    "fillingDate": "2001-08-14",
    "acceptedDate": "2001-08-14 00:00:00",
    "calendarYear": "2001",
    "period": "Q2",
    "revenue": 58107000,
    "costOfRevenue": 0,
    "grossProfit": 58107000,
    "grossProfitRatio": 1,
    "researchAndDevelopmentExpenses": 0,
    "generalAndAdministrativeExpenses": 1472000,
    "sellingAndMarketingExpenses": 0,
    "sellingGeneralAndAdministrativeExpenses": 1472000,
    "otherExpenses": 37593000,
    "operatingExpenses": 39065000,
    "costAndExpenses": 39065000,
    "interestIncome": 0,
    "interestExpense": 4602000,
    "depreciationAndAmortization": 13730000,
    "ebitda": 32772000,
    "ebitdaratio": 0.563994011,
    "operatingIncome": 19042000,
    "operatingIncomeRatio": 0.3277057842,
    "totalOtherIncomeExpensesNet": -19042000,
    "incomeBeforeTax": 4602000,
    "incomeBeforeTaxRatio": 0.0791987196,
    "incomeTaxExpense": -4602000,
    "netIncome": 4602000,
    "netIncomeRatio": 0.0791987196,
    "eps": 0.26,
    "epsdiluted": 0.26,
    "weightedAverageShsOut": 17397000,
    "weightedAverageShsOutDil": 17480000,
    "link": "https://www.sec.gov/Archives/edgar/data/912595/000091259501500027/0000912595-01-500027-index.htm",
    "finalLink": "https://www.sec.gov/Archives/edgar/data/912595/000091259501500027/mac10q.txt"
  },
  {
    "date": "2001-03-31",
    "symbol": "MAA",
    "reportedCurrency": "USD",
    "cik": "0000912595",
    "fillingDate": "2001-05-15",
    "acceptedDate": "2001-05-15 00:00:00",
    "calendarYear": "2001",
    "period": "Q1",
    "revenue": 56611000,
    "costOfRevenue": 0,
    "grossProfit": 56611000,
    "grossProfitRatio": 1,
    "researchAndDevelopmentExpenses": 0,
    "generalAndAdministrativeExpenses": 1441000,
    "sellingAndMarketingExpenses": 0,
    "sellingGeneralAndAdministrativeExpenses": 1441000,
    "otherExpenses": 36917000,
    "operatingExpenses": 38358000,
    "costAndExpenses": 38358000,
    "interestIncome": 0,
    "interestExpense": 4861000,
    "depreciationAndAmortization": 13526000,
    "ebitda": 31779000,
    "ebitdaratio": 0.5613573334,
    "operatingIncome": 18253000,
    "operatingIncomeRatio": 0.3224285033,
    "totalOtherIncomeExpensesNet": -18253000,
    "incomeBeforeTax": 4861000,
    "incomeBeforeTaxRatio": 0.0858667044,
    "incomeTaxExpense": -4861000,
    "netIncome": 4861000,
    "netIncomeRatio": 0.0858667044,
    "eps": 0.28,
    "epsdiluted": 0.28,
    "weightedAverageShsOut": 17479000,
    "weightedAverageShsOutDil": 17510000,
    "link": "https://www.sec.gov/Archives/edgar/data/912595/000091259501500019/0000912595-01-500019-index.htm",
    "finalLink": "https://www.sec.gov/Archives/edgar/data/912595/000091259501500019/mac10q.txt"
  },
  {
    "date": "2000-12-31",
    "symbol": "MAA",
    "reportedCurrency": "USD",
    "cik": "0000912595",
    "fillingDate": "2001-04-02",
    "acceptedDate": "2001-04-02 00:00:00",
    "calendarYear": "2000",
    "period": "Q4",
    "revenue": 56694000,
    "costOfRevenue": 0,
    "grossProfit": 56694000,
    "grossProfitRatio": 1,
    "researchAndDevelopmentExpenses": 0,
    "generalAndAdministrativeExpenses": 3600000,
    "sellingAndMarketingExpenses": 0,
    "sellingGeneralAndAdministrativeExpenses": 3600000,
    "otherExpenses": 34439000,
    "operatingExpenses": 38039000,
    "costAndExpenses": 38039000,
    "interestIncome": 0,
    "interestExpense": 6200000,
    "depreciationAndAmortization": 13595000,
    "ebitda": 32250000,
    "ebitdaratio": 0.5688432638,
    "operatingIncome": 18655000,
    "operatingIncomeRatio": 0.3290471655,
    "totalOtherIncomeExpensesNet": -18655000,
    "incomeBeforeTax": 6200000,
    "incomeBeforeTaxRatio": 0.1093590151,
    "incomeTaxExpense": 0,
    "netIncome": 6200000,
    "netIncomeRatio": 0.1093590151,
    "eps": 0.35,
    "epsdiluted": 0.35,
    "weightedAverageShsOut": 17479000,
    "weightedAverageShsOutDil": 17479000,
    "link": "https://www.sec.gov/Archives/edgar/data/912595/000091205701506011/0000912057-01-506011-index.htm",
    "finalLink": "https://www.sec.gov/Archives/edgar/data/912595/000091205701506011/a2043423z10-k405.txt"
  },
  {
    "date": "2000-09-30",
    "symbol": "MAA",
    "reportedCurrency": "USD",
    "cik": "0000912595",
    "fillingDate": "2000-11-14",
    "acceptedDate": "2000-11-14 00:00:00",
    "calendarYear": "2000",
    "period": "Q3",
    "revenue": 56937000,
    "costOfRevenue": 0,
    "grossProfit": 56937000,
    "grossProfitRatio": 1,
    "researchAndDevelopmentExpenses": 0,
    "generalAndAdministrativeExpenses": 3700000,
    "sellingAndMarketingExpenses": 0,
    "sellingGeneralAndAdministrativeExpenses": 3700000,
    "otherExpenses": 35386000,
    "operatingExpenses": 39086000,
    "costAndExpenses": 39086000,
    "interestIncome": 0,
    "interestExpense": 5627000,
    "depreciationAndAmortization": 13357000,
    "ebitda": 31208000,
    "ebitdaratio": 0.5481145828,
    "operatingIncome": 17851000,
    "operatingIncomeRatio": 0.3135219629,
    "totalOtherIncomeExpensesNet": -17851000,
    "incomeBeforeTax": 5627000,
    "incomeBeforeTaxRatio": 0.0988285298,
    "incomeTaxExpense": -5627000,
    "netIncome": 5627000,
    "netIncomeRatio": 0.0988285298,
    "eps": 0.32,
    "epsdiluted": 0.32,
    "weightedAverageShsOut": 17483000,
    "weightedAverageShsOutDil": 17568000,
    "link": "https://www.sec.gov/Archives/edgar/data/912595/000091259500000017/0000912595-00-000017-index.htm",
    "finalLink": "https://www.sec.gov/Archives/edgar/data/912595/000091259500000017/0000912595-00-000017-0001.txt"
  },
  {
    "date": "2000-06-30",
    "symbol": "MAA",
    "reportedCurrency": "USD",
    "cik": "0000912595",
    "fillingDate": "2000-08-14",
    "acceptedDate": "2000-08-14 00:00:00",
    "calendarYear": "2000",
    "period": "Q2",
    "revenue": 55601000,
    "costOfRevenue": 0,
    "grossProfit": 55601000,
    "grossProfitRatio": 1,
    "researchAndDevelopmentExpenses": 0,
    "generalAndAdministrativeExpenses": 3746000,
    "sellingAndMarketingExpenses": 0,
    "sellingGeneralAndAdministrativeExpenses": 3746000,
    "otherExpenses": 33736000,
    "operatingExpenses": 37482000,
    "costAndExpenses": 37482000,
    "interestIncome": 0,
    "interestExpense": 10644000,
    "depreciationAndAmortization": 13340000,
    "ebitda": 31596000,
    "ebitdaratio": 0.5682631607,
    "operatingIncome": 18119000,
    "operatingIncomeRatio": 0.3258754339,
    "totalOtherIncomeExpensesNet": -18119000,
    "incomeBeforeTax": 10644000,
    "incomeBeforeTaxRatio": 0.1914354058,
    "incomeTaxExpense": -10644000,
    "netIncome": 10644000,
    "netIncomeRatio": 0.1914354058,
    "eps": 0.61,
    "epsdiluted": 0.6,
    "weightedAverageShsOut": 17584000,
    "weightedAverageShsOutDil": 17654000,
    "link": "https://www.sec.gov/Archives/edgar/data/912595/000091259500000009/0000912595-00-000009-index.htm",
    "finalLink": "https://www.sec.gov/Archives/edgar/data/912595/000091259500000009/0000912595-00-000009-0001.txt"
  },
  {
    "date": "2000-03-31",
    "symbol": "MAA",
    "reportedCurrency": "USD",
    "cik": "0000912595",
    "fillingDate": "2000-05-15",
    "acceptedDate": "2000-05-15 00:00:00",
    "calendarYear": "2000",
    "period": "Q1",
    "revenue": 55408000,
    "costOfRevenue": 0,
    "grossProfit": 55408000,
    "grossProfitRatio": 1,
    "researchAndDevelopmentExpenses": 0,
    "generalAndAdministrativeExpenses": 3780000,
    "sellingAndMarketingExpenses": 0,
    "sellingGeneralAndAdministrativeExpenses": 3780000,
    "otherExpenses": 46707000,
    "operatingExpenses": 50487000,
    "costAndExpenses": 50487000,
    "interestIncome": 0,
    "interestExpense": 7316000,
    "depreciationAndAmortization": 14310000,
    "ebitda": 19231000,
    "ebitdaratio": 0.3470798441,
    "operatingIncome": 4921000,
    "operatingIncomeRatio": 0.0888138897,
    "totalOtherIncomeExpensesNet": -4921000,
    "incomeBeforeTax": 7316000,
    "incomeBeforeTaxRatio": 0.1320386948,
    "incomeTaxExpense": -7316000,
    "netIncome": 7316000,
    "netIncomeRatio": 0.1320386948,
    "eps": 0.41,
    "epsdiluted": 0.41,
    "weightedAverageShsOut": 17630000,
    "weightedAverageShsOutDil": 17655000,
    "link": "https://www.sec.gov/Archives/edgar/data/912595/000091259500000006/0000912595-00-000006-index.html",
    "finalLink": "https://www.sec.gov/Archives/edgar/data/912595/000091259500000006/"
  },
  {
    "date": "1999-12-31",
    "symbol": "MAA",
    "reportedCurrency": "USD",
    "cik": "0000912595",
    "fillingDate": "2000-03-30",
    "acceptedDate": "2000-03-30 00:00:00",
    "calendarYear": "1999",
    "period": "Q4",
    "revenue": 55822000,
    "costOfRevenue": 0,
    "grossProfit": 55822000,
    "grossProfitRatio": 1,
    "researchAndDevelopmentExpenses": 0,
    "generalAndAdministrativeExpenses": -4621000,
    "sellingAndMarketingExpenses": 0,
    "sellingGeneralAndAdministrativeExpenses": -4621000,
    "otherExpenses": 251342000,
    "operatingExpenses": 246721000,
    "costAndExpenses": 246721000,
    "interestIncome": 0,
    "interestExpense": 9472000,
    "depreciationAndAmortization": 12957000,
    "ebitda": -177942000,
    "ebitdaratio": -3.1876679445,
    "operatingIncome": -190899000,
    "operatingIncomeRatio": -3.4197807316,
    "totalOtherIncomeExpensesNet": 190899000,
    "incomeBeforeTax": 9472000,
    "incomeBeforeTaxRatio": 0.1696822041,
    "incomeTaxExpense": -9472000,
    "netIncome": 9472000,
    "netIncomeRatio": 0.1696822041,
    "eps": 0.54,
    "epsdiluted": 0.54,
    "weightedAverageShsOut": 17630000,
    "weightedAverageShsOutDil": 17630000,
    "link": "https://www.sec.gov/Archives/edgar/data/912595/000089056600000439/0000890566-00-000439-index.html",
    "finalLink": "https://www.sec.gov/Archives/edgar/data/912595/000089056600000439/"
  },
  {
    "date": "1999-09-30",
    "symbol": "MAA",
    "reportedCurrency": "USD",
    "cik": "0000912595",
    "fillingDate": "1999-11-12",
    "acceptedDate": "1999-11-12 00:00:00",
    "calendarYear": "1999",
    "period": "Q3",
    "revenue": 57000000,
    "costOfRevenue": 0,
    "grossProfit": 57000000,
    "grossProfitRatio": 1,
    "researchAndDevelopmentExpenses": 0,
    "generalAndAdministrativeExpenses": 6300000,
    "sellingAndMarketingExpenses": 0,
    "sellingGeneralAndAdministrativeExpenses": 6300000,
    "otherExpenses": -38600000,
    "operatingExpenses": -32300000,
    "costAndExpenses": -32300000,
    "interestIncome": 0,
    "interestExpense": 10500000,
    "depreciationAndAmortization": 13300000,
    "ebitda": 102600000,
    "ebitdaratio": 1.8,
    "operatingIncome": 89300000,
    "operatingIncomeRatio": 1.5666666667,
    "totalOtherIncomeExpensesNet": -89300000,
    "incomeBeforeTax": 10500000,
    "incomeBeforeTaxRatio": 0.1842105263,
    "incomeTaxExpense": -10500000,
    "netIncome": 10500000,
    "netIncomeRatio": 0.1842105263,
    "eps": 0.55,
    "epsdiluted": 0.55,
    "weightedAverageShsOut": 19117647,
    "weightedAverageShsOutDil": 19117647,
    "link": "https://www.sec.gov/Archives/edgar/data/912595/000091259599000017/0000912595-99-000017-index.html",
    "finalLink": "https://www.sec.gov/Archives/edgar/data/912595/000091259599000017/"
  },
  {
    "date": "1999-06-30",
    "symbol": "MAA",
    "reportedCurrency": "USD",
    "cik": "0000912595",
    "fillingDate": "1999-08-16",
    "acceptedDate": "1999-08-16 00:00:00",
    "calendarYear": "1999",
    "period": "Q2",
    "revenue": 52000000,
    "costOfRevenue": 0,
    "grossProfit": 51996000,
    "grossProfitRatio": 0.9999230769,
    "researchAndDevelopmentExpenses": 0,
    "generalAndAdministrativeExpenses": 6300000,
    "sellingAndMarketingExpenses": 0,
    "sellingGeneralAndAdministrativeExpenses": 6300000,
    "otherExpenses": -37500000,
    "operatingExpenses": -31200000,
    "costAndExpenses": -31200000,
    "interestIncome": 0,
    "interestExpense": 2700000,
    "depreciationAndAmortization": 13300000,
    "ebitda": 96496000,
    "ebitdaratio": 1.8556923077,
    "operatingIncome": 83196000,
    "operatingIncomeRatio": 1.5999230769,
    "totalOtherIncomeExpensesNet": -83196000,
    "incomeBeforeTax": 2700000,
    "incomeBeforeTaxRatio": 0.0519230769,
    "incomeTaxExpense": -2700000,
    "netIncome": 2700000,
    "netIncomeRatio": 0.0519230769,
    "eps": 0.15,
    "epsdiluted": 0.15,
    "weightedAverageShsOut": 18571429,
    "weightedAverageShsOutDil": 18571429,
    "link": "https://www.sec.gov/Archives/edgar/data/912595/000091259599000013/0000912595-99-000013-index.html",
    "finalLink": "https://www.sec.gov/Archives/edgar/data/912595/000091259599000013/"
  },
  {
    "date": "1999-03-31",
    "symbol": "MAA",
    "reportedCurrency": "USD",
    "cik": "0000912595",
    "fillingDate": "1999-05-17",
    "acceptedDate": "1999-05-17 00:00:00",
    "calendarYear": "1999",
    "period": "Q1",
    "revenue": 61800000,
    "costOfRevenue": 0,
    "grossProfit": 61808000,
    "grossProfitRatio": 1.0001294498,
    "researchAndDevelopmentExpenses": 0,
    "generalAndAdministrativeExpenses": 6500000,
    "sellingAndMarketingExpenses": 0,
    "sellingGeneralAndAdministrativeExpenses": 6500000,
    "otherExpenses": -37600000,
    "operatingExpenses": -31100000,
    "costAndExpenses": -31100000,
    "interestIncome": 0,
    "interestExpense": 10900000,
    "depreciationAndAmortization": 13200000,
    "ebitda": 106108000,
    "ebitdaratio": 1.7169579288,
    "operatingIncome": 92908000,
    "operatingIncomeRatio": 1.5033656958,
    "totalOtherIncomeExpensesNet": -92908000,
    "incomeBeforeTax": 10900000,
    "incomeBeforeTaxRatio": 0.1763754045,
    "incomeTaxExpense": -10900000,
    "netIncome": 10900000,
    "netIncomeRatio": 0.1763754045,
    "eps": 0.58,
    "epsdiluted": 0.58,
    "weightedAverageShsOut": 18648649,
    "weightedAverageShsOutDil": 18648649,
    "link": "https://www.sec.gov/Archives/edgar/data/912595/000091259599000010/0000912595-99-000010-index.html",
    "finalLink": "https://www.sec.gov/Archives/edgar/data/912595/"
  },
  {
    "date": "1998-12-31",
    "symbol": "MAA",
    "reportedCurrency": "USD",
    "cik": "0000912595",
    "fillingDate": "1999-03-31",
    "acceptedDate": "1999-03-31 00:00:00",
    "calendarYear": "1998",
    "period": "Q4",
    "revenue": 55843000,
    "costOfRevenue": 0,
    "grossProfit": 55843000,
    "grossProfitRatio": 1,
    "researchAndDevelopmentExpenses": 0,
    "generalAndAdministrativeExpenses": -5840000,
    "sellingAndMarketingExpenses": 0,
    "sellingGeneralAndAdministrativeExpenses": -5840000,
    "otherExpenses": 230986000,
    "operatingExpenses": 225146000,
    "costAndExpenses": 225146000,
    "interestIncome": 0,
    "interestExpense": 6857000,
    "depreciationAndAmortization": 12869000,
    "ebitda": -156434000,
    "ebitdaratio": -2.8013179808,
    "operatingIncome": -169303000,
    "operatingIncomeRatio": -3.0317676343,
    "totalOtherIncomeExpensesNet": 169303000,
    "incomeBeforeTax": 6857000,
    "incomeBeforeTaxRatio": 0.122790681,
    "incomeTaxExpense": -6857000,
    "netIncome": 6857000,
    "netIncomeRatio": 0.122790681,
    "eps": 0.37,
    "epsdiluted": 0.37,
    "weightedAverageShsOut": 18648649,
    "weightedAverageShsOutDil": 18648649,
    "link": "https://www.sec.gov/Archives/edgar/data/912595/000089056699000456/0000890566-99-000456-index.html",
    "finalLink": "https://www.sec.gov/Archives/edgar/data/912595/"
  },
  {
    "date": "1998-09-30",
    "symbol": "MAA",
    "reportedCurrency": "USD",
    "cik": "0000912595",
    "fillingDate": "1998-11-16",
    "acceptedDate": "1998-11-16 00:00:00",
    "calendarYear": "1998",
    "period": "Q3",
    "revenue": 56100000,
    "costOfRevenue": 0,
    "grossProfit": 56100000,
    "grossProfitRatio": 1,
    "researchAndDevelopmentExpenses": 0,
    "generalAndAdministrativeExpenses": 6300000,
    "sellingAndMarketingExpenses": 0,
    "sellingGeneralAndAdministrativeExpenses": 6300000,
    "otherExpenses": -36700000,
    "operatingExpenses": -30400000,
    "costAndExpenses": -30400000,
    "interestIncome": 0,
    "interestExpense": 7200000,
    "depreciationAndAmortization": 12100000,
    "ebitda": 98600000,
    "ebitdaratio": 1.7575757576,
    "operatingIncome": 86500000,
    "operatingIncomeRatio": 1.5418894831,
    "totalOtherIncomeExpensesNet": -86500000,
    "incomeBeforeTax": 7200000,
    "incomeBeforeTaxRatio": 0.128342246,
    "incomeTaxExpense": 0,
    "netIncome": 7200000,
    "netIncomeRatio": 0.128342246,
    "eps": 0.38,
    "epsdiluted": 0.38,
    "weightedAverageShsOut": 19000000,
    "weightedAverageShsOutDil": 19000000,
    "link": "https://www.sec.gov/Archives/edgar/data/912595/000091259598000035/0000912595-98-000035-index.html",
    "finalLink": "https://www.sec.gov/Archives/edgar/data/912595/"
  },
  {
    "date": "1998-06-30",
    "symbol": "MAA",
    "reportedCurrency": "USD",
    "cik": "0000912595",
    "fillingDate": "1998-08-14",
    "acceptedDate": "1998-08-14 00:00:00",
    "calendarYear": "1998",
    "period": "Q2",
    "revenue": 52600000,
    "costOfRevenue": 0,
    "grossProfit": 52600000,
    "grossProfitRatio": 1,
    "researchAndDevelopmentExpenses": 0,
    "generalAndAdministrativeExpenses": 6000000,
    "sellingAndMarketingExpenses": 0,
    "sellingGeneralAndAdministrativeExpenses": 6000000,
    "otherExpenses": -33500000,
    "operatingExpenses": -27500000,
    "costAndExpenses": -27500000,
    "interestIncome": 0,
    "interestExpense": 6100000,
    "depreciationAndAmortization": 11900000,
    "ebitda": 92000000,
    "ebitdaratio": 1.7490494297,
    "operatingIncome": 80100000,
    "operatingIncomeRatio": 1.5228136882,
    "totalOtherIncomeExpensesNet": -80100000,
    "incomeBeforeTax": 6100000,
    "incomeBeforeTaxRatio": 0.1159695817,
    "incomeTaxExpense": -6100000,
    "netIncome": 6100000,
    "netIncomeRatio": 0.1159695817,
    "eps": 0.32,
    "epsdiluted": 0.32,
    "weightedAverageShsOut": 19000000,
    "weightedAverageShsOutDil": 19000000,
    "link": "https://www.sec.gov/Archives/edgar/data/912595/000091259598000026/0000912595-98-000026-index.html",
    "finalLink": "https://www.sec.gov/Archives/edgar/data/912595/"
  },
  {
    "date": "1998-03-31",
    "symbol": "MAA",
    "reportedCurrency": "USD",
    "cik": "0000912595",
    "fillingDate": "1998-05-15",
    "acceptedDate": "1998-05-15 00:00:00",
    "calendarYear": "1998",
    "period": "Q1",
    "revenue": 51000000,
    "costOfRevenue": 0,
    "grossProfit": 51000000,
    "grossProfitRatio": 1,
    "researchAndDevelopmentExpenses": 0,
    "generalAndAdministrativeExpenses": 5500000,
    "sellingAndMarketingExpenses": 0,
    "sellingGeneralAndAdministrativeExpenses": 5500000,
    "otherExpenses": -32500000,
    "operatingExpenses": -27000000,
    "costAndExpenses": -27000000,
    "interestIncome": 0,
    "interestExpense": 6600000,
    "depreciationAndAmortization": 11500000,
    "ebitda": 89500000,
    "ebitdaratio": 1.7549019608,
    "operatingIncome": 78000000,
    "operatingIncomeRatio": 1.5294117647,
    "totalOtherIncomeExpensesNet": -78000000,
    "incomeBeforeTax": 6600000,
    "incomeBeforeTaxRatio": 0.1294117647,
    "incomeTaxExpense": -6600000,
    "netIncome": 6600000,
    "netIncomeRatio": 0.1294117647,
    "eps": 0.37,
    "epsdiluted": 0.37,
    "weightedAverageShsOut": 17916667,
    "weightedAverageShsOutDil": 17916667,
    "link": "https://www.sec.gov/Archives/edgar/data/912595/000091259598000012/0000912595-98-000012-index.html",
    "finalLink": "https://www.sec.gov/Archives/edgar/data/912595/"
  },
  {
    "date": "1997-12-31",
    "symbol": "MAA",
    "reportedCurrency": "USD",
    "cik": "0000912595",
    "fillingDate": "1998-03-31",
    "acceptedDate": "1998-03-31 00:00:00",
    "calendarYear": "1997",
    "period": "Q4",
    "revenue": 42116000,
    "costOfRevenue": 0,
    "grossProfit": 42116000,
    "grossProfitRatio": 1,
    "researchAndDevelopmentExpenses": 0,
    "generalAndAdministrativeExpenses": -8398000,
    "sellingAndMarketingExpenses": 0,
    "sellingGeneralAndAdministrativeExpenses": -8398000,
    "otherExpenses": 142429000,
    "operatingExpenses": 134031000,
    "costAndExpenses": 134031000,
    "interestIncome": 0,
    "interestExpense": 0,
    "depreciationAndAmortization": 8846000,
    "ebitda": -83069000,
    "ebitdaratio": -1.9723857916,
    "operatingIncome": -91915000,
    "operatingIncomeRatio": -2.1824247317,
    "totalOtherIncomeExpensesNet": 91915000,
    "incomeBeforeTax": -1473000,
    "incomeBeforeTaxRatio": -0.0349748314,
    "incomeTaxExpense": 1473000,
    "netIncome": -1473000,
    "netIncomeRatio": -0.0349748314,
    "eps": -0.0822,
    "epsdiluted": -0.0822,
    "weightedAverageShsOut": 17916667,
    "weightedAverageShsOutDil": 17916667,
    "link": "https://www.sec.gov/Archives/edgar/data/912595/000091259598000005/0000912595-98-000005-index.html",
    "finalLink": "https://www.sec.gov/Archives/edgar/data/912595/"
  },
  {
    "date": "1997-09-30",
    "symbol": "MAA",
    "reportedCurrency": "USD",
    "cik": "0000912595",
    "fillingDate": "1997-11-13",
    "acceptedDate": "1997-11-13 00:00:00",
    "calendarYear": "1997",
    "period": "Q3",
    "revenue": 34400000,
    "costOfRevenue": 0,
    "grossProfit": 34400000,
    "grossProfitRatio": 1,
    "researchAndDevelopmentExpenses": 0,
    "generalAndAdministrativeExpenses": 5400000,
    "sellingAndMarketingExpenses": 0,
    "sellingGeneralAndAdministrativeExpenses": 5400000,
    "otherExpenses": -22100000,
    "operatingExpenses": -16700000,
    "costAndExpenses": -16700000,
    "interestIncome": 0,
    "interestExpense": 4300000,
    "depreciationAndAmortization": 7000000,
    "ebitda": 58100000,
    "ebitdaratio": 1.6889534884,
    "operatingIncome": 51100000,
    "operatingIncomeRatio": 1.4854651163,
    "totalOtherIncomeExpensesNet": -51100000,
    "incomeBeforeTax": 4300000,
    "incomeBeforeTaxRatio": 0.125,
    "incomeTaxExpense": 0,
    "netIncome": 4300000,
    "netIncomeRatio": 0.125,
    "eps": 0.38,
    "epsdiluted": 0.38,
    "weightedAverageShsOut": 11320755,
    "weightedAverageShsOutDil": 11320755,
    "link": "https://www.sec.gov/Archives/edgar/data/912595/000091259597000029/0000912595-97-000029-index.html",
    "finalLink": "https://www.sec.gov/Archives/edgar/data/912595/"
  },
  {
    "date": "1997-06-30",
    "symbol": "MAA",
    "reportedCurrency": "USD",
    "cik": "0000912595",
    "fillingDate": "1997-08-14",
    "acceptedDate": "1997-08-14 00:00:00",
    "calendarYear": "1997",
    "period": "Q2",
    "revenue": 32700000,
    "costOfRevenue": 0,
    "grossProfit": 32700000,
    "grossProfitRatio": 1,
    "researchAndDevelopmentExpenses": 0,
    "generalAndAdministrativeExpenses": 5100000,
    "sellingAndMarketingExpenses": 0,
    "sellingGeneralAndAdministrativeExpenses": 5100000,
    "otherExpenses": -20700000,
    "operatingExpenses": -15600000,
    "costAndExpenses": -15600000,
    "interestIncome": 0,
    "interestExpense": 4600000,
    "depreciationAndAmortization": 6700000,
    "ebitda": 55000000,
    "ebitdaratio": 1.6819571865,
    "operatingIncome": 48300000,
    "operatingIncomeRatio": 1.4770642202,
    "totalOtherIncomeExpensesNet": -48300000,
    "incomeBeforeTax": 4600000,
    "incomeBeforeTaxRatio": 0.1406727829,
    "incomeTaxExpense": 0,
    "netIncome": 4600000,
    "netIncomeRatio": 0.1406727829,
    "eps": 0.37,
    "epsdiluted": 0.37,
    "weightedAverageShsOut": 12592593,
    "weightedAverageShsOutDil": 12592593,
    "link": "https://www.sec.gov/Archives/edgar/data/912595/000091259597000020/0000912595-97-000020-index.html",
    "finalLink": "https://www.sec.gov/Archives/edgar/data/912595/"
  },
  {
    "date": "1997-03-31",
    "symbol": "MAA",
    "reportedCurrency": "USD",
    "cik": "0000912595",
    "fillingDate": "1997-05-15",
    "acceptedDate": "1997-05-15 00:00:00",
    "calendarYear": "1997",
    "period": "Q1",
    "revenue": 29800000,
    "costOfRevenue": 0,
    "grossProfit": 29800000,
    "grossProfitRatio": 1,
    "researchAndDevelopmentExpenses": 0,
    "generalAndAdministrativeExpenses": 4500000,
    "sellingAndMarketingExpenses": 0,
    "sellingGeneralAndAdministrativeExpenses": 4500000,
    "otherExpenses": -18600000,
    "operatingExpenses": -14100000,
    "costAndExpenses": -14100000,
    "interestIncome": 0,
    "interestExpense": 3900000,
    "depreciationAndAmortization": 6200000,
    "ebitda": 50100000,
    "ebitdaratio": 1.6812080537,
    "operatingIncome": 43900000,
    "operatingIncomeRatio": 1.4731543624,
    "totalOtherIncomeExpensesNet": -43900000,
    "incomeBeforeTax": 3900000,
    "incomeBeforeTaxRatio": 0.1308724832,
    "incomeTaxExpense": 0,
    "netIncome": 3900000,
    "netIncomeRatio": 0.1308724832,
    "eps": 0.38,
    "epsdiluted": 0.38,
    "weightedAverageShsOut": 10384615,
    "weightedAverageShsOutDil": 10384615,
    "link": "https://www.sec.gov/Archives/edgar/data/912595/000091259597000015/0000912595-97-000015-index.html",
    "finalLink": "https://www.sec.gov/Archives/edgar/data/912595/"
  },
  {
    "date": "1996-12-31",
    "symbol": "MAA",
    "reportedCurrency": "USD",
    "cik": "0000912595",
    "fillingDate": "1997-03-31",
    "acceptedDate": "1997-03-31 00:00:00",
    "calendarYear": "1996",
    "period": "Q4",
    "revenue": 27282000,
    "costOfRevenue": 0,
    "grossProfit": 27282000,
    "grossProfitRatio": 1,
    "researchAndDevelopmentExpenses": 0,
    "generalAndAdministrativeExpenses": -6946000,
    "sellingAndMarketingExpenses": 0,
    "sellingGeneralAndAdministrativeExpenses": -6946000,
    "otherExpenses": 142940000,
    "operatingExpenses": 135994000,
    "costAndExpenses": 135994000,
    "interestIncome": 0,
    "interestExpense": 3860000,
    "depreciationAndAmortization": 5943000,
    "ebitda": -102769000,
    "ebitdaratio": -3.7669159153,
    "operatingIncome": -108712000,
    "operatingIncomeRatio": -3.984751851,
    "totalOtherIncomeExpensesNet": 108712000,
    "incomeBeforeTax": 3860000,
    "incomeBeforeTaxRatio": 0.1414852284,
    "incomeTaxExpense": -3860000,
    "netIncome": 3860000,
    "netIncomeRatio": 0.1414852284,
    "eps": 0.74,
    "epsdiluted": 0.74,
    "weightedAverageShsOut": 10384615,
    "weightedAverageShsOutDil": 10384615,
    "link": "https://www.sec.gov/Archives/edgar/data/912595/000091259597000011/0000912595-97-000011-index.html",
    "finalLink": "https://www.sec.gov/Archives/edgar/data/912595/"
  },
  {
    "date": "1996-09-30",
    "symbol": "MAA",
    "reportedCurrency": "USD",
    "cik": "0000912595",
    "fillingDate": "1996-11-14",
    "acceptedDate": "1996-11-14 00:00:00",
    "calendarYear": "1996",
    "period": "Q3",
    "revenue": 28300000,
    "costOfRevenue": 0,
    "grossProfit": 28300000,
    "grossProfitRatio": 1,
    "researchAndDevelopmentExpenses": 0,
    "generalAndAdministrativeExpenses": 4500000,
    "sellingAndMarketingExpenses": 0,
    "sellingGeneralAndAdministrativeExpenses": 4500000,
    "otherExpenses": -18100000,
    "operatingExpenses": -13600000,
    "costAndExpenses": -13600000,
    "interestIncome": 0,
    "interestExpense": 2800000,
    "depreciationAndAmortization": 5600000,
    "ebitda": 47500000,
    "ebitdaratio": 1.6784452297,
    "operatingIncome": 41900000,
    "operatingIncomeRatio": 1.480565371,
    "totalOtherIncomeExpensesNet": -41900000,
    "incomeBeforeTax": 2800000,
    "incomeBeforeTaxRatio": 0.0989399293,
    "incomeTaxExpense": 0,
    "netIncome": 2800000,
    "netIncomeRatio": 0.0989399293,
    "eps": 0.26,
    "epsdiluted": 0.26,
    "weightedAverageShsOut": 10769231,
    "weightedAverageShsOutDil": 10769231,
    "link": "https://www.sec.gov/Archives/edgar/data/912595/000091259596000021/0000912595-96-000021-index.html",
    "finalLink": "https://www.sec.gov/Archives/edgar/data/912595/"
  },
  {
    "date": "1996-06-30",
    "symbol": "MAA",
    "reportedCurrency": "USD",
    "cik": "0000912595",
    "fillingDate": "1996-08-14",
    "acceptedDate": "1996-08-14 00:00:00",
    "calendarYear": "1996",
    "period": "Q2",
    "revenue": 29300000,
    "costOfRevenue": 0,
    "grossProfit": 29300000,
    "grossProfitRatio": 1,
    "researchAndDevelopmentExpenses": 0,
    "generalAndAdministrativeExpenses": 4200000,
    "sellingAndMarketingExpenses": 0,
    "sellingGeneralAndAdministrativeExpenses": 4200000,
    "otherExpenses": -17200000,
    "operatingExpenses": -13000000,
    "costAndExpenses": -13000000,
    "interestIncome": 0,
    "interestExpense": 4600000,
    "depreciationAndAmortization": 5400000,
    "ebitda": 47700000,
    "ebitdaratio": 1.6279863481,
    "operatingIncome": 42300000,
    "operatingIncomeRatio": 1.4436860068,
    "totalOtherIncomeExpensesNet": -42300000,
    "incomeBeforeTax": 4600000,
    "incomeBeforeTaxRatio": 0.156996587,
    "incomeTaxExpense": -4600000,
    "netIncome": 4600000,
    "netIncomeRatio": 0.156996587,
    "eps": 0.42,
    "epsdiluted": 0.42,
    "weightedAverageShsOut": 10952381,
    "weightedAverageShsOutDil": 10952381,
    "link": "https://www.sec.gov/Archives/edgar/data/912595/000091259596000011/0000912595-96-000011-index.html",
    "finalLink": "https://www.sec.gov/Archives/edgar/data/912595/"
  },
  {
    "date": "1996-03-31",
    "symbol": "MAA",
    "reportedCurrency": "USD",
    "cik": "0000912595",
    "fillingDate": "1996-05-14",
    "acceptedDate": "1996-05-14 00:00:00",
    "calendarYear": "1996",
    "period": "Q1",
    "revenue": 27100000,
    "costOfRevenue": 0,
    "grossProfit": 27100000,
    "grossProfitRatio": 1,
    "researchAndDevelopmentExpenses": 0,
    "generalAndAdministrativeExpenses": 4400000,
    "sellingAndMarketingExpenses": 0,
    "sellingGeneralAndAdministrativeExpenses": 4400000,
    "otherExpenses": -17300000,
    "operatingExpenses": -12900000,
    "costAndExpenses": -12900000,
    "interestIncome": 0,
    "interestExpense": 3000000,
    "depreciationAndAmortization": 5300000,
    "ebitda": 45300000,
    "ebitdaratio": 1.6715867159,
    "operatingIncome": 40000000,
    "operatingIncomeRatio": 1.4760147601,
    "totalOtherIncomeExpensesNet": -40000000,
    "incomeBeforeTax": 3000000,
    "incomeBeforeTaxRatio": 0.110701107,
    "incomeTaxExpense": 0,
    "netIncome": 3000000,
    "netIncomeRatio": 0.110701107,
    "eps": 0.27,
    "epsdiluted": 0.27,
    "weightedAverageShsOut": 11111111,
    "weightedAverageShsOutDil": 11111111,
    "link": "https://www.sec.gov/Archives/edgar/data/912595/000091259596000005/0000912595-96-000005-index.html",
    "finalLink": "https://www.sec.gov/Archives/edgar/data/912595/"
  },
  {
    "date": "1995-12-31",
    "symbol": "MAA",
    "reportedCurrency": "USD",
    "cik": "0000912595",
    "fillingDate": "1995-12-31",
    "acceptedDate": "1995-12-31 00:00:00",
    "calendarYear": "1995",
    "period": "Q4",
    "revenue": 26900000,
    "costOfRevenue": 0,
    "grossProfit": 26900000,
    "grossProfitRatio": 1,
    "researchAndDevelopmentExpenses": 0,
    "generalAndAdministrativeExpenses": 4100000,
    "sellingAndMarketingExpenses": 0,
    "sellingGeneralAndAdministrativeExpenses": 4100000,
    "otherExpenses": -17000000,
    "operatingExpenses": -12900000,
    "costAndExpenses": -12900000,
    "interestIncome": 0,
    "interestExpense": 3100000,
    "depreciationAndAmortization": 5100000,
    "ebitda": 44900000,
    "ebitdaratio": 1.6691449814,
    "operatingIncome": 39800000,
    "operatingIncomeRatio": 1.4795539033,
    "totalOtherIncomeExpensesNet": -39800000,
    "incomeBeforeTax": 3100000,
    "incomeBeforeTaxRatio": 0.1152416357,
    "incomeTaxExpense": 0,
    "netIncome": 3100000,
    "netIncomeRatio": 0.1152416357,
    "eps": 0.57,
    "epsdiluted": 0.57,
    "weightedAverageShsOut": 10800000,
    "weightedAverageShsOutDil": 10800000,
    "link": null,
    "finalLink": null
  },
  {
    "date": "1995-09-30",
    "symbol": "MAA",
    "reportedCurrency": "USD",
    "cik": "0000912595",
    "fillingDate": "1995-09-30",
    "acceptedDate": "1995-09-30 00:00:00",
    "calendarYear": "1995",
    "period": "Q3",
    "revenue": 26400000,
    "costOfRevenue": 0,
    "grossProfit": 26400000,
    "grossProfitRatio": 1,
    "researchAndDevelopmentExpenses": 0,
    "generalAndAdministrativeExpenses": 4000000,
    "sellingAndMarketingExpenses": 0,
    "sellingGeneralAndAdministrativeExpenses": 4000000,
    "otherExpenses": -17000000,
    "operatingExpenses": -13000000,
    "costAndExpenses": -13000000,
    "interestIncome": 0,
    "interestExpense": 2700000,
    "depreciationAndAmortization": 4700000,
    "ebitda": 44100000,
    "ebitdaratio": 1.6704545455,
    "operatingIncome": 39400000,
    "operatingIncomeRatio": 1.4924242424,
    "totalOtherIncomeExpensesNet": -39400000,
    "incomeBeforeTax": 2700000,
    "incomeBeforeTaxRatio": 0.1022727273,
    "incomeTaxExpense": 0,
    "netIncome": 2700000,
    "netIncomeRatio": 0.1022727273,
    "eps": 0.25,
    "epsdiluted": 0.25,
    "weightedAverageShsOut": 10800000,
    "weightedAverageShsOutDil": 10800000,
    "link": null,
    "finalLink": null
  }
]