[
  {
    "date": "2025-06-30",
    "symbol": "MAR",
    "reportedCurrency": "USD",
    "cik": "0001048286",
    "fillingDate": "2025-08-05",
    "acceptedDate": "2025-08-05 10:51:47",
    "calendarYear": "2025",
    "period": "Q2",
    "revenue": 6744000000,
    "costOfRevenue": 4932000000,
    "grossProfit": 1812000000,
    "grossProfitRatio": 0.268683274,
    "researchAndDevelopmentExpenses": 0,
    "generalAndAdministrativeExpenses": 245000000,
    "sellingAndMarketingExpenses": 0,
    "sellingGeneralAndAdministrativeExpenses": 245000000,
    "otherExpenses": 336000000,
    "operatingExpenses": 581000000,
    "costAndExpenses": 5508000000,
    "interestIncome": 12000000,
    "interestExpense": 203000000,
    "depreciationAndAmortization": 53000000,
    "ebitda": 1310000000,
    "ebitdaratio": 0.1942467378,
    "operatingIncome": 1236000000,
    "operatingIncomeRatio": 0.1832740214,
    "totalOtherIncomeExpensesNet": -182000000,
    "incomeBeforeTax": 1054000000,
    "incomeBeforeTaxRatio": 0.15628707,
    "incomeTaxExpense": 291000000,
    "netIncome": 763000000,
    "netIncomeRatio": 0.1131376038,
    "eps": 2.78,
    "epsdiluted": 2.78,
    "weightedAverageShsOut": 274460000,
    "weightedAverageShsOutDil": 274460000,
    "link": "https://www.sec.gov/Archives/edgar/data/1048286/000104828625000006/0001048286-25-000006-index.htm",
    "finalLink": "https://www.sec.gov/Archives/edgar/data/1048286/000104828625000006/mar-20250630.htm"
  },
  {
    "date": "2025-03-31",
    "symbol": "MAR",
    "reportedCurrency": "USD",
    "cik": "0001048286",
    "fillingDate": "2025-05-06",
    "acceptedDate": "2025-05-06 12:10:55",
    "calendarYear": "2025",
    "period": "Q1",
    "revenue": 6263000000,
    "costOfRevenue": 5018000000,
    "grossProfit": 1245000000,
    "grossProfitRatio": 0.198786524,
    "researchAndDevelopmentExpenses": 0,
    "generalAndAdministrativeExpenses": 245000000,
    "sellingAndMarketingExpenses": 0,
    "sellingGeneralAndAdministrativeExpenses": 245000000,
    "otherExpenses": 52000000,
    "operatingExpenses": 297000000,
    "costAndExpenses": 5315000000,
    "interestIncome": 9000000,
    "interestExpense": 192000000,
    "depreciationAndAmortization": 136000000,
    "ebitda": 1092000000,
    "ebitdaratio": 0.1743573367,
    "operatingIncome": 948000000,
    "operatingIncomeRatio": 0.1513651605,
    "totalOtherIncomeExpensesNet": -184000000,
    "incomeBeforeTax": 764000000,
    "incomeBeforeTaxRatio": 0.1219862686,
    "incomeTaxExpense": 99000000,
    "netIncome": 665000000,
    "netIncomeRatio": 0.1061791474,
    "eps": 2.4,
    "epsdiluted": 2.39,
    "weightedAverageShsOut": 277700000,
    "weightedAverageShsOutDil": 277700000,
    "link": "https://www.sec.gov/Archives/edgar/data/1048286/000162828025022485/0001628280-25-022485-index.htm",
    "finalLink": "https://www.sec.gov/Archives/edgar/data/1048286/000162828025022485/mar-20250331.htm"
  },
  {
    "date": "2024-12-31",
    "symbol": "MAR",
    "reportedCurrency": "USD",
    "cik": "0001048286",
    "fillingDate": "2025-02-11",
    "acceptedDate": "2025-02-11 12:50:25",
    "calendarYear": "2024",
    "period": "Q4",
    "revenue": 6429000000,
    "costOfRevenue": 5290000000,
    "grossProfit": 1139000000,
    "grossProfitRatio": 0.1771659667,
    "researchAndDevelopmentExpenses": 0,
    "generalAndAdministrativeExpenses": 289000000,
    "sellingAndMarketingExpenses": 0,
    "sellingGeneralAndAdministrativeExpenses": 289000000,
    "otherExpenses": 98000000,
    "operatingExpenses": 387000000,
    "costAndExpenses": 5677000000,
    "interestIncome": 10000000,
    "interestExpense": 180000000,
    "depreciationAndAmortization": 279000000,
    "ebitda": 1057000000,
    "ebitdaratio": 0.1644112615,
    "operatingIncome": 752000000,
    "operatingIncomeRatio": 0.1169699798,
    "totalOtherIncomeExpensesNet": -154000000,
    "incomeBeforeTax": 598000000,
    "incomeBeforeTaxRatio": 0.0930160212,
    "incomeTaxExpense": 143000000,
    "netIncome": 455000000,
    "netIncomeRatio": 0.0707730596,
    "eps": 1.63,
    "epsdiluted": 1.62,
    "weightedAverageShsOut": 278900000,
    "weightedAverageShsOutDil": 280100000,
    "link": "https://www.sec.gov/Archives/edgar/data/1048286/000162828025004818/0001628280-25-004818-index.htm",
    "finalLink": "https://www.sec.gov/Archives/edgar/data/1048286/000162828025004818/mar-20241231.htm"
  },
  {
    "date": "2024-09-30",
    "symbol": "MAR",
    "reportedCurrency": "USD",
    "cik": "0001048286",
    "fillingDate": "2024-11-04",
    "acceptedDate": "2024-11-04 11:49:57",
    "calendarYear": "2024",
    "period": "Q3",
    "revenue": 6255000000,
    "costOfRevenue": 4981000000,
    "grossProfit": 1274000000,
    "grossProfitRatio": 0.2036770584,
    "researchAndDevelopmentExpenses": 0,
    "generalAndAdministrativeExpenses": 276000000,
    "sellingAndMarketingExpenses": 0,
    "sellingGeneralAndAdministrativeExpenses": 276000000,
    "otherExpenses": 54000000,
    "operatingExpenses": 330000000,
    "costAndExpenses": 5311000000,
    "interestIncome": 11000000,
    "interestExpense": 179000000,
    "depreciationAndAmortization": 71000000,
    "ebitda": 1036000000,
    "ebitdaratio": 0.165627498,
    "operatingIncome": 944000000,
    "operatingIncomeRatio": 0.1509192646,
    "totalOtherIncomeExpensesNet": -158000000,
    "incomeBeforeTax": 786000000,
    "incomeBeforeTaxRatio": 0.1256594724,
    "incomeTaxExpense": 202000000,
    "netIncome": 584000000,
    "netIncomeRatio": 0.0933653078,
    "eps": 2.07,
    "epsdiluted": 2.07,
    "weightedAverageShsOut": 281500000,
    "weightedAverageShsOutDil": 281500000,
    "link": "https://www.sec.gov/Archives/edgar/data/1048286/000162828024044884/0001628280-24-044884-index.htm",
    "finalLink": "https://www.sec.gov/Archives/edgar/data/1048286/000162828024044884/mar-20240930.htm"
  },
  {
    "date": "2024-06-30",
    "symbol": "MAR",
    "reportedCurrency": "USD",
    "cik": "0001048286",
    "fillingDate": "2024-07-31",
    "acceptedDate": "2024-07-31 11:22:00",
    "calendarYear": "2024",
    "period": "Q2",
    "revenue": 6439000000,
    "costOfRevenue": 4941000000,
    "grossProfit": 1498000000,
    "grossProfitRatio": 0.2326448206,
    "researchAndDevelopmentExpenses": 0,
    "generalAndAdministrativeExpenses": 248000000,
    "sellingAndMarketingExpenses": 0,
    "sellingGeneralAndAdministrativeExpenses": 248000000,
    "otherExpenses": 55000000,
    "operatingExpenses": 303000000,
    "costAndExpenses": 5244000000,
    "interestIncome": 9000000,
    "interestExpense": 173000000,
    "depreciationAndAmortization": 47000000,
    "ebitda": 1260000000,
    "ebitdaratio": 0.1956825594,
    "operatingIncome": 1195000000,
    "operatingIncomeRatio": 0.1855878242,
    "totalOtherIncomeExpensesNet": -155000000,
    "incomeBeforeTax": 1040000000,
    "incomeBeforeTaxRatio": 0.1615157633,
    "incomeTaxExpense": 268000000,
    "netIncome": 772000000,
    "netIncomeRatio": 0.1198943935,
    "eps": 2.7,
    "epsdiluted": 2.69,
    "weightedAverageShsOut": 285800000,
    "weightedAverageShsOutDil": 286700000,
    "link": "https://www.sec.gov/Archives/edgar/data/1048286/000162828024033679/0001628280-24-033679-index.htm",
    "finalLink": "https://www.sec.gov/Archives/edgar/data/1048286/000162828024033679/mar-20240630.htm"
  },
  {
    "date": "2024-03-31",
    "symbol": "MAR",
    "reportedCurrency": "USD",
    "cik": "0001048286",
    "fillingDate": "2024-05-01",
    "acceptedDate": "2024-05-01 11:18:09",
    "calendarYear": "2024",
    "period": "Q1",
    "revenue": 5977000000,
    "costOfRevenue": 4787000000,
    "grossProfit": 1190000000,
    "grossProfitRatio": 0.1990965367,
    "researchAndDevelopmentExpenses": 0,
    "generalAndAdministrativeExpenses": 261000000,
    "sellingAndMarketingExpenses": 0,
    "sellingGeneralAndAdministrativeExpenses": 261000000,
    "otherExpenses": 53000000,
    "operatingExpenses": 314000000,
    "costAndExpenses": 5101000000,
    "interestIncome": 10000000,
    "interestExpense": 163000000,
    "depreciationAndAmortization": 116000000,
    "ebitda": 1006000000,
    "ebitdaratio": 0.1683118621,
    "operatingIncome": 876000000,
    "operatingIncomeRatio": 0.1465618203,
    "totalOtherIncomeExpensesNet": -149000000,
    "incomeBeforeTax": 727000000,
    "incomeBeforeTaxRatio": 0.1216329262,
    "incomeTaxExpense": 163000000,
    "netIncome": 564000000,
    "netIncomeRatio": 0.0943617199,
    "eps": 1.94,
    "epsdiluted": 1.93,
    "weightedAverageShsOut": 290400000,
    "weightedAverageShsOutDil": 291600000,
    "link": "https://www.sec.gov/Archives/edgar/data/1048286/000162828024019494/0001628280-24-019494-index.htm",
    "finalLink": "https://www.sec.gov/Archives/edgar/data/1048286/000162828024019494/mar-20240331.htm"
  },
  {
    "date": "2023-12-31",
    "symbol": "MAR",
    "reportedCurrency": "USD",
    "cik": "0001048286",
    "fillingDate": "2024-02-13",
    "acceptedDate": "2024-02-13 12:30:40",
    "calendarYear": "2023",
    "period": "Q4",
    "revenue": 6095000000,
    "costOfRevenue": 4988000000,
    "grossProfit": 1107000000,
    "grossProfitRatio": 0.1816242822,
    "researchAndDevelopmentExpenses": 0,
    "generalAndAdministrativeExpenses": 330000000,
    "sellingAndMarketingExpenses": 0,
    "sellingGeneralAndAdministrativeExpenses": 330000000,
    "otherExpenses": 59000000,
    "operatingExpenses": 389000000,
    "costAndExpenses": 5377000000,
    "interestIncome": 9000000,
    "interestExpense": 153000000,
    "depreciationAndAmortization": 73000000,
    "ebitda": 807000000,
    "ebitdaratio": 0.1324036095,
    "operatingIncome": 718000000,
    "operatingIncomeRatio": 0.1178014766,
    "totalOtherIncomeExpensesNet": -137000000,
    "incomeBeforeTax": 581000000,
    "incomeBeforeTaxRatio": 0.0953240361,
    "incomeTaxExpense": -267000000,
    "netIncome": 848000000,
    "netIncomeRatio": 0.1391304348,
    "eps": 2.88,
    "epsdiluted": 2.87,
    "weightedAverageShsOut": 294300000,
    "weightedAverageShsOutDil": 295600000,
    "link": "https://www.sec.gov/Archives/edgar/data/1048286/000162828024004372/0001628280-24-004372-index.htm",
    "finalLink": "https://www.sec.gov/Archives/edgar/data/1048286/000162828024004372/mar-20231231.htm"
  },
  {
    "date": "2023-09-30",
    "symbol": "MAR",
    "reportedCurrency": "USD",
    "cik": "0001048286",
    "fillingDate": "2023-11-02",
    "acceptedDate": "2023-11-02 10:16:21",
    "calendarYear": "2023",
    "period": "Q3",
    "revenue": 5928000000,
    "costOfRevenue": 4531000000,
    "grossProfit": 1397000000,
    "grossProfitRatio": 0.2356612686,
    "researchAndDevelopmentExpenses": 0,
    "generalAndAdministrativeExpenses": 239000000,
    "sellingAndMarketingExpenses": 0,
    "sellingGeneralAndAdministrativeExpenses": 239000000,
    "otherExpenses": 59000000,
    "operatingExpenses": 298000000,
    "costAndExpenses": 4829000000,
    "interestIncome": 7000000,
    "interestExpense": 146000000,
    "depreciationAndAmortization": 69000000,
    "ebitda": 1204000000,
    "ebitdaratio": 0.2031039136,
    "operatingIncome": 1099000000,
    "operatingIncomeRatio": 0.185391363,
    "totalOtherIncomeExpensesNet": -110000000,
    "incomeBeforeTax": 989000000,
    "incomeBeforeTaxRatio": 0.1668353576,
    "incomeTaxExpense": 237000000,
    "netIncome": 752000000,
    "netIncomeRatio": 0.1268556005,
    "eps": 2.52,
    "epsdiluted": 2.51,
    "weightedAverageShsOut": 298600000,
    "weightedAverageShsOutDil": 300100000,
    "link": "https://www.sec.gov/Archives/edgar/data/1048286/000162828023036256/0001628280-23-036256-index.htm",
    "finalLink": "https://www.sec.gov/Archives/edgar/data/1048286/000162828023036256/mar-20230930.htm"
  },
  {
    "date": "2023-06-30",
    "symbol": "MAR",
    "reportedCurrency": "USD",
    "cik": "0001048286",
    "fillingDate": "2023-08-01",
    "acceptedDate": "2023-08-01 10:54:16",
    "calendarYear": "2023",
    "period": "Q2",
    "revenue": 6075000000,
    "costOfRevenue": 4653000000,
    "grossProfit": 1422000000,
    "grossProfitRatio": 0.2340740741,
    "researchAndDevelopmentExpenses": 0,
    "generalAndAdministrativeExpenses": 240000000,
    "sellingAndMarketingExpenses": 0,
    "sellingGeneralAndAdministrativeExpenses": 240000000,
    "otherExpenses": 86000000,
    "operatingExpenses": 326000000,
    "costAndExpenses": 4979000000,
    "interestIncome": 0,
    "interestExpense": 141000000,
    "depreciationAndAmortization": 70000000,
    "ebitda": 1175000000,
    "ebitdaratio": 0.1934156379,
    "operatingIncome": 1096000000,
    "operatingIncomeRatio": 0.1804115226,
    "totalOtherIncomeExpensesNet": -132000000,
    "incomeBeforeTax": 964000000,
    "incomeBeforeTaxRatio": 0.1586831276,
    "incomeTaxExpense": 238000000,
    "netIncome": 726000000,
    "netIncomeRatio": 0.1195061728,
    "eps": 2.39,
    "epsdiluted": 2.38,
    "weightedAverageShsOut": 303600000,
    "weightedAverageShsOutDil": 305000000,
    "link": "https://www.sec.gov/Archives/edgar/data/1048286/000162828023026380/0001628280-23-026380-index.htm",
    "finalLink": "https://www.sec.gov/Archives/edgar/data/1048286/000162828023026380/mar-20230630.htm"
  },
  {
    "date": "2023-03-31",
    "symbol": "MAR",
    "reportedCurrency": "USD",
    "cik": "0001048286",
    "fillingDate": "2023-05-02",
    "acceptedDate": "2023-05-02 12:31:05",
    "calendarYear": "2023",
    "period": "Q1",
    "revenue": 5615000000,
    "costOfRevenue": 4417000000,
    "grossProfit": 1198000000,
    "grossProfitRatio": 0.2133570793,
    "researchAndDevelopmentExpenses": 0,
    "generalAndAdministrativeExpenses": 202000000,
    "sellingAndMarketingExpenses": 0,
    "sellingGeneralAndAdministrativeExpenses": 202000000,
    "otherExpenses": 45000000,
    "operatingExpenses": 247000000,
    "costAndExpenses": 4664000000,
    "interestIncome": 15000000,
    "interestExpense": 126000000,
    "depreciationAndAmortization": 65000000,
    "ebitda": 1035000000,
    "ebitdaratio": 0.1843276937,
    "operatingIncome": 951000000,
    "operatingIncomeRatio": 0.1693677649,
    "totalOtherIncomeExpensesNet": -107000000,
    "incomeBeforeTax": 844000000,
    "incomeBeforeTaxRatio": 0.1503116652,
    "incomeTaxExpense": 87000000,
    "netIncome": 757000000,
    "netIncomeRatio": 0.1348174533,
    "eps": 2.45,
    "epsdiluted": 2.43,
    "weightedAverageShsOut": 309600000,
    "weightedAverageShsOutDil": 311000000,
    "link": "https://www.sec.gov/Archives/edgar/data/1048286/000162828023014793/0001628280-23-014793-index.htm",
    "finalLink": "https://www.sec.gov/Archives/edgar/data/1048286/000162828023014793/mar-20230331.htm"
  },
  {
    "date": "2022-12-31",
    "symbol": "MAR",
    "reportedCurrency": "USD",
    "cik": "0001048286",
    "fillingDate": "2023-02-14",
    "acceptedDate": "2023-02-14 15:00:35",
    "calendarYear": "2022",
    "period": "Q4",
    "revenue": 5923000000,
    "costOfRevenue": 4644000000,
    "grossProfit": 1279000000,
    "grossProfitRatio": 0.2159378693,
    "researchAndDevelopmentExpenses": 0,
    "generalAndAdministrativeExpenses": 236000000,
    "sellingAndMarketingExpenses": 0,
    "sellingGeneralAndAdministrativeExpenses": 236000000,
    "otherExpenses": 47000000,
    "operatingExpenses": 283000000,
    "costAndExpenses": 4927000000,
    "interestIncome": 8000000,
    "interestExpense": 115000000,
    "depreciationAndAmortization": 70000000,
    "ebitda": 1076000000,
    "ebitdaratio": 0.1816646969,
    "operatingIncome": 996000000,
    "operatingIncomeRatio": 0.168158028,
    "totalOtherIncomeExpensesNet": -105000000,
    "incomeBeforeTax": 891000000,
    "incomeBeforeTaxRatio": 0.1504305251,
    "incomeTaxExpense": 218000000,
    "netIncome": 673000000,
    "netIncomeRatio": 0.1136248523,
    "eps": 2.13,
    "epsdiluted": 2.12,
    "weightedAverageShsOut": 316500000,
    "weightedAverageShsOutDil": 317900000,
    "link": "https://www.sec.gov/Archives/edgar/data/1048286/000162828023003485/0001628280-23-003485-index.htm",
    "finalLink": "https://www.sec.gov/Archives/edgar/data/1048286/000162828023003485/mar-20221231.htm"
  },
  {
    "date": "2022-09-30",
    "symbol": "MAR",
    "reportedCurrency": "USD",
    "cik": "0001048286",
    "fillingDate": "2022-11-03",
    "acceptedDate": "2022-11-03 10:41:00",
    "calendarYear": "2022",
    "period": "Q3",
    "revenue": 5313000000,
    "costOfRevenue": 4087000000,
    "grossProfit": 1226000000,
    "grossProfitRatio": 0.2307547525,
    "researchAndDevelopmentExpenses": 0,
    "generalAndAdministrativeExpenses": 216000000,
    "sellingAndMarketingExpenses": 0,
    "sellingGeneralAndAdministrativeExpenses": 216000000,
    "otherExpenses": 52000000,
    "operatingExpenses": 268000000,
    "costAndExpenses": 4355000000,
    "interestIncome": 7000000,
    "interestExpense": 100000000,
    "depreciationAndAmortization": 72000000,
    "ebitda": 1041000000,
    "ebitdaratio": 0.1959345003,
    "operatingIncome": 958000000,
    "operatingIncomeRatio": 0.1803124412,
    "totalOtherIncomeExpensesNet": -89000000,
    "incomeBeforeTax": 869000000,
    "incomeBeforeTaxRatio": 0.1635610766,
    "incomeTaxExpense": 239000000,
    "netIncome": 630000000,
    "netIncomeRatio": 0.1185770751,
    "eps": 1.94,
    "epsdiluted": 1.93,
    "weightedAverageShsOut": 324500000,
    "weightedAverageShsOutDil": 325700000,
    "link": "https://www.sec.gov/Archives/edgar/data/1048286/000162828022028021/0001628280-22-028021-index.htm",
    "finalLink": "https://www.sec.gov/Archives/edgar/data/1048286/000162828022028021/mar-20220930.htm"
  },
  {
    "date": "2022-06-30",
    "symbol": "MAR",
    "reportedCurrency": "USD",
    "cik": "0001048286",
    "fillingDate": "2022-08-02",
    "acceptedDate": "2022-08-02 10:47:09",
    "calendarYear": "2022",
    "period": "Q2",
    "revenue": 5338000000,
    "costOfRevenue": 4108000000,
    "grossProfit": 1230000000,
    "grossProfitRatio": 0.2304233795,
    "researchAndDevelopmentExpenses": 0,
    "generalAndAdministrativeExpenses": 231000000,
    "sellingAndMarketingExpenses": 0,
    "sellingGeneralAndAdministrativeExpenses": 231000000,
    "otherExpenses": 49000000,
    "operatingExpenses": 280000000,
    "costAndExpenses": 4388000000,
    "interestIncome": 6000000,
    "interestExpense": 95000000,
    "depreciationAndAmortization": 68000000,
    "ebitda": 1041000000,
    "ebitdaratio": 0.1950168602,
    "operatingIncome": 950000000,
    "operatingIncomeRatio": 0.1779692769,
    "totalOtherIncomeExpensesNet": -72000000,
    "incomeBeforeTax": 878000000,
    "incomeBeforeTaxRatio": 0.1644810791,
    "incomeTaxExpense": 200000000,
    "netIncome": 678000000,
    "netIncomeRatio": 0.1270138629,
    "eps": 2.06,
    "epsdiluted": 2.06,
    "weightedAverageShsOut": 328200000,
    "weightedAverageShsOutDil": 329500000,
    "link": "https://www.sec.gov/Archives/edgar/data/1048286/000162828022020126/0001628280-22-020126-index.htm",
    "finalLink": "https://www.sec.gov/Archives/edgar/data/1048286/000162828022020126/mar-20220630.htm"
  },
  {
    "date": "2022-03-31",
    "symbol": "MAR",
    "reportedCurrency": "USD",
    "cik": "0001048286",
    "fillingDate": "2022-05-04",
    "acceptedDate": "2022-05-04 11:12:49",
    "calendarYear": "2022",
    "period": "Q1",
    "revenue": 4199000000,
    "costOfRevenue": 3376000000,
    "grossProfit": 823000000,
    "grossProfitRatio": 0.1959990474,
    "researchAndDevelopmentExpenses": 0,
    "generalAndAdministrativeExpenses": 208000000,
    "sellingAndMarketingExpenses": 0,
    "sellingGeneralAndAdministrativeExpenses": 208000000,
    "otherExpenses": 57000000,
    "operatingExpenses": 265000000,
    "costAndExpenses": 3641000000,
    "interestIncome": 5000000,
    "interestExpense": 93000000,
    "depreciationAndAmortization": 72000000,
    "ebitda": 641000000,
    "ebitdaratio": 0.1526553941,
    "operatingIncome": 558000000,
    "operatingIncomeRatio": 0.132888783,
    "totalOtherIncomeExpensesNet": -82000000,
    "incomeBeforeTax": 476000000,
    "incomeBeforeTaxRatio": 0.1133603239,
    "incomeTaxExpense": 99000000,
    "netIncome": 377000000,
    "netIncomeRatio": 0.0897832817,
    "eps": 1.15,
    "epsdiluted": 1.14,
    "weightedAverageShsOut": 328300000,
    "weightedAverageShsOutDil": 330000000,
    "link": "https://www.sec.gov/Archives/edgar/data/1048286/000162828022012175/0001628280-22-012175-index.htm",
    "finalLink": "https://www.sec.gov/Archives/edgar/data/1048286/000162828022012175/mar-20220331.htm"
  },
  {
    "date": "2021-12-31",
    "symbol": "MAR",
    "reportedCurrency": "USD",
    "cik": "0001048286",
    "fillingDate": "2022-02-15",
    "acceptedDate": "2022-02-15 12:23:48",
    "calendarYear": "2021",
    "period": "Q4",
    "revenue": 4446000000,
    "costOfRevenue": 3544000000,
    "grossProfit": 902000000,
    "grossProfitRatio": 0.2028789924,
    "researchAndDevelopmentExpenses": 0,
    "generalAndAdministrativeExpenses": 213000000,
    "sellingAndMarketingExpenses": 0,
    "sellingGeneralAndAdministrativeExpenses": 213000000,
    "otherExpenses": 54000000,
    "operatingExpenses": 267000000,
    "costAndExpenses": 3811000000,
    "interestIncome": 6000000,
    "interestExpense": 97000000,
    "depreciationAndAmortization": 73000000,
    "ebitda": 718000000,
    "ebitdaratio": 0.1614934773,
    "operatingIncome": 635000000,
    "operatingIncomeRatio": 0.1428250112,
    "totalOtherIncomeExpensesNet": -87000000,
    "incomeBeforeTax": 548000000,
    "incomeBeforeTaxRatio": 0.1232568601,
    "incomeTaxExpense": 80000000,
    "netIncome": 468000000,
    "netIncomeRatio": 0.1052631579,
    "eps": 1.43,
    "epsdiluted": 1.42,
    "weightedAverageShsOut": 327600000,
    "weightedAverageShsOutDil": 329800000,
    "link": "https://www.sec.gov/Archives/edgar/data/1048286/000162828022002666/0001628280-22-002666-index.htm",
    "finalLink": "https://www.sec.gov/Archives/edgar/data/1048286/000162828022002666/mar-20211231.htm"
  },
  {
    "date": "2021-09-30",
    "symbol": "MAR",
    "reportedCurrency": "USD",
    "cik": "0001048286",
    "fillingDate": "2021-11-03",
    "acceptedDate": "2021-11-03 09:42:16",
    "calendarYear": "2021",
    "period": "Q3",
    "revenue": 3946000000,
    "costOfRevenue": 3121000000,
    "grossProfit": 825000000,
    "grossProfitRatio": 0.2090724785,
    "researchAndDevelopmentExpenses": 0,
    "generalAndAdministrativeExpenses": 212000000,
    "sellingAndMarketingExpenses": 0,
    "sellingGeneralAndAdministrativeExpenses": 212000000,
    "otherExpenses": 68000000,
    "operatingExpenses": 280000000,
    "costAndExpenses": 3401000000,
    "interestIncome": 8000000,
    "interestExpense": 107000000,
    "depreciationAndAmortization": 85000000,
    "ebitda": 470000000,
    "ebitdaratio": 0.1191079574,
    "operatingIncome": 545000000,
    "operatingIncomeRatio": 0.1381145464,
    "totalOtherIncomeExpensesNet": -267000000,
    "incomeBeforeTax": 278000000,
    "incomeBeforeTaxRatio": 0.0704510897,
    "incomeTaxExpense": 58000000,
    "netIncome": 220000000,
    "netIncomeRatio": 0.0557526609,
    "eps": 0.67,
    "epsdiluted": 0.67,
    "weightedAverageShsOut": 327300000,
    "weightedAverageShsOutDil": 329300000,
    "link": "https://www.sec.gov/Archives/edgar/data/1048286/000162828021021326/0001628280-21-021326-index.htm",
    "finalLink": "https://www.sec.gov/Archives/edgar/data/1048286/000162828021021326/mar-20210930.htm"
  },
  {
    "date": "2021-06-30",
    "symbol": "MAR",
    "reportedCurrency": "USD",
    "cik": "0001048286",
    "fillingDate": "2021-08-03",
    "acceptedDate": "2021-08-03 12:49:32",
    "calendarYear": "2021",
    "period": "Q2",
    "revenue": 3149000000,
    "costOfRevenue": 2423000000,
    "grossProfit": 726000000,
    "grossProfitRatio": 0.2305493808,
    "researchAndDevelopmentExpenses": 0,
    "generalAndAdministrativeExpenses": 187000000,
    "sellingAndMarketingExpenses": 0,
    "sellingGeneralAndAdministrativeExpenses": 187000000,
    "otherExpenses": 53000000,
    "operatingExpenses": 240000000,
    "costAndExpenses": 2663000000,
    "interestIncome": 7000000,
    "interestExpense": 109000000,
    "depreciationAndAmortization": 68000000,
    "ebitda": 558000000,
    "ebitdaratio": 0.1771991108,
    "operatingIncome": 486000000,
    "operatingIncomeRatio": 0.1543347094,
    "totalOtherIncomeExpensesNet": -105000000,
    "incomeBeforeTax": 381000000,
    "incomeBeforeTaxRatio": 0.1209907907,
    "incomeTaxExpense": -41000000,
    "netIncome": 422000000,
    "netIncomeRatio": 0.1340107971,
    "eps": 1.29,
    "epsdiluted": 1.28,
    "weightedAverageShsOut": 327100000,
    "weightedAverageShsOutDil": 329100000,
    "link": "https://www.sec.gov/Archives/edgar/data/1048286/000162828021015288/0001628280-21-015288-index.htm",
    "finalLink": "https://www.sec.gov/Archives/edgar/data/1048286/000162828021015288/mar-20210630.htm"
  },
  {
    "date": "2021-03-31",
    "symbol": "MAR",
    "reportedCurrency": "USD",
    "cik": "0001048286",
    "fillingDate": "2021-05-10",
    "acceptedDate": "2021-05-10 13:18:44",
    "calendarYear": "2021",
    "period": "Q1",
    "revenue": 2316000000,
    "costOfRevenue": 1968000000,
    "grossProfit": 348000000,
    "grossProfitRatio": 0.1502590674,
    "researchAndDevelopmentExpenses": 0,
    "generalAndAdministrativeExpenses": 211000000,
    "sellingAndMarketingExpenses": 0,
    "sellingGeneralAndAdministrativeExpenses": 211000000,
    "otherExpenses": 53000000,
    "operatingExpenses": 264000000,
    "costAndExpenses": 2232000000,
    "interestIncome": 7000000,
    "interestExpense": 107000000,
    "depreciationAndAmortization": 69000000,
    "ebitda": 149000000,
    "ebitdaratio": 0.0643350604,
    "operatingIncome": 84000000,
    "operatingIncomeRatio": 0.0362694301,
    "totalOtherIncomeExpensesNet": -111000000,
    "incomeBeforeTax": -27000000,
    "incomeBeforeTaxRatio": -0.0116580311,
    "incomeTaxExpense": -16000000,
    "netIncome": -11000000,
    "netIncomeRatio": -0.0047495682,
    "eps": -0.0337,
    "epsdiluted": -0.0337,
    "weightedAverageShsOut": 326700000,
    "weightedAverageShsOutDil": 326700000,
    "link": "https://www.sec.gov/Archives/edgar/data/1048286/000162828021009633/0001628280-21-009633-index.htm",
    "finalLink": "https://www.sec.gov/Archives/edgar/data/1048286/000162828021009633/mar-20210331.htm"
  },
  {
    "date": "2020-12-31",
    "symbol": "MAR",
    "reportedCurrency": "USD",
    "cik": "0001048286",
    "fillingDate": "2021-04-02",
    "acceptedDate": "2021-04-02 13:41:31",
    "calendarYear": "2020",
    "period": "Q4",
    "revenue": 2172000000,
    "costOfRevenue": 1784000000,
    "grossProfit": 388000000,
    "grossProfitRatio": 0.1786372007,
    "researchAndDevelopmentExpenses": 0,
    "generalAndAdministrativeExpenses": 183000000,
    "sellingAndMarketingExpenses": 0,
    "sellingGeneralAndAdministrativeExpenses": 183000000,
    "otherExpenses": 333000000,
    "operatingExpenses": 516000000,
    "costAndExpenses": 2300000000,
    "interestIncome": 7000000,
    "interestExpense": 112000000,
    "depreciationAndAmortization": 109000000,
    "ebitda": -93000000,
    "ebitdaratio": -0.0428176796,
    "operatingIncome": -128000000,
    "operatingIncomeRatio": -0.05893186,
    "totalOtherIncomeExpensesNet": -186000000,
    "incomeBeforeTax": -314000000,
    "incomeBeforeTaxRatio": -0.1445672192,
    "incomeTaxExpense": -150000000,
    "netIncome": -164000000,
    "netIncomeRatio": -0.0755064457,
    "eps": -0.5,
    "epsdiluted": -0.5,
    "weightedAverageShsOut": 326200000,
    "weightedAverageShsOutDil": 326200000,
    "link": "https://www.sec.gov/Archives/edgar/data/1048286/000162828021006440/0001628280-21-006440-index.htm",
    "finalLink": "https://www.sec.gov/Archives/edgar/data/1048286/000162828021006440/mar-20201231.htm"
  },
  {
    "date": "2020-09-30",
    "symbol": "MAR",
    "reportedCurrency": "USD",
    "cik": "0001048286",
    "fillingDate": "2020-11-06",
    "acceptedDate": "2020-11-06 14:14:09",
    "calendarYear": "2020",
    "period": "Q3",
    "revenue": 2254000000,
    "costOfRevenue": 1817000000,
    "grossProfit": 437000000,
    "grossProfitRatio": 0.193877551,
    "researchAndDevelopmentExpenses": 0,
    "generalAndAdministrativeExpenses": 131000000,
    "sellingAndMarketingExpenses": 0,
    "sellingGeneralAndAdministrativeExpenses": 131000000,
    "otherExpenses": 54000000,
    "operatingExpenses": 185000000,
    "costAndExpenses": 2002000000,
    "interestIncome": 6000000,
    "interestExpense": 113000000,
    "depreciationAndAmortization": 101000000,
    "ebitda": 341000000,
    "ebitdaratio": 0.1512866016,
    "operatingIncome": 252000000,
    "operatingIncomeRatio": 0.1118012422,
    "totalOtherIncomeExpensesNet": -125000000,
    "incomeBeforeTax": 127000000,
    "incomeBeforeTaxRatio": 0.0563442768,
    "incomeTaxExpense": 27000000,
    "netIncome": 100000000,
    "netIncomeRatio": 0.0443655723,
    "eps": 0.31,
    "epsdiluted": 0.31,
    "weightedAverageShsOut": 325900000,
    "weightedAverageShsOutDil": 326800000,
    "link": "https://www.sec.gov/Archives/edgar/data/1048286/000162828020015909/0001628280-20-015909-index.htm",
    "finalLink": "https://www.sec.gov/Archives/edgar/data/1048286/000162828020015909/mar-20200930.htm"
  },
  {
    "date": "2020-06-30",
    "symbol": "MAR",
    "reportedCurrency": "USD",
    "cik": "0001048286",
    "fillingDate": "2020-08-10",
    "acceptedDate": "2020-08-10 10:45:20",
    "calendarYear": "2020",
    "period": "Q2",
    "revenue": 1464000000,
    "costOfRevenue": 1362000000,
    "grossProfit": 102000000,
    "grossProfitRatio": 0.0696721311,
    "researchAndDevelopmentExpenses": 0,
    "generalAndAdministrativeExpenses": 178000000,
    "sellingAndMarketingExpenses": 0,
    "sellingGeneralAndAdministrativeExpenses": 178000000,
    "otherExpenses": 78000000,
    "operatingExpenses": 256000000,
    "costAndExpenses": 1618000000,
    "interestIncome": 8000000,
    "interestExpense": 127000000,
    "depreciationAndAmortization": 93000000,
    "ebitda": -78000000,
    "ebitdaratio": -0.0532786885,
    "operatingIncome": -154000000,
    "operatingIncomeRatio": -0.1051912568,
    "totalOtherIncomeExpensesNet": -144000000,
    "incomeBeforeTax": -298000000,
    "incomeBeforeTaxRatio": -0.2035519126,
    "incomeTaxExpense": -64000000,
    "netIncome": -234000000,
    "netIncomeRatio": -0.1598360656,
    "eps": -0.72,
    "epsdiluted": -0.72,
    "weightedAverageShsOut": 325000000,
    "weightedAverageShsOutDil": 325600000,
    "link": "https://www.sec.gov/Archives/edgar/data/1048286/000162828020012272/0001628280-20-012272-index.htm",
    "finalLink": "https://www.sec.gov/Archives/edgar/data/1048286/000162828020012272/mar-20200630.htm"
  },
  {
    "date": "2020-03-31",
    "symbol": "MAR",
    "reportedCurrency": "USD",
    "cik": "0001048286",
    "fillingDate": "2020-05-11",
    "acceptedDate": "2020-05-11 12:50:56",
    "calendarYear": "2020",
    "period": "Q1",
    "revenue": 4681000000,
    "costOfRevenue": 4149000000,
    "grossProfit": 532000000,
    "grossProfitRatio": 0.1136509293,
    "researchAndDevelopmentExpenses": 0,
    "generalAndAdministrativeExpenses": 270000000,
    "sellingAndMarketingExpenses": 0,
    "sellingGeneralAndAdministrativeExpenses": 270000000,
    "otherExpenses": 148000000,
    "operatingExpenses": 418000000,
    "costAndExpenses": 4567000000,
    "interestIncome": 6000000,
    "interestExpense": 93000000,
    "depreciationAndAmortization": 175000000,
    "ebitda": 287000000,
    "ebitdaratio": 0.0613116855,
    "operatingIncome": 114000000,
    "operatingIncomeRatio": 0.0243537706,
    "totalOtherIncomeExpensesNet": -95000000,
    "incomeBeforeTax": 19000000,
    "incomeBeforeTaxRatio": 0.0040589618,
    "incomeTaxExpense": -12000000,
    "netIncome": 31000000,
    "netIncomeRatio": 0.0066225166,
    "eps": 0.1,
    "epsdiluted": 0.09,
    "weightedAverageShsOut": 325400000,
    "weightedAverageShsOutDil": 327400000,
    "link": "https://www.sec.gov/Archives/edgar/data/1048286/000162828020007376/0001628280-20-007376-index.htm",
    "finalLink": "https://www.sec.gov/Archives/edgar/data/1048286/000162828020007376/mar-q12020x10q.htm"
  },
  {
    "date": "2019-12-31",
    "symbol": "MAR",
    "reportedCurrency": "USD",
    "cik": "0001048286",
    "fillingDate": "2020-02-27",
    "acceptedDate": "2020-02-27 11:40:50",
    "calendarYear": "2019",
    "period": "Q4",
    "revenue": 5371000000,
    "costOfRevenue": 4704000000,
    "grossProfit": 667000000,
    "grossProfitRatio": 0.1241854403,
    "researchAndDevelopmentExpenses": 0,
    "generalAndAdministrativeExpenses": 267000000,
    "sellingAndMarketingExpenses": 0,
    "sellingGeneralAndAdministrativeExpenses": 267000000,
    "otherExpenses": 126000000,
    "operatingExpenses": 393000000,
    "costAndExpenses": 5097000000,
    "interestIncome": 6000000,
    "interestExpense": 95000000,
    "depreciationAndAmortization": 196000000,
    "ebitda": 617000000,
    "ebitdaratio": 0.1148761869,
    "operatingIncome": 274000000,
    "operatingIncomeRatio": 0.0510147086,
    "totalOtherIncomeExpensesNet": 52000000,
    "incomeBeforeTax": 326000000,
    "incomeBeforeTaxRatio": 0.0606963322,
    "incomeTaxExpense": 47000000,
    "netIncome": 279000000,
    "netIncomeRatio": 0.051945634,
    "eps": 0.85,
    "epsdiluted": 0.85,
    "weightedAverageShsOut": 327700000,
    "weightedAverageShsOutDil": 330400000,
    "link": "https://www.sec.gov/Archives/edgar/data/1048286/000162828020002376/0001628280-20-002376-index.htm",
    "finalLink": "https://www.sec.gov/Archives/edgar/data/1048286/000162828020002376/mar-q42019x10k.htm"
  },
  {
    "date": "2019-09-30",
    "symbol": "MAR",
    "reportedCurrency": "USD",
    "cik": "0001048286",
    "fillingDate": "2019-11-05",
    "acceptedDate": "2019-11-05 14:32:59",
    "calendarYear": "2019",
    "period": "Q3",
    "revenue": 5284000000,
    "costOfRevenue": 4396000000,
    "grossProfit": 888000000,
    "grossProfitRatio": 0.1680545042,
    "researchAndDevelopmentExpenses": 0,
    "generalAndAdministrativeExpenses": 220000000,
    "sellingAndMarketingExpenses": 0,
    "sellingGeneralAndAdministrativeExpenses": 220000000,
    "otherExpenses": 61000000,
    "operatingExpenses": 281000000,
    "costAndExpenses": 4677000000,
    "interestIncome": 8000000,
    "interestExpense": 100000000,
    "depreciationAndAmortization": 68000000,
    "ebitda": 695000000,
    "ebitdaratio": 0.1315291446,
    "operatingIncome": 607000000,
    "operatingIncomeRatio": 0.1148750946,
    "totalOtherIncomeExpensesNet": -80000000,
    "incomeBeforeTax": 527000000,
    "incomeBeforeTaxRatio": 0.0997350492,
    "incomeTaxExpense": 140000000,
    "netIncome": 387000000,
    "netIncomeRatio": 0.0732399697,
    "eps": 1.17,
    "epsdiluted": 1.16,
    "weightedAverageShsOut": 329900000,
    "weightedAverageShsOutDil": 332500000,
    "link": "https://www.sec.gov/Archives/edgar/data/1048286/000162828019013294/0001628280-19-013294-index.htm",
    "finalLink": "https://www.sec.gov/Archives/edgar/data/1048286/000162828019013294/mar-q32019x10q.htm"
  },
  {
    "date": "2019-06-30",
    "symbol": "MAR",
    "reportedCurrency": "USD",
    "cik": "0001048286",
    "fillingDate": "2019-08-06",
    "acceptedDate": "2019-08-06 13:22:17",
    "calendarYear": "2019",
    "period": "Q2",
    "revenue": 5305000000,
    "costOfRevenue": 4438000000,
    "grossProfit": 867000000,
    "grossProfitRatio": 0.1634307257,
    "researchAndDevelopmentExpenses": 0,
    "generalAndAdministrativeExpenses": 229000000,
    "sellingAndMarketingExpenses": 0,
    "sellingGeneralAndAdministrativeExpenses": 229000000,
    "otherExpenses": 229000000,
    "operatingExpenses": 458000000,
    "costAndExpenses": 4896000000,
    "interestIncome": 6000000,
    "interestExpense": 102000000,
    "depreciationAndAmortization": 71000000,
    "ebitda": 487000000,
    "ebitdaratio": 0.0918001885,
    "operatingIncome": 409000000,
    "operatingIncomeRatio": 0.0770970782,
    "totalOtherIncomeExpensesNet": -95000000,
    "incomeBeforeTax": 314000000,
    "incomeBeforeTaxRatio": 0.0591894439,
    "incomeTaxExpense": 82000000,
    "netIncome": 232000000,
    "netIncomeRatio": 0.043732328,
    "eps": 0.7,
    "epsdiluted": 0.69,
    "weightedAverageShsOut": 333800000,
    "weightedAverageShsOutDil": 336400000,
    "link": "https://www.sec.gov/Archives/edgar/data/1048286/000162828019010070/0001628280-19-010070-index.htm",
    "finalLink": "https://www.sec.gov/Archives/edgar/data/1048286/000162828019010070/mar-q22019x10q.htm"
  },
  {
    "date": "2019-03-31",
    "symbol": "MAR",
    "reportedCurrency": "USD",
    "cik": "0001048286",
    "fillingDate": "2019-05-10",
    "acceptedDate": "2019-05-10 06:03:18",
    "calendarYear": "2019",
    "period": "Q1",
    "revenue": 5012000000,
    "costOfRevenue": 4217000000,
    "grossProfit": 795000000,
    "grossProfitRatio": 0.1586193136,
    "researchAndDevelopmentExpenses": 0,
    "generalAndAdministrativeExpenses": 222000000,
    "sellingAndMarketingExpenses": 0,
    "sellingGeneralAndAdministrativeExpenses": 222000000,
    "otherExpenses": 63000000,
    "operatingExpenses": 285000000,
    "costAndExpenses": 4502000000,
    "interestIncome": 6000000,
    "interestExpense": 97000000,
    "depreciationAndAmortization": 68000000,
    "ebitda": 597000000,
    "ebitdaratio": 0.1191141261,
    "operatingIncome": 510000000,
    "operatingIncomeRatio": 0.1017557861,
    "totalOtherIncomeExpensesNet": -78000000,
    "incomeBeforeTax": 432000000,
    "incomeBeforeTaxRatio": 0.0861931365,
    "incomeTaxExpense": 57000000,
    "netIncome": 375000000,
    "netIncomeRatio": 0.074820431,
    "eps": 1.1,
    "epsdiluted": 1.09,
    "weightedAverageShsOut": 339600000,
    "weightedAverageShsOutDil": 342800000,
    "link": "https://www.sec.gov/Archives/edgar/data/1048286/000162828019006493/0001628280-19-006493-index.htm",
    "finalLink": "https://www.sec.gov/Archives/edgar/data/1048286/000162828019006493/mar-q12019x10q.htm"
  },
  {
    "date": "2018-12-31",
    "symbol": "MAR",
    "reportedCurrency": "USD",
    "cik": "0001048286",
    "fillingDate": "2019-03-01",
    "acceptedDate": "2019-03-01 12:09:20",
    "calendarYear": "2018",
    "period": "Q4",
    "revenue": 5357000000,
    "costOfRevenue": 4406000000,
    "grossProfit": 951000000,
    "grossProfitRatio": 0.177524734,
    "researchAndDevelopmentExpenses": 0,
    "generalAndAdministrativeExpenses": 242000000,
    "sellingAndMarketingExpenses": 0,
    "sellingGeneralAndAdministrativeExpenses": 242000000,
    "otherExpenses": 153000000,
    "operatingExpenses": 395000000,
    "costAndExpenses": 4801000000,
    "interestIncome": 6000000,
    "interestExpense": 94000000,
    "depreciationAndAmortization": 76000000,
    "ebitda": 649000000,
    "ebitdaratio": 0.1211498973,
    "operatingIncome": 556000000,
    "operatingIncomeRatio": 0.1037894344,
    "totalOtherIncomeExpensesNet": -77000000,
    "incomeBeforeTax": 479000000,
    "incomeBeforeTaxRatio": 0.0894157178,
    "incomeTaxExpense": 63000000,
    "netIncome": 416000000,
    "netIncomeRatio": 0.0776554041,
    "eps": 0.93,
    "epsdiluted": 0.92,
    "weightedAverageShsOut": 341900000,
    "weightedAverageShsOutDil": 345700000,
    "link": "https://www.sec.gov/Archives/edgar/data/1048286/000162828019002337/0001628280-19-002337-index.htm",
    "finalLink": "https://www.sec.gov/Archives/edgar/data/1048286/000162828019002337/mar-q42018x10k.htm"
  },
  {
    "date": "2018-09-30",
    "symbol": "MAR",
    "reportedCurrency": "USD",
    "cik": "0001048286",
    "fillingDate": "2018-11-06",
    "acceptedDate": "2018-11-06 11:43:01",
    "calendarYear": "2018",
    "period": "Q3",
    "revenue": 5051000000,
    "costOfRevenue": 4170000000,
    "grossProfit": 881000000,
    "grossProfitRatio": 0.1744209068,
    "researchAndDevelopmentExpenses": 0,
    "generalAndAdministrativeExpenses": 221000000,
    "sellingAndMarketingExpenses": 0,
    "sellingGeneralAndAdministrativeExpenses": 221000000,
    "otherExpenses": 64000000,
    "operatingExpenses": 285000000,
    "costAndExpenses": 4455000000,
    "interestIncome": 5000000,
    "interestExpense": 86000000,
    "depreciationAndAmortization": 65000000,
    "ebitda": 745000000,
    "ebitdaratio": 0.1474955454,
    "operatingIncome": 596000000,
    "operatingIncomeRatio": 0.1179964363,
    "totalOtherIncomeExpensesNet": -2000000,
    "incomeBeforeTax": 594000000,
    "incomeBeforeTaxRatio": 0.1176004752,
    "incomeTaxExpense": 91000000,
    "netIncome": 503000000,
    "netIncomeRatio": 0.0995842407,
    "eps": 1.45,
    "epsdiluted": 1.43,
    "weightedAverageShsOut": 346700000,
    "weightedAverageShsOutDil": 350600000,
    "link": "https://www.sec.gov/Archives/edgar/data/1048286/000162828018013710/0001628280-18-013710-index.htm",
    "finalLink": "https://www.sec.gov/Archives/edgar/data/1048286/000162828018013710/mar-q32018x10q.htm"
  },
  {
    "date": "2018-06-30",
    "symbol": "MAR",
    "reportedCurrency": "USD",
    "cik": "0001048286",
    "fillingDate": "2018-08-07",
    "acceptedDate": "2018-08-07 11:54:54",
    "calendarYear": "2018",
    "period": "Q2",
    "revenue": 5409000000,
    "costOfRevenue": 4298000000,
    "grossProfit": 1111000000,
    "grossProfitRatio": 0.2053984101,
    "researchAndDevelopmentExpenses": 0,
    "generalAndAdministrativeExpenses": 217000000,
    "sellingAndMarketingExpenses": 0,
    "sellingGeneralAndAdministrativeExpenses": 217000000,
    "otherExpenses": 76000000,
    "operatingExpenses": 293000000,
    "costAndExpenses": 4591000000,
    "interestIncome": 6000000,
    "interestExpense": 85000000,
    "depreciationAndAmortization": 70000000,
    "ebitda": 1029000000,
    "ebitdaratio": 0.1902384914,
    "operatingIncome": 818000000,
    "operatingIncomeRatio": 0.1512294324,
    "totalOtherIncomeExpensesNet": 56000000,
    "incomeBeforeTax": 874000000,
    "incomeBeforeTaxRatio": 0.1615825476,
    "incomeTaxExpense": 207000000,
    "netIncome": 667000000,
    "netIncomeRatio": 0.1233129969,
    "eps": 1.89,
    "epsdiluted": 1.87,
    "weightedAverageShsOut": 353400000,
    "weightedAverageShsOutDil": 357300000,
    "link": "https://www.sec.gov/Archives/edgar/data/1048286/000162828018010613/0001628280-18-010613-index.htm",
    "finalLink": "https://www.sec.gov/Archives/edgar/data/1048286/000162828018010613/mar-q22018x10q.htm"
  },
  {
    "date": "2018-03-31",
    "symbol": "MAR",
    "reportedCurrency": "USD",
    "cik": "0001048286",
    "fillingDate": "2018-05-10",
    "acceptedDate": "2018-05-10 09:50:00",
    "calendarYear": "2018",
    "period": "Q1",
    "revenue": 5009000000,
    "costOfRevenue": 4144000000,
    "grossProfit": 865000000,
    "grossProfitRatio": 0.1726891595,
    "researchAndDevelopmentExpenses": 0,
    "generalAndAdministrativeExpenses": 247000000,
    "sellingAndMarketingExpenses": 0,
    "sellingGeneralAndAdministrativeExpenses": 247000000,
    "otherExpenses": 88000000,
    "operatingExpenses": 335000000,
    "costAndExpenses": 4479000000,
    "interestIncome": 5000000,
    "interestExpense": 75000000,
    "depreciationAndAmortization": 73000000,
    "ebitda": 680000000,
    "ebitdaratio": 0.1357556398,
    "operatingIncome": 530000000,
    "operatingIncomeRatio": 0.1058095428,
    "totalOtherIncomeExpensesNet": 2000000,
    "incomeBeforeTax": 532000000,
    "incomeBeforeTaxRatio": 0.1062088241,
    "incomeTaxExpense": 112000000,
    "netIncome": 420000000,
    "netIncomeRatio": 0.0838490717,
    "eps": 1.17,
    "epsdiluted": 1.16,
    "weightedAverageShsOut": 358400000,
    "weightedAverageShsOutDil": 363300000,
    "link": "https://www.sec.gov/Archives/edgar/data/1048286/000162828018006463/0001628280-18-006463-index.htm",
    "finalLink": "https://www.sec.gov/Archives/edgar/data/1048286/000162828018006463/mar-q12018x10q.htm"
  },
  {
    "date": "2017-12-31",
    "symbol": "MAR",
    "reportedCurrency": "USD",
    "cik": "0001048286",
    "fillingDate": "2018-02-15",
    "acceptedDate": "2018-02-15 15:50:50",
    "calendarYear": "2017",
    "period": "Q4",
    "revenue": 5875000000,
    "costOfRevenue": 4915000000,
    "grossProfit": 960000000,
    "grossProfitRatio": 0.1634042553,
    "researchAndDevelopmentExpenses": 0,
    "generalAndAdministrativeExpenses": 259000000,
    "sellingAndMarketingExpenses": 0,
    "sellingGeneralAndAdministrativeExpenses": 259000000,
    "otherExpenses": 131000000,
    "operatingExpenses": 390000000,
    "costAndExpenses": 5305000000,
    "interestIncome": 14000000,
    "interestExpense": 72000000,
    "depreciationAndAmortization": 72000000,
    "ebitda": 1323000000,
    "ebitdaratio": 0.2251914894,
    "operatingIncome": 570000000,
    "operatingIncomeRatio": 0.0970212766,
    "totalOtherIncomeExpensesNet": 609000000,
    "incomeBeforeTax": 1179000000,
    "incomeBeforeTaxRatio": 0.2006808511,
    "incomeTaxExpense": 978000000,
    "netIncome": 201000000,
    "netIncomeRatio": 0.034212766,
    "eps": 0.31,
    "epsdiluted": 0.31,
    "weightedAverageShsOut": 365100000,
    "weightedAverageShsOutDil": 369900000,
    "link": "https://www.sec.gov/Archives/edgar/data/1048286/000162828018001756/0001628280-18-001756-index.htm",
    "finalLink": "https://www.sec.gov/Archives/edgar/data/1048286/000162828018001756/mar-q42017x10k.htm"
  },
  {
    "date": "2017-09-30",
    "symbol": "MAR",
    "reportedCurrency": "USD",
    "cik": "0001048286",
    "fillingDate": "2017-11-08",
    "acceptedDate": "2017-11-08 13:28:18",
    "calendarYear": "2017",
    "period": "Q3",
    "revenue": 5078000000,
    "costOfRevenue": 4001000000,
    "grossProfit": 1077000000,
    "grossProfitRatio": 0.2120913746,
    "researchAndDevelopmentExpenses": 0,
    "generalAndAdministrativeExpenses": 205000000,
    "sellingAndMarketingExpenses": 0,
    "sellingGeneralAndAdministrativeExpenses": 205000000,
    "otherExpenses": 82000000,
    "operatingExpenses": 287000000,
    "costAndExpenses": 4288000000,
    "interestIncome": 9000000,
    "interestExpense": 73000000,
    "depreciationAndAmortization": 65000000,
    "ebitda": 876000000,
    "ebitdaratio": 0.1725088618,
    "operatingIncome": 790000000,
    "operatingIncomeRatio": 0.1555730603,
    "totalOtherIncomeExpensesNet": -52000000,
    "incomeBeforeTax": 738000000,
    "incomeBeforeTaxRatio": 0.1453328082,
    "incomeTaxExpense": 253000000,
    "netIncome": 485000000,
    "netIncomeRatio": 0.0955100433,
    "eps": 1.3,
    "epsdiluted": 1.29,
    "weightedAverageShsOut": 372300000,
    "weightedAverageShsOutDil": 376600000,
    "link": "https://www.sec.gov/Archives/edgar/data/1048286/000162828017011156/0001628280-17-011156-index.htm",
    "finalLink": "https://www.sec.gov/Archives/edgar/data/1048286/000162828017011156/mar-q32017x10q.htm"
  },
  {
    "date": "2017-06-30",
    "symbol": "MAR",
    "reportedCurrency": "USD",
    "cik": "0001048286",
    "fillingDate": "2017-08-08",
    "acceptedDate": "2017-08-08 14:23:36",
    "calendarYear": "2017",
    "period": "Q2",
    "revenue": 5211000000,
    "costOfRevenue": 4141000000,
    "grossProfit": 1070000000,
    "grossProfitRatio": 0.2053348685,
    "researchAndDevelopmentExpenses": 0,
    "generalAndAdministrativeExpenses": 234000000,
    "sellingAndMarketingExpenses": 0,
    "sellingGeneralAndAdministrativeExpenses": 234000000,
    "otherExpenses": 92000000,
    "operatingExpenses": 326000000,
    "costAndExpenses": 4467000000,
    "interestIncome": 8000000,
    "interestExpense": 73000000,
    "depreciationAndAmortization": 83000000,
    "ebitda": 872000000,
    "ebitdaratio": 0.1673383228,
    "operatingIncome": 744000000,
    "operatingIncomeRatio": 0.1427748993,
    "totalOtherIncomeExpensesNet": -28000000,
    "incomeBeforeTax": 716000000,
    "incomeBeforeTaxRatio": 0.1374016504,
    "incomeTaxExpense": 227000000,
    "netIncome": 489000000,
    "netIncomeRatio": 0.0938399539,
    "eps": 1.29,
    "epsdiluted": 1.28,
    "weightedAverageShsOut": 378500000,
    "weightedAverageShsOutDil": 383000000,
    "link": "https://www.sec.gov/Archives/edgar/data/1048286/000162828017008302/0001628280-17-008302-index.htm",
    "finalLink": "https://www.sec.gov/Archives/edgar/data/1048286/000162828017008302/mar-q22017x10q.htm"
  },
  {
    "date": "2017-03-31",
    "symbol": "MAR",
    "reportedCurrency": "USD",
    "cik": "0001048286",
    "fillingDate": "2017-05-09",
    "acceptedDate": "2017-05-09 12:07:40",
    "calendarYear": "2017",
    "period": "Q1",
    "revenue": 4912000000,
    "costOfRevenue": 4052000000,
    "grossProfit": 860000000,
    "grossProfitRatio": 0.1750814332,
    "researchAndDevelopmentExpenses": 0,
    "generalAndAdministrativeExpenses": 212000000,
    "sellingAndMarketingExpenses": 0,
    "sellingGeneralAndAdministrativeExpenses": 212000000,
    "otherExpenses": 102000000,
    "operatingExpenses": 314000000,
    "costAndExpenses": 4366000000,
    "interestIncome": 7000000,
    "interestExpense": 70000000,
    "depreciationAndAmortization": 62000000,
    "ebitda": 626000000,
    "ebitdaratio": 0.1274429967,
    "operatingIncome": 546000000,
    "operatingIncomeRatio": 0.1111563518,
    "totalOtherIncomeExpensesNet": -52000000,
    "incomeBeforeTax": 494000000,
    "incomeBeforeTaxRatio": 0.1005700326,
    "incomeTaxExpense": 123000000,
    "netIncome": 371000000,
    "netIncomeRatio": 0.075529316,
    "eps": 0.96,
    "epsdiluted": 0.95,
    "weightedAverageShsOut": 384900000,
    "weightedAverageShsOutDil": 390000000,
    "link": "https://www.sec.gov/Archives/edgar/data/1048286/000162828017005211/0001628280-17-005211-index.htm",
    "finalLink": "https://www.sec.gov/Archives/edgar/data/1048286/000162828017005211/mar-q12017x10q.htm"
  },
  {
    "date": "2016-12-31",
    "symbol": "MAR",
    "reportedCurrency": "USD",
    "cik": "0001048286",
    "fillingDate": "2017-02-21",
    "acceptedDate": "2017-02-21 15:55:33",
    "calendarYear": "2016",
    "period": "Q4",
    "revenue": 5456000000,
    "costOfRevenue": 4574000000,
    "grossProfit": 882000000,
    "grossProfitRatio": 0.1616568915,
    "researchAndDevelopmentExpenses": 0,
    "generalAndAdministrativeExpenses": 234000000,
    "sellingAndMarketingExpenses": 0,
    "sellingGeneralAndAdministrativeExpenses": 234000000,
    "otherExpenses": 207000000,
    "operatingExpenses": 441000000,
    "costAndExpenses": 5015000000,
    "interestIncome": 13000000,
    "interestExpense": 75000000,
    "depreciationAndAmortization": 71000000,
    "ebitda": 529000000,
    "ebitdaratio": 0.096957478,
    "operatingIncome": 441000000,
    "operatingIncomeRatio": 0.0808284457,
    "totalOtherIncomeExpensesNet": -58000000,
    "incomeBeforeTax": 383000000,
    "incomeBeforeTaxRatio": 0.0701979472,
    "incomeTaxExpense": 139000000,
    "netIncome": 244000000,
    "netIncomeRatio": 0.0447214076,
    "eps": 0.63,
    "epsdiluted": 0.62,
    "weightedAverageShsOut": 387900000,
    "weightedAverageShsOutDil": 394000000,
    "link": "https://www.sec.gov/Archives/edgar/data/1048286/000162828017001506/0001628280-17-001506-index.htm",
    "finalLink": "https://www.sec.gov/Archives/edgar/data/1048286/000162828017001506/mar-q42016x10k.htm"
  },
  {
    "date": "2016-09-30",
    "symbol": "MAR",
    "reportedCurrency": "USD",
    "cik": "0001048286",
    "fillingDate": "2016-11-09",
    "acceptedDate": "2016-11-09 12:46:28",
    "calendarYear": "2016",
    "period": "Q3",
    "revenue": 3942000000,
    "costOfRevenue": 3346000000,
    "grossProfit": 596000000,
    "grossProfitRatio": 0.1511922882,
    "researchAndDevelopmentExpenses": 0,
    "generalAndAdministrativeExpenses": 161000000,
    "sellingAndMarketingExpenses": 0,
    "sellingGeneralAndAdministrativeExpenses": 161000000,
    "otherExpenses": 264000000,
    "operatingExpenses": 425000000,
    "costAndExpenses": 3771000000,
    "interestIncome": 9000000,
    "interestExpense": 55000000,
    "depreciationAndAmortization": 36000000,
    "ebitda": 222000000,
    "ebitdaratio": 0.0563165906,
    "operatingIncome": 171000000,
    "operatingIncomeRatio": 0.0433789954,
    "totalOtherIncomeExpensesNet": -40000000,
    "incomeBeforeTax": 131000000,
    "incomeBeforeTaxRatio": 0.033231862,
    "incomeTaxExpense": 61000000,
    "netIncome": 70000000,
    "netIncomeRatio": 0.0177574835,
    "eps": 0.26,
    "epsdiluted": 0.26,
    "weightedAverageShsOut": 266200000,
    "weightedAverageShsOutDil": 270500000,
    "link": "https://www.sec.gov/Archives/edgar/data/1048286/000162828016021074/0001628280-16-021074-index.htm",
    "finalLink": "https://www.sec.gov/Archives/edgar/data/1048286/000162828016021074/mar-q32016x10q.htm"
  },
  {
    "date": "2016-06-30",
    "symbol": "MAR",
    "reportedCurrency": "USD",
    "cik": "0001048286",
    "fillingDate": "2016-07-28",
    "acceptedDate": "2016-07-28 12:26:44",
    "calendarYear": "2016",
    "period": "Q2",
    "revenue": 3902000000,
    "costOfRevenue": 3315000000,
    "grossProfit": 587000000,
    "grossProfitRatio": 0.150435674,
    "researchAndDevelopmentExpenses": 0,
    "generalAndAdministrativeExpenses": 154000000,
    "sellingAndMarketingExpenses": 0,
    "sellingGeneralAndAdministrativeExpenses": 154000000,
    "otherExpenses": 44000000,
    "operatingExpenses": 198000000,
    "costAndExpenses": 3513000000,
    "interestIncome": 7000000,
    "interestExpense": 57000000,
    "depreciationAndAmortization": 30000000,
    "ebitda": 431000000,
    "ebitdaratio": 0.1104561763,
    "operatingIncome": 389000000,
    "operatingIncomeRatio": 0.0996924654,
    "totalOtherIncomeExpensesNet": -45000000,
    "incomeBeforeTax": 344000000,
    "incomeBeforeTaxRatio": 0.088159918,
    "incomeTaxExpense": 97000000,
    "netIncome": 247000000,
    "netIncomeRatio": 0.0633008713,
    "eps": 0.97,
    "epsdiluted": 0.96,
    "weightedAverageShsOut": 254300000,
    "weightedAverageShsOutDil": 258000000,
    "link": "https://www.sec.gov/Archives/edgar/data/1048286/000162828016017871/0001628280-16-017871-index.htm",
    "finalLink": "https://www.sec.gov/Archives/edgar/data/1048286/000162828016017871/mar-q22016x10q.htm"
  },
  {
    "date": "2016-03-31",
    "symbol": "MAR",
    "reportedCurrency": "USD",
    "cik": "0001048286",
    "fillingDate": "2016-04-28",
    "acceptedDate": "2016-04-28 13:03:52",
    "calendarYear": "2016",
    "period": "Q1",
    "revenue": 3772000000,
    "costOfRevenue": 3211000000,
    "grossProfit": 561000000,
    "grossProfitRatio": 0.1487274655,
    "researchAndDevelopmentExpenses": 0,
    "generalAndAdministrativeExpenses": 155000000,
    "sellingAndMarketingExpenses": 0,
    "sellingGeneralAndAdministrativeExpenses": 155000000,
    "otherExpenses": 39000000,
    "operatingExpenses": 194000000,
    "costAndExpenses": 3405000000,
    "interestIncome": 6000000,
    "interestExpense": 47000000,
    "depreciationAndAmortization": 31000000,
    "ebitda": 404000000,
    "ebitdaratio": 0.1071049841,
    "operatingIncome": 367000000,
    "operatingIncomeRatio": 0.0972958643,
    "totalOtherIncomeExpensesNet": -41000000,
    "incomeBeforeTax": 326000000,
    "incomeBeforeTaxRatio": 0.086426299,
    "incomeTaxExpense": 107000000,
    "netIncome": 219000000,
    "netIncomeRatio": 0.0580593849,
    "eps": 0.86,
    "epsdiluted": 0.85,
    "weightedAverageShsOut": 254400000,
    "weightedAverageShsOutDil": 258900000,
    "link": "https://www.sec.gov/Archives/edgar/data/1048286/000162828016014893/0001628280-16-014893-index.htm",
    "finalLink": "https://www.sec.gov/Archives/edgar/data/1048286/000162828016014893/mar-q12016x10q.htm"
  },
  {
    "date": "2015-12-31",
    "symbol": "MAR",
    "reportedCurrency": "USD",
    "cik": "0001048286",
    "fillingDate": "2016-02-18",
    "acceptedDate": "2016-02-18 12:08:18",
    "calendarYear": "2015",
    "period": "Q4",
    "revenue": 3706000000,
    "costOfRevenue": 3176000000,
    "grossProfit": 530000000,
    "grossProfitRatio": 0.143011333,
    "researchAndDevelopmentExpenses": 0,
    "generalAndAdministrativeExpenses": 188000000,
    "sellingAndMarketingExpenses": 0,
    "sellingGeneralAndAdministrativeExpenses": 188000000,
    "otherExpenses": 32000000,
    "operatingExpenses": 220000000,
    "costAndExpenses": 3396000000,
    "interestIncome": 10000000,
    "interestExpense": 46000000,
    "depreciationAndAmortization": 32000000,
    "ebitda": 362000000,
    "ebitdaratio": 0.0976794387,
    "operatingIncome": 310000000,
    "operatingIncomeRatio": 0.0836481382,
    "totalOtherIncomeExpensesNet": -26000000,
    "incomeBeforeTax": 284000000,
    "incomeBeforeTaxRatio": 0.0766324879,
    "incomeTaxExpense": 82000000,
    "netIncome": 202000000,
    "netIncomeRatio": 0.0545062062,
    "eps": 0.79,
    "epsdiluted": 0.77,
    "weightedAverageShsOut": 256900000,
    "weightedAverageShsOutDil": 262400000,
    "link": "https://www.sec.gov/Archives/edgar/data/1048286/000162828016011346/0001628280-16-011346-index.htm",
    "finalLink": "https://www.sec.gov/Archives/edgar/data/1048286/000162828016011346/mar-q42015x10k.htm"
  },
  {
    "date": "2015-09-30",
    "symbol": "MAR",
    "reportedCurrency": "USD",
    "cik": "0001048286",
    "fillingDate": "2015-10-29",
    "acceptedDate": "2015-10-29 11:49:02",
    "calendarYear": "2015",
    "period": "Q3",
    "revenue": 3578000000,
    "costOfRevenue": 3059000000,
    "grossProfit": 519000000,
    "grossProfitRatio": 0.1450531023,
    "researchAndDevelopmentExpenses": 0,
    "generalAndAdministrativeExpenses": 149000000,
    "sellingAndMarketingExpenses": 0,
    "sellingGeneralAndAdministrativeExpenses": 149000000,
    "otherExpenses": 31000000,
    "operatingExpenses": 180000000,
    "costAndExpenses": 3239000000,
    "interestIncome": 5000000,
    "interestExpense": 43000000,
    "depreciationAndAmortization": 31000000,
    "ebitda": 383000000,
    "ebitdaratio": 0.1070430408,
    "operatingIncome": 339000000,
    "operatingIncomeRatio": 0.094745668,
    "totalOtherIncomeExpensesNet": -30000000,
    "incomeBeforeTax": 309000000,
    "incomeBeforeTaxRatio": 0.0863610956,
    "incomeTaxExpense": 99000000,
    "netIncome": 210000000,
    "netIncomeRatio": 0.0586920067,
    "eps": 0.8,
    "epsdiluted": 0.78,
    "weightedAverageShsOut": 262200000,
    "weightedAverageShsOutDil": 267300000,
    "link": "https://www.sec.gov/Archives/edgar/data/1048286/000162828015007991/0001628280-15-007991-index.htm",
    "finalLink": "https://www.sec.gov/Archives/edgar/data/1048286/000162828015007991/mar-q32015x10q.htm"
  },
  {
    "date": "2015-06-30",
    "symbol": "MAR",
    "reportedCurrency": "USD",
    "cik": "0001048286",
    "fillingDate": "2015-07-30",
    "acceptedDate": "2015-07-30 11:49:31",
    "calendarYear": "2015",
    "period": "Q2",
    "revenue": 3689000000,
    "costOfRevenue": 3136000000,
    "grossProfit": 553000000,
    "grossProfitRatio": 0.1499051233,
    "researchAndDevelopmentExpenses": 0,
    "generalAndAdministrativeExpenses": 152000000,
    "sellingAndMarketingExpenses": 0,
    "sellingGeneralAndAdministrativeExpenses": 152000000,
    "otherExpenses": 32000000,
    "operatingExpenses": 184000000,
    "costAndExpenses": 3320000000,
    "interestIncome": 6000000,
    "interestExpense": 42000000,
    "depreciationAndAmortization": 32000000,
    "ebitda": 429000000,
    "ebitdaratio": 0.116291678,
    "operatingIncome": 369000000,
    "operatingIncomeRatio": 0.1000271076,
    "totalOtherIncomeExpensesNet": -14000000,
    "incomeBeforeTax": 355000000,
    "incomeBeforeTaxRatio": 0.0962320412,
    "incomeTaxExpense": 115000000,
    "netIncome": 240000000,
    "netIncomeRatio": 0.0650582814,
    "eps": 0.88,
    "epsdiluted": 0.87,
    "weightedAverageShsOut": 272400000,
    "weightedAverageShsOutDil": 277300000,
    "link": "https://www.sec.gov/Archives/edgar/data/1048286/000162828015005584/0001628280-15-005584-index.htm",
    "finalLink": "https://www.sec.gov/Archives/edgar/data/1048286/000162828015005584/mar-q22015x10q.htm"
  },
  {
    "date": "2015-03-31",
    "symbol": "MAR",
    "reportedCurrency": "USD",
    "cik": "0001048286",
    "fillingDate": "2015-04-30",
    "acceptedDate": "2015-04-30 11:31:27",
    "calendarYear": "2015",
    "period": "Q1",
    "revenue": 3513000000,
    "costOfRevenue": 2992000000,
    "grossProfit": 521000000,
    "grossProfitRatio": 0.1483062909,
    "researchAndDevelopmentExpenses": 0,
    "generalAndAdministrativeExpenses": 145000000,
    "sellingAndMarketingExpenses": 0,
    "sellingGeneralAndAdministrativeExpenses": 145000000,
    "otherExpenses": 44000000,
    "operatingExpenses": 189000000,
    "costAndExpenses": 3181000000,
    "interestIncome": 8000000,
    "interestExpense": 36000000,
    "depreciationAndAmortization": 44000000,
    "ebitda": 387000000,
    "ebitdaratio": 0.1101622545,
    "operatingIncome": 332000000,
    "operatingIncomeRatio": 0.0945061201,
    "totalOtherIncomeExpensesNet": -25000000,
    "incomeBeforeTax": 307000000,
    "incomeBeforeTaxRatio": 0.0873896954,
    "incomeTaxExpense": 100000000,
    "netIncome": 207000000,
    "netIncomeRatio": 0.0589239966,
    "eps": 0.75,
    "epsdiluted": 0.73,
    "weightedAverageShsOut": 277700000,
    "weightedAverageShsOutDil": 283500000,
    "link": "https://www.sec.gov/Archives/edgar/data/1048286/000162828015003091/0001628280-15-003091-index.htm",
    "finalLink": "https://www.sec.gov/Archives/edgar/data/1048286/000162828015003091/mar-q12015x10q.htm"
  },
  {
    "date": "2014-12-31",
    "symbol": "MAR",
    "reportedCurrency": "USD",
    "cik": "0001048286",
    "fillingDate": "2015-02-19",
    "acceptedDate": "2015-02-19 12:08:23",
    "calendarYear": "2014",
    "period": "Q4",
    "revenue": 3559000000,
    "costOfRevenue": 3056000000,
    "grossProfit": 503000000,
    "grossProfitRatio": 0.1413318348,
    "researchAndDevelopmentExpenses": 0,
    "generalAndAdministrativeExpenses": 180000000,
    "sellingAndMarketingExpenses": 0,
    "sellingGeneralAndAdministrativeExpenses": 180000000,
    "otherExpenses": 32000000,
    "operatingExpenses": 212000000,
    "costAndExpenses": 3268000000,
    "interestIncome": 13000000,
    "interestExpense": 26000000,
    "depreciationAndAmortization": 32000000,
    "ebitda": 340000000,
    "ebitdaratio": 0.0955324529,
    "operatingIncome": 291000000,
    "operatingIncomeRatio": 0.0817645406,
    "totalOtherIncomeExpensesNet": -9000000,
    "incomeBeforeTax": 282000000,
    "incomeBeforeTaxRatio": 0.0792357404,
    "incomeTaxExpense": 85000000,
    "netIncome": 197000000,
    "netIncomeRatio": 0.0553526271,
    "eps": 0.7,
    "epsdiluted": 0.68,
    "weightedAverageShsOut": 282400000,
    "weightedAverageShsOutDil": 289000000,
    "link": "https://www.sec.gov/Archives/edgar/data/1048286/000162828015000842/0001628280-15-000842-index.htm",
    "finalLink": "https://www.sec.gov/Archives/edgar/data/1048286/000162828015000842/mar-q42014x10k.htm"
  },
  {
    "date": "2014-09-30",
    "symbol": "MAR",
    "reportedCurrency": "USD",
    "cik": "0001048286",
    "fillingDate": "2014-10-29",
    "acceptedDate": "2014-10-29 12:15:01",
    "calendarYear": "2014",
    "period": "Q3",
    "revenue": 3460000000,
    "costOfRevenue": 2957000000,
    "grossProfit": 503000000,
    "grossProfitRatio": 0.1453757225,
    "researchAndDevelopmentExpenses": 0,
    "generalAndAdministrativeExpenses": 172000000,
    "sellingAndMarketingExpenses": 0,
    "sellingGeneralAndAdministrativeExpenses": 172000000,
    "otherExpenses": 33000000,
    "operatingExpenses": 205000000,
    "costAndExpenses": 3162000000,
    "interestIncome": 8000000,
    "interestExpense": 29000000,
    "depreciationAndAmortization": 33000000,
    "ebitda": 352000000,
    "ebitdaratio": 0.101734104,
    "operatingIncome": 298000000,
    "operatingIncomeRatio": 0.0861271676,
    "totalOtherIncomeExpensesNet": -8000000,
    "incomeBeforeTax": 290000000,
    "incomeBeforeTaxRatio": 0.0838150289,
    "incomeTaxExpense": 98000000,
    "netIncome": 192000000,
    "netIncomeRatio": 0.0554913295,
    "eps": 0.66,
    "epsdiluted": 0.65,
    "weightedAverageShsOut": 288900000,
    "weightedAverageShsOutDil": 295400000,
    "link": "https://www.sec.gov/Archives/edgar/data/1048286/000144530514004562/0001445305-14-004562-index.htm",
    "finalLink": "https://www.sec.gov/Archives/edgar/data/1048286/000144530514004562/mar-q32014x10q.htm"
  },
  {
    "date": "2014-06-30",
    "symbol": "MAR",
    "reportedCurrency": "USD",
    "cik": "0001048286",
    "fillingDate": "2014-09-05",
    "acceptedDate": "2014-09-05 13:20:43",
    "calendarYear": "2014",
    "period": "Q2",
    "revenue": 3484000000,
    "costOfRevenue": 2962000000,
    "grossProfit": 522000000,
    "grossProfitRatio": 0.1498277842,
    "researchAndDevelopmentExpenses": 0,
    "generalAndAdministrativeExpenses": 159000000,
    "sellingAndMarketingExpenses": 0,
    "sellingGeneralAndAdministrativeExpenses": 159000000,
    "otherExpenses": 47000000,
    "operatingExpenses": 206000000,
    "costAndExpenses": 3168000000,
    "interestIncome": 4000000,
    "interestExpense": 30000000,
    "depreciationAndAmortization": 47000000,
    "ebitda": 362000000,
    "ebitdaratio": 0.1039035591,
    "operatingIncome": 316000000,
    "operatingIncomeRatio": 0.0907003444,
    "totalOtherIncomeExpensesNet": -31000000,
    "incomeBeforeTax": 285000000,
    "incomeBeforeTaxRatio": 0.0818025258,
    "incomeTaxExpense": 93000000,
    "netIncome": 192000000,
    "netIncomeRatio": 0.05510907,
    "eps": 0.66,
    "epsdiluted": 0.64,
    "weightedAverageShsOut": 292500000,
    "weightedAverageShsOutDil": 298700000,
    "link": "https://www.sec.gov/Archives/edgar/data/1048286/000144530514003846/0001445305-14-003846-index.htm",
    "finalLink": "https://www.sec.gov/Archives/edgar/data/1048286/000144530514003846/mar-q22014x10qa.htm"
  },
  {
    "date": "2014-03-31",
    "symbol": "MAR",
    "reportedCurrency": "USD",
    "cik": "0001048286",
    "fillingDate": "2014-04-30",
    "acceptedDate": "2014-04-30 11:07:29",
    "calendarYear": "2014",
    "period": "Q1",
    "revenue": 3293000000,
    "costOfRevenue": 2855000000,
    "grossProfit": 438000000,
    "grossProfitRatio": 0.1330094139,
    "researchAndDevelopmentExpenses": 0,
    "generalAndAdministrativeExpenses": 148000000,
    "sellingAndMarketingExpenses": 0,
    "sellingGeneralAndAdministrativeExpenses": 148000000,
    "otherExpenses": 36000000,
    "operatingExpenses": 184000000,
    "costAndExpenses": 3039000000,
    "interestIncome": 5000000,
    "interestExpense": 30000000,
    "depreciationAndAmortization": 36000000,
    "ebitda": 297000000,
    "ebitdaratio": 0.0901913149,
    "operatingIncome": 254000000,
    "operatingIncomeRatio": 0.0771333131,
    "totalOtherIncomeExpensesNet": -23000000,
    "incomeBeforeTax": 231000000,
    "incomeBeforeTaxRatio": 0.0701488005,
    "incomeTaxExpense": 59000000,
    "netIncome": 172000000,
    "netIncomeRatio": 0.0522320073,
    "eps": 0.58,
    "epsdiluted": 0.57,
    "weightedAverageShsOut": 296100000,
    "weightedAverageShsOutDil": 303300000,
    "link": "https://www.sec.gov/Archives/edgar/data/1048286/000144530514001559/0001445305-14-001559-index.htm",
    "finalLink": "https://www.sec.gov/Archives/edgar/data/1048286/000144530514001559/mar-q12014x10q.htm"
  },
  {
    "date": "2013-12-31",
    "symbol": "MAR",
    "reportedCurrency": "USD",
    "cik": "0001048286",
    "fillingDate": "2014-02-20",
    "acceptedDate": "2014-02-20 13:27:51",
    "calendarYear": "2013",
    "period": "Q4",
    "revenue": 3219000000,
    "costOfRevenue": 2781000000,
    "grossProfit": 438000000,
    "grossProfitRatio": 0.1360671016,
    "researchAndDevelopmentExpenses": 0,
    "generalAndAdministrativeExpenses": 200000000,
    "sellingAndMarketingExpenses": 0,
    "sellingGeneralAndAdministrativeExpenses": 200000000,
    "otherExpenses": 0,
    "operatingExpenses": 200000000,
    "costAndExpenses": 2981000000,
    "interestIncome": 10000000,
    "interestExpense": 32000000,
    "depreciationAndAmortization": 14000000,
    "ebitda": 256000000,
    "ebitdaratio": 0.0795278037,
    "operatingIncome": 238000000,
    "operatingIncomeRatio": 0.073936005,
    "totalOtherIncomeExpensesNet": -28000000,
    "incomeBeforeTax": 210000000,
    "incomeBeforeTaxRatio": 0.0652376514,
    "incomeTaxExpense": 59000000,
    "netIncome": 151000000,
    "netIncomeRatio": 0.0469089779,
    "eps": 0.5,
    "epsdiluted": 0.49,
    "weightedAverageShsOut": 299400000,
    "weightedAverageShsOutDil": 307500000,
    "link": "https://www.sec.gov/Archives/edgar/data/1048286/000144530514000495/0001445305-14-000495-index.htm",
    "finalLink": "https://www.sec.gov/Archives/edgar/data/1048286/000144530514000495/mar-q42013x10k.htm"
  },
  {
    "date": "2013-09-30",
    "symbol": "MAR",
    "reportedCurrency": "USD",
    "cik": "0001048286",
    "fillingDate": "2013-10-31",
    "acceptedDate": "2013-10-31 11:17:21",
    "calendarYear": "2013",
    "period": "Q3",
    "revenue": 3160000000,
    "costOfRevenue": 2734000000,
    "grossProfit": 426000000,
    "grossProfitRatio": 0.1348101266,
    "researchAndDevelopmentExpenses": 0,
    "generalAndAdministrativeExpenses": 147000000,
    "sellingAndMarketingExpenses": 0,
    "sellingGeneralAndAdministrativeExpenses": 147000000,
    "otherExpenses": 34000000,
    "operatingExpenses": 181000000,
    "costAndExpenses": 2915000000,
    "interestIncome": 5000000,
    "interestExpense": 28000000,
    "depreciationAndAmortization": 34000000,
    "ebitda": 285000000,
    "ebitdaratio": 0.0901898734,
    "operatingIncome": 245000000,
    "operatingIncomeRatio": 0.0775316456,
    "totalOtherIncomeExpensesNet": -22000000,
    "incomeBeforeTax": 223000000,
    "incomeBeforeTaxRatio": 0.0705696203,
    "incomeTaxExpense": 63000000,
    "netIncome": 160000000,
    "netIncomeRatio": 0.0506329114,
    "eps": 0.53,
    "epsdiluted": 0.52,
    "weightedAverageShsOut": 301900000,
    "weightedAverageShsOutDil": 301900000,
    "link": "https://www.sec.gov/Archives/edgar/data/1048286/000144530513002597/0001445305-13-002597-index.htm",
    "finalLink": "https://www.sec.gov/Archives/edgar/data/1048286/000144530513002597/mar-q32013x10q.htm"
  },
  {
    "date": "2013-06-30",
    "symbol": "MAR",
    "reportedCurrency": "USD",
    "cik": "0001048286",
    "fillingDate": "2013-08-01",
    "acceptedDate": "2013-08-01 11:42:22",
    "calendarYear": "2013",
    "period": "Q2",
    "revenue": 3263000000,
    "costOfRevenue": 2791000000,
    "grossProfit": 472000000,
    "grossProfitRatio": 0.1446521606,
    "researchAndDevelopmentExpenses": 0,
    "generalAndAdministrativeExpenses": 160000000,
    "sellingAndMarketingExpenses": 0,
    "sellingGeneralAndAdministrativeExpenses": 160000000,
    "otherExpenses": 33000000,
    "operatingExpenses": 193000000,
    "costAndExpenses": 2984000000,
    "interestIncome": 5000000,
    "interestExpense": 29000000,
    "depreciationAndAmortization": 33000000,
    "ebitda": 325000000,
    "ebitdaratio": 0.0996015936,
    "operatingIncome": 279000000,
    "operatingIncomeRatio": 0.0855041373,
    "totalOtherIncomeExpensesNet": -16000000,
    "incomeBeforeTax": 263000000,
    "incomeBeforeTaxRatio": 0.0806006742,
    "incomeTaxExpense": 84000000,
    "netIncome": 179000000,
    "netIncomeRatio": 0.0548574931,
    "eps": 0.58,
    "epsdiluted": 0.57,
    "weightedAverageShsOut": 306700000,
    "weightedAverageShsOutDil": 306700000,
    "link": "https://www.sec.gov/Archives/edgar/data/1048286/000144530513001794/0001445305-13-001794-index.htm",
    "finalLink": "https://www.sec.gov/Archives/edgar/data/1048286/000144530513001794/mar-q22013x10q.htm"
  },
  {
    "date": "2013-03-31",
    "symbol": "MAR",
    "reportedCurrency": "USD",
    "cik": "0001048286",
    "fillingDate": "2013-05-02",
    "acceptedDate": "2013-05-02 11:27:32",
    "calendarYear": "2013",
    "period": "Q1",
    "revenue": 3142000000,
    "costOfRevenue": 2727000000,
    "grossProfit": 415000000,
    "grossProfitRatio": 0.1320814768,
    "researchAndDevelopmentExpenses": 0,
    "generalAndAdministrativeExpenses": 164000000,
    "sellingAndMarketingExpenses": 0,
    "sellingGeneralAndAdministrativeExpenses": 164000000,
    "otherExpenses": 25000000,
    "operatingExpenses": 189000000,
    "costAndExpenses": 2916000000,
    "interestIncome": 3000000,
    "interestExpense": 31000000,
    "depreciationAndAmortization": 25000000,
    "ebitda": 257000000,
    "ebitdaratio": 0.081795035,
    "operatingIncome": 226000000,
    "operatingIncomeRatio": 0.0719287078,
    "totalOtherIncomeExpensesNet": -25000000,
    "incomeBeforeTax": 201000000,
    "incomeBeforeTaxRatio": 0.0639719924,
    "incomeTaxExpense": 65000000,
    "netIncome": 136000000,
    "netIncomeRatio": 0.0432845321,
    "eps": 0.44,
    "epsdiluted": 0.43,
    "weightedAverageShsOut": 311800000,
    "weightedAverageShsOutDil": 320000000,
    "link": "https://www.sec.gov/Archives/edgar/data/1048286/000144530513001051/0001445305-13-001051-index.htm",
    "finalLink": "https://www.sec.gov/Archives/edgar/data/1048286/000144530513001051/mar-q12013x10q.htm"
  },
  {
    "date": "2012-12-28",
    "symbol": "MAR",
    "reportedCurrency": "USD",
    "cik": "0001048286",
    "fillingDate": "2013-02-20",
    "acceptedDate": "2013-02-20 11:12:43",
    "calendarYear": "2012",
    "period": "Q4",
    "revenue": 3757000000,
    "costOfRevenue": 3242000000,
    "grossProfit": 515000000,
    "grossProfitRatio": 0.1370774554,
    "researchAndDevelopmentExpenses": 0,
    "generalAndAdministrativeExpenses": 0,
    "sellingAndMarketingExpenses": 0,
    "sellingGeneralAndAdministrativeExpenses": 206000000,
    "otherExpenses": 0,
    "operatingExpenses": 206000000,
    "costAndExpenses": 3448000000,
    "interestIncome": 7000000,
    "interestExpense": 41000000,
    "depreciationAndAmortization": 45000000,
    "ebitda": 357000000,
    "ebitdaratio": 0.0950226244,
    "operatingIncome": 309000000,
    "operatingIncomeRatio": 0.0822464732,
    "totalOtherIncomeExpensesNet": -38000000,
    "incomeBeforeTax": 271000000,
    "incomeBeforeTaxRatio": 0.0721320202,
    "incomeTaxExpense": 90000000,
    "netIncome": 181000000,
    "netIncomeRatio": 0.0481767368,
    "eps": 0.58,
    "epsdiluted": 0.56,
    "weightedAverageShsOut": 312700000,
    "weightedAverageShsOutDil": 322200000,
    "link": "https://www.sec.gov/Archives/edgar/data/1048286/000144530513000255/0001445305-13-000255-index.htm",
    "finalLink": "https://www.sec.gov/Archives/edgar/data/1048286/000144530513000255/mar-q42012x10k.htm"
  },
  {
    "date": "2012-09-07",
    "symbol": "MAR",
    "reportedCurrency": "USD",
    "cik": "0001048286",
    "fillingDate": "2012-10-04",
    "acceptedDate": "2012-10-04 11:15:09",
    "calendarYear": "2012",
    "period": "Q3",
    "revenue": 2729000000,
    "costOfRevenue": 2384000000,
    "grossProfit": 345000000,
    "grossProfitRatio": 0.126419934,
    "researchAndDevelopmentExpenses": 0,
    "generalAndAdministrativeExpenses": 132000000,
    "sellingAndMarketingExpenses": 0,
    "sellingGeneralAndAdministrativeExpenses": 132000000,
    "otherExpenses": 0,
    "operatingExpenses": 132000000,
    "costAndExpenses": 2516000000,
    "interestIncome": 3000000,
    "interestExpense": 29000000,
    "depreciationAndAmortization": 33000000,
    "ebitda": 284000000,
    "ebitdaratio": 0.104067424,
    "operatingIncome": 213000000,
    "operatingIncomeRatio": 0.078050568,
    "totalOtherIncomeExpensesNet": 9000000,
    "incomeBeforeTax": 222000000,
    "incomeBeforeTaxRatio": 0.0813484793,
    "incomeTaxExpense": 79000000,
    "netIncome": 143000000,
    "netIncomeRatio": 0.0524001466,
    "eps": 0.45,
    "epsdiluted": 0.44,
    "weightedAverageShsOut": 319400000,
    "weightedAverageShsOutDil": 319400000,
    "link": "https://www.sec.gov/Archives/edgar/data/1048286/000144530512003055/0001445305-12-003055-index.htm",
    "finalLink": "https://www.sec.gov/Archives/edgar/data/1048286/000144530512003055/mar-q32012x10q.htm"
  },
  {
    "date": "2012-06-15",
    "symbol": "MAR",
    "reportedCurrency": "USD",
    "cik": "0001048286",
    "fillingDate": "2012-07-12",
    "acceptedDate": "2012-07-12 11:12:08",
    "calendarYear": "2012",
    "period": "Q2",
    "revenue": 2776000000,
    "costOfRevenue": 2373000000,
    "grossProfit": 403000000,
    "grossProfitRatio": 0.1451729107,
    "researchAndDevelopmentExpenses": 0,
    "generalAndAdministrativeExpenses": 160000000,
    "sellingAndMarketingExpenses": 0,
    "sellingGeneralAndAdministrativeExpenses": 160000000,
    "otherExpenses": 0,
    "operatingExpenses": 160000000,
    "costAndExpenses": 2533000000,
    "interestIncome": 3000000,
    "interestExpense": 34000000,
    "depreciationAndAmortization": 38000000,
    "ebitda": 281000000,
    "ebitdaratio": 0.1012247839,
    "operatingIncome": 243000000,
    "operatingIncomeRatio": 0.0875360231,
    "totalOtherIncomeExpensesNet": -34000000,
    "incomeBeforeTax": 209000000,
    "incomeBeforeTaxRatio": 0.0752881844,
    "incomeTaxExpense": 66000000,
    "netIncome": 143000000,
    "netIncomeRatio": 0.0515129683,
    "eps": 0.44,
    "epsdiluted": 0.42,
    "weightedAverageShsOut": 327900000,
    "weightedAverageShsOutDil": 338000000,
    "link": "https://www.sec.gov/Archives/edgar/data/1048286/000144530512002157/0001445305-12-002157-index.htm",
    "finalLink": "https://www.sec.gov/Archives/edgar/data/1048286/000144530512002157/mar-q22012x10q.htm"
  },
  {
    "date": "2012-03-23",
    "symbol": "MAR",
    "reportedCurrency": "USD",
    "cik": "0001048286",
    "fillingDate": "2012-04-19",
    "acceptedDate": "2012-04-19 11:15:14",
    "calendarYear": "2012",
    "period": "Q1",
    "revenue": 2552000000,
    "costOfRevenue": 2230000000,
    "grossProfit": 322000000,
    "grossProfitRatio": 0.1261755486,
    "researchAndDevelopmentExpenses": 0,
    "generalAndAdministrativeExpenses": 147000000,
    "sellingAndMarketingExpenses": 0,
    "sellingGeneralAndAdministrativeExpenses": 147000000,
    "otherExpenses": 0,
    "operatingExpenses": 147000000,
    "costAndExpenses": 2377000000,
    "interestIncome": 4000000,
    "interestExpense": 33000000,
    "depreciationAndAmortization": 29000000,
    "ebitda": 209000000,
    "ebitdaratio": 0.0818965517,
    "operatingIncome": 175000000,
    "operatingIncomeRatio": 0.0685736677,
    "totalOtherIncomeExpensesNet": -28000000,
    "incomeBeforeTax": 147000000,
    "incomeBeforeTaxRatio": 0.0576018809,
    "incomeTaxExpense": 43000000,
    "netIncome": 104000000,
    "netIncomeRatio": 0.0407523511,
    "eps": 0.31,
    "epsdiluted": 0.3,
    "weightedAverageShsOut": 333700000,
    "weightedAverageShsOutDil": 344600000,
    "link": "https://www.sec.gov/Archives/edgar/data/1048286/000144530512001063/0001445305-12-001063-index.htm",
    "finalLink": "https://www.sec.gov/Archives/edgar/data/1048286/000144530512001063/mar-q12012x10q.htm"
  },
  {
    "date": "2011-12-30",
    "symbol": "MAR",
    "reportedCurrency": "USD",
    "cik": "0001048286",
    "fillingDate": "2012-02-16",
    "acceptedDate": "2012-02-16 15:34:57",
    "calendarYear": "2011",
    "period": "Q4",
    "revenue": 3693000000,
    "costOfRevenue": 3192000000,
    "grossProfit": 501000000,
    "grossProfitRatio": 0.1356620634,
    "researchAndDevelopmentExpenses": 0,
    "generalAndAdministrativeExpenses": 0,
    "sellingAndMarketingExpenses": 0,
    "sellingGeneralAndAdministrativeExpenses": 254000000,
    "otherExpenses": 0,
    "operatingExpenses": 254000000,
    "costAndExpenses": 3446000000,
    "interestIncome": 5000000,
    "interestExpense": 47000000,
    "depreciationAndAmortization": 52000000,
    "ebitda": 301000000,
    "ebitdaratio": 0.081505551,
    "operatingIncome": 247000000,
    "operatingIncomeRatio": 0.0668832927,
    "totalOtherIncomeExpensesNet": -45000000,
    "incomeBeforeTax": 202000000,
    "incomeBeforeTaxRatio": 0.0546980774,
    "incomeTaxExpense": 61000000,
    "netIncome": 141000000,
    "netIncomeRatio": 0.0381803412,
    "eps": 0.41,
    "epsdiluted": 0.41,
    "weightedAverageShsOut": 330900000,
    "weightedAverageShsOutDil": 346400000,
    "link": "https://www.sec.gov/Archives/edgar/data/1048286/000144530512000342/0001445305-12-000342-index.htm",
    "finalLink": "https://www.sec.gov/Archives/edgar/data/1048286/000144530512000342/mar-q42011x10k.htm"
  },
  {
    "date": "2011-09-09",
    "symbol": "MAR",
    "reportedCurrency": "USD",
    "cik": "0001048286",
    "fillingDate": "2011-10-07",
    "acceptedDate": "2011-10-07 10:17:53",
    "calendarYear": "2011",
    "period": "Q3",
    "revenue": 2874000000,
    "costOfRevenue": 2838000000,
    "grossProfit": 36000000,
    "grossProfitRatio": 0.012526096,
    "researchAndDevelopmentExpenses": 0,
    "generalAndAdministrativeExpenses": 180000000,
    "sellingAndMarketingExpenses": 0,
    "sellingGeneralAndAdministrativeExpenses": 180000000,
    "otherExpenses": 0,
    "operatingExpenses": 180000000,
    "costAndExpenses": 3018000000,
    "interestIncome": 2000000,
    "interestExpense": 39000000,
    "depreciationAndAmortization": 40000000,
    "ebitda": -120000000,
    "ebitdaratio": -0.0417536534,
    "operatingIncome": -144000000,
    "operatingIncomeRatio": -0.0501043841,
    "totalOtherIncomeExpensesNet": -55000000,
    "incomeBeforeTax": -199000000,
    "incomeBeforeTaxRatio": -0.0692414753,
    "incomeTaxExpense": -20000000,
    "netIncome": -179000000,
    "netIncomeRatio": -0.0622825331,
    "eps": -0.52,
    "epsdiluted": -0.52,
    "weightedAverageShsOut": 345400000,
    "weightedAverageShsOutDil": 345400000,
    "link": "https://www.sec.gov/Archives/edgar/data/1048286/000144530511002911/0001445305-11-002911-index.htm",
    "finalLink": "https://www.sec.gov/Archives/edgar/data/1048286/000144530511002911/mar-q32011x10q.htm"
  },
  {
    "date": "2011-06-17",
    "symbol": "MAR",
    "reportedCurrency": "USD",
    "cik": "0001048286",
    "fillingDate": "2011-07-15",
    "acceptedDate": "2011-07-15 10:43:55",
    "calendarYear": "2011",
    "period": "Q2",
    "revenue": 2972000000,
    "costOfRevenue": 2581000000,
    "grossProfit": 391000000,
    "grossProfitRatio": 0.1315612382,
    "researchAndDevelopmentExpenses": 0,
    "generalAndAdministrativeExpenses": 159000000,
    "sellingAndMarketingExpenses": 0,
    "sellingGeneralAndAdministrativeExpenses": 159000000,
    "otherExpenses": 0,
    "operatingExpenses": 159000000,
    "costAndExpenses": 2740000000,
    "interestIncome": 3000000,
    "interestExpense": 37000000,
    "depreciationAndAmortization": 41000000,
    "ebitda": 279000000,
    "ebitdaratio": 0.0938761777,
    "operatingIncome": 232000000,
    "operatingIncomeRatio": 0.0780619112,
    "totalOtherIncomeExpensesNet": -31000000,
    "incomeBeforeTax": 201000000,
    "incomeBeforeTaxRatio": 0.0676312248,
    "incomeTaxExpense": 66000000,
    "netIncome": 135000000,
    "netIncomeRatio": 0.0454239569,
    "eps": 0.38,
    "epsdiluted": 0.37,
    "weightedAverageShsOut": 356900000,
    "weightedAverageShsOutDil": 369400000,
    "link": "https://www.sec.gov/Archives/edgar/data/1048286/000119312511189040/0001193125-11-189040-index.htm",
    "finalLink": "https://www.sec.gov/Archives/edgar/data/1048286/000119312511189040/d10q.htm"
  },
  {
    "date": "2011-03-25",
    "symbol": "MAR",
    "reportedCurrency": "USD",
    "cik": "0001048286",
    "fillingDate": "2011-04-22",
    "acceptedDate": "2011-04-22 12:12:07",
    "calendarYear": "2011",
    "period": "Q1",
    "revenue": 2778000000,
    "costOfRevenue": 2428000000,
    "grossProfit": 350000000,
    "grossProfitRatio": 0.1259899208,
    "researchAndDevelopmentExpenses": 0,
    "generalAndAdministrativeExpenses": 159000000,
    "sellingAndMarketingExpenses": 0,
    "sellingGeneralAndAdministrativeExpenses": 159000000,
    "otherExpenses": 0,
    "operatingExpenses": 159000000,
    "costAndExpenses": 2587000000,
    "interestIncome": 4000000,
    "interestExpense": 41000000,
    "depreciationAndAmortization": 35000000,
    "ebitda": 228000000,
    "ebitdaratio": 0.0820734341,
    "operatingIncome": 191000000,
    "operatingIncomeRatio": 0.0687544996,
    "totalOtherIncomeExpensesNet": -39000000,
    "incomeBeforeTax": 152000000,
    "incomeBeforeTaxRatio": 0.0547156228,
    "incomeTaxExpense": 51000000,
    "netIncome": 101000000,
    "netIncomeRatio": 0.0363570914,
    "eps": 0.27,
    "epsdiluted": 0.26,
    "weightedAverageShsOut": 367100000,
    "weightedAverageShsOutDil": 381800000,
    "link": "https://www.sec.gov/Archives/edgar/data/1048286/000119312511105985/0001193125-11-105985-index.htm",
    "finalLink": "https://www.sec.gov/Archives/edgar/data/1048286/000119312511105985/d10q.htm"
  },
  {
    "date": "2010-12-31",
    "symbol": "MAR",
    "reportedCurrency": "USD",
    "cik": "0001048286",
    "fillingDate": "2011-02-18",
    "acceptedDate": "2011-02-18 10:27:36",
    "calendarYear": "2010",
    "period": "Q4",
    "revenue": 3642000000,
    "costOfRevenue": 3169000000,
    "grossProfit": 473000000,
    "grossProfitRatio": 0.1298736958,
    "researchAndDevelopmentExpenses": 0,
    "generalAndAdministrativeExpenses": 0,
    "sellingAndMarketingExpenses": 0,
    "sellingGeneralAndAdministrativeExpenses": 351000000,
    "otherExpenses": 0,
    "operatingExpenses": 351000000,
    "costAndExpenses": 3520000000,
    "interestIncome": 8000000,
    "interestExpense": 50000000,
    "depreciationAndAmortization": 57000000,
    "ebitda": 217000000,
    "ebitdaratio": 0.0595826469,
    "operatingIncome": 122000000,
    "operatingIncomeRatio": 0.033498078,
    "totalOtherIncomeExpensesNet": -12000000,
    "incomeBeforeTax": 110000000,
    "incomeBeforeTaxRatio": 0.0302031851,
    "incomeTaxExpense": -63000000,
    "netIncome": 173000000,
    "netIncomeRatio": 0.0475013729,
    "eps": 0.48,
    "epsdiluted": 0.46,
    "weightedAverageShsOut": 365600000,
    "weightedAverageShsOutDil": 382000000,
    "link": "https://www.sec.gov/Archives/edgar/data/1048286/000119312511039869/0001193125-11-039869-index.htm",
    "finalLink": "https://www.sec.gov/Archives/edgar/data/1048286/000119312511039869/d10k.htm"
  },
  {
    "date": "2010-09-10",
    "symbol": "MAR",
    "reportedCurrency": "USD",
    "cik": "0001048286",
    "fillingDate": "2010-10-08",
    "acceptedDate": "2010-10-08 12:17:58",
    "calendarYear": "2010",
    "period": "Q3",
    "revenue": 2648000000,
    "costOfRevenue": 2332000000,
    "grossProfit": 316000000,
    "grossProfitRatio": 0.1193353474,
    "researchAndDevelopmentExpenses": 0,
    "generalAndAdministrativeExpenses": 149000000,
    "sellingAndMarketingExpenses": 0,
    "sellingGeneralAndAdministrativeExpenses": 149000000,
    "otherExpenses": 0,
    "operatingExpenses": 149000000,
    "costAndExpenses": 2481000000,
    "interestIncome": 4000000,
    "interestExpense": 41000000,
    "depreciationAndAmortization": 40000000,
    "ebitda": 209000000,
    "ebitdaratio": 0.0789274924,
    "operatingIncome": 167000000,
    "operatingIncomeRatio": 0.0630664653,
    "totalOtherIncomeExpensesNet": -39000000,
    "incomeBeforeTax": 128000000,
    "incomeBeforeTaxRatio": 0.0483383686,
    "incomeTaxExpense": 45000000,
    "netIncome": 83000000,
    "netIncomeRatio": 0.0313444109,
    "eps": 0.23,
    "epsdiluted": 0.22,
    "weightedAverageShsOut": 363100000,
    "weightedAverageShsOutDil": 378100000,
    "link": "https://www.sec.gov/Archives/edgar/data/1048286/000119312510226672/0001193125-10-226672-index.htm",
    "finalLink": "https://www.sec.gov/Archives/edgar/data/1048286/000119312510226672/d10q.htm"
  },
  {
    "date": "2010-06-18",
    "symbol": "MAR",
    "reportedCurrency": "USD",
    "cik": "0001048286",
    "fillingDate": "2010-07-16",
    "acceptedDate": "2010-07-16 16:27:59",
    "calendarYear": "2010",
    "period": "Q2",
    "revenue": 2771000000,
    "costOfRevenue": 2403000000,
    "grossProfit": 368000000,
    "grossProfitRatio": 0.1328040419,
    "researchAndDevelopmentExpenses": 0,
    "generalAndAdministrativeExpenses": 142000000,
    "sellingAndMarketingExpenses": 0,
    "sellingGeneralAndAdministrativeExpenses": 142000000,
    "otherExpenses": 0,
    "operatingExpenses": 142000000,
    "costAndExpenses": 2545000000,
    "interestIncome": 3000000,
    "interestExpense": 44000000,
    "depreciationAndAmortization": 42000000,
    "ebitda": 270000000,
    "ebitdaratio": 0.0974377481,
    "operatingIncome": 226000000,
    "operatingIncomeRatio": 0.081559004,
    "totalOtherIncomeExpensesNet": -42000000,
    "incomeBeforeTax": 184000000,
    "incomeBeforeTaxRatio": 0.0664020209,
    "incomeTaxExpense": 65000000,
    "netIncome": 119000000,
    "netIncomeRatio": 0.0429447853,
    "eps": 0.33,
    "epsdiluted": 0.31,
    "weightedAverageShsOut": 362100000,
    "weightedAverageShsOutDil": 377400000,
    "link": "https://www.sec.gov/Archives/edgar/data/1048286/000119312510160212/0001193125-10-160212-index.htm",
    "finalLink": "https://www.sec.gov/Archives/edgar/data/1048286/000119312510160212/d10q.htm"
  },
  {
    "date": "2010-03-26",
    "symbol": "MAR",
    "reportedCurrency": "USD",
    "cik": "0001048286",
    "fillingDate": "2010-04-23",
    "acceptedDate": "2010-04-23 11:33:07",
    "calendarYear": "2010",
    "period": "Q1",
    "revenue": 2630000000,
    "costOfRevenue": 2312000000,
    "grossProfit": 318000000,
    "grossProfitRatio": 0.1209125475,
    "researchAndDevelopmentExpenses": 0,
    "generalAndAdministrativeExpenses": 138000000,
    "sellingAndMarketingExpenses": 0,
    "sellingGeneralAndAdministrativeExpenses": 138000000,
    "otherExpenses": 0,
    "operatingExpenses": 138000000,
    "costAndExpenses": 2450000000,
    "interestIncome": 4000000,
    "interestExpense": 45000000,
    "depreciationAndAmortization": 39000000,
    "ebitda": 213000000,
    "ebitdaratio": 0.0809885932,
    "operatingIncome": 180000000,
    "operatingIncomeRatio": 0.0684410646,
    "totalOtherIncomeExpensesNet": -51000000,
    "incomeBeforeTax": 129000000,
    "incomeBeforeTaxRatio": 0.0490494297,
    "incomeTaxExpense": 46000000,
    "netIncome": 83000000,
    "netIncomeRatio": 0.0315589354,
    "eps": 0.23,
    "epsdiluted": 0.22,
    "weightedAverageShsOut": 359400000,
    "weightedAverageShsOutDil": 373300000,
    "link": "https://www.sec.gov/Archives/edgar/data/1048286/000119312510091169/0001193125-10-091169-index.htm",
    "finalLink": "https://www.sec.gov/Archives/edgar/data/1048286/000119312510091169/d10q.htm"
  },
  {
    "date": "2010-01-01",
    "symbol": "MAR",
    "reportedCurrency": "USD",
    "cik": "0001048286",
    "fillingDate": "2010-02-12",
    "acceptedDate": "2010-02-12 16:10:55",
    "calendarYear": "2009",
    "period": "Q4",
    "revenue": 3380000000,
    "costOfRevenue": 2943000000,
    "grossProfit": 437000000,
    "grossProfitRatio": 0.1292899408,
    "researchAndDevelopmentExpenses": 0,
    "generalAndAdministrativeExpenses": 0,
    "sellingAndMarketingExpenses": 0,
    "sellingGeneralAndAdministrativeExpenses": 258000000,
    "otherExpenses": 7000000,
    "operatingExpenses": 265000000,
    "costAndExpenses": 3208000000,
    "interestIncome": 5000000,
    "interestExpense": 34000000,
    "depreciationAndAmortization": 61000000,
    "ebitda": 269000000,
    "ebitdaratio": 0.0795857988,
    "operatingIncome": 172000000,
    "operatingIncomeRatio": 0.050887574,
    "totalOtherIncomeExpensesNet": 2000000,
    "incomeBeforeTax": 174000000,
    "incomeBeforeTaxRatio": 0.0514792899,
    "incomeTaxExpense": 68000000,
    "netIncome": 106000000,
    "netIncomeRatio": 0.0313609467,
    "eps": -0.15,
    "epsdiluted": -0.15,
    "weightedAverageShsOut": 358500000,
    "weightedAverageShsOutDil": 372200000,
    "link": "https://www.sec.gov/Archives/edgar/data/1048286/000119312510030603/0001193125-10-030603-index.htm",
    "finalLink": "https://www.sec.gov/Archives/edgar/data/1048286/000119312510030603/d10k.htm"
  },
  {
    "date": "2009-09-11",
    "symbol": "MAR",
    "reportedCurrency": "USD",
    "cik": "0001048286",
    "fillingDate": "2009-10-09",
    "acceptedDate": "2009-10-09 10:23:59",
    "calendarYear": "2009",
    "period": "Q3",
    "revenue": 2471000000,
    "costOfRevenue": 2824000000,
    "grossProfit": -353000000,
    "grossProfitRatio": -0.1428571429,
    "researchAndDevelopmentExpenses": 0,
    "generalAndAdministrativeExpenses": 144000000,
    "sellingAndMarketingExpenses": 0,
    "sellingGeneralAndAdministrativeExpenses": 144000000,
    "otherExpenses": 9000000,
    "operatingExpenses": 153000000,
    "costAndExpenses": 2977000000,
    "interestIncome": 5000000,
    "interestExpense": 27000000,
    "depreciationAndAmortization": 43000000,
    "ebitda": -609000000,
    "ebitdaratio": -0.2464589235,
    "operatingIncome": -506000000,
    "operatingIncomeRatio": -0.2047753946,
    "totalOtherIncomeExpensesNet": -173000000,
    "incomeBeforeTax": -679000000,
    "incomeBeforeTaxRatio": -0.2747875354,
    "incomeTaxExpense": -210000000,
    "netIncome": -466000000,
    "netIncomeRatio": -0.1885876163,
    "eps": -1.31,
    "epsdiluted": -1.31,
    "weightedAverageShsOut": 356700000,
    "weightedAverageShsOutDil": 356700000,
    "link": "https://www.sec.gov/Archives/edgar/data/1048286/000119312509206036/0001193125-09-206036-index.htm",
    "finalLink": "https://www.sec.gov/Archives/edgar/data/1048286/000119312509206036/d10q.htm"
  },
  {
    "date": "2009-06-19",
    "symbol": "MAR",
    "reportedCurrency": "USD",
    "cik": "0001048286",
    "fillingDate": "2009-07-17",
    "acceptedDate": "2009-07-17 16:49:25",
    "calendarYear": "2009",
    "period": "Q2",
    "revenue": 2562000000,
    "costOfRevenue": 2283000000,
    "grossProfit": 279000000,
    "grossProfitRatio": 0.1088992974,
    "researchAndDevelopmentExpenses": 0,
    "generalAndAdministrativeExpenses": 147000000,
    "sellingAndMarketingExpenses": 0,
    "sellingGeneralAndAdministrativeExpenses": 147000000,
    "otherExpenses": 33000000,
    "operatingExpenses": 180000000,
    "costAndExpenses": 2463000000,
    "interestIncome": 9000000,
    "interestExpense": 28000000,
    "depreciationAndAmortization": 42000000,
    "ebitda": 149000000,
    "ebitdaratio": 0.0581576893,
    "operatingIncome": 99000000,
    "operatingIncomeRatio": 0.0386416862,
    "totalOtherIncomeExpensesNet": -20000000,
    "incomeBeforeTax": 79000000,
    "incomeBeforeTaxRatio": 0.0308352849,
    "incomeTaxExpense": 44000000,
    "netIncome": 37000000,
    "netIncomeRatio": 0.0144418423,
    "eps": 0.1,
    "epsdiluted": 0.1,
    "weightedAverageShsOut": 356200000,
    "weightedAverageShsOutDil": 366000000,
    "link": "https://www.sec.gov/Archives/edgar/data/1048286/000119312509150935/0001193125-09-150935-index.htm",
    "finalLink": "https://www.sec.gov/Archives/edgar/data/1048286/000119312509150935/d10q.htm"
  },
  {
    "date": "2009-03-27",
    "symbol": "MAR",
    "reportedCurrency": "USD",
    "cik": "0001048286",
    "fillingDate": "2009-04-24",
    "acceptedDate": "2009-04-24 11:48:31",
    "calendarYear": "2009",
    "period": "Q1",
    "revenue": 2495000000,
    "costOfRevenue": 2237000000,
    "grossProfit": 258000000,
    "grossProfitRatio": 0.1034068136,
    "researchAndDevelopmentExpenses": 0,
    "generalAndAdministrativeExpenses": 216000000,
    "sellingAndMarketingExpenses": 0,
    "sellingGeneralAndAdministrativeExpenses": 216000000,
    "otherExpenses": 2000000,
    "operatingExpenses": 218000000,
    "costAndExpenses": 2455000000,
    "interestIncome": 6000000,
    "interestExpense": 29000000,
    "depreciationAndAmortization": 39000000,
    "ebitda": 76000000,
    "ebitdaratio": 0.0304609218,
    "operatingIncome": 40000000,
    "operatingIncomeRatio": 0.0160320641,
    "totalOtherIncomeExpensesNet": -32000000,
    "incomeBeforeTax": 8000000,
    "incomeBeforeTaxRatio": 0.0032064128,
    "incomeTaxExpense": 33000000,
    "netIncome": -23000000,
    "netIncomeRatio": -0.0092184369,
    "eps": -0.0649,
    "epsdiluted": -0.0649,
    "weightedAverageShsOut": 354400000,
    "weightedAverageShsOutDil": 354400000,
    "link": "https://www.sec.gov/Archives/edgar/data/1048286/000119312509086617/0001193125-09-086617-index.htm",
    "finalLink": "https://www.sec.gov/Archives/edgar/data/1048286/000119312509086617/d10q.htm"
  },
  {
    "date": "2009-01-02",
    "symbol": "MAR",
    "reportedCurrency": "USD",
    "cik": "0001048286",
    "fillingDate": "2009-02-12",
    "acceptedDate": "2009-02-12 16:45:33",
    "calendarYear": "2008",
    "period": "Q4",
    "revenue": 3784000000,
    "costOfRevenue": 3385000000,
    "grossProfit": 399000000,
    "grossProfitRatio": 0.1054439746,
    "researchAndDevelopmentExpenses": 0,
    "generalAndAdministrativeExpenses": 0,
    "sellingAndMarketingExpenses": 0,
    "sellingGeneralAndAdministrativeExpenses": 290000000,
    "otherExpenses": 35000000,
    "operatingExpenses": 325000000,
    "costAndExpenses": 3710000000,
    "interestIncome": 0,
    "interestExpense": 0,
    "depreciationAndAmortization": 60000000,
    "ebitda": 189000000,
    "ebitdaratio": 0.0499471459,
    "operatingIncome": 74000000,
    "operatingIncomeRatio": 0.0195560254,
    "totalOtherIncomeExpensesNet": -53000000,
    "incomeBeforeTax": 21000000,
    "incomeBeforeTaxRatio": 0.0055496829,
    "incomeTaxExpense": 33000000,
    "netIncome": -10000000,
    "netIncomeRatio": -0.0026427061,
    "eps": -0.0284,
    "epsdiluted": -0.0284,
    "weightedAverageShsOut": 351962212,
    "weightedAverageShsOutDil": 352000000,
    "link": "https://www.sec.gov/Archives/edgar/data/1048286/000119312509027236/0001193125-09-027236-index.htm",
    "finalLink": "https://www.sec.gov/Archives/edgar/data/1048286/000119312509027236/d10k.htm"
  },
  {
    "date": "2008-09-05",
    "symbol": "MAR",
    "reportedCurrency": "USD",
    "cik": "0001048286",
    "fillingDate": "2008-10-03",
    "acceptedDate": "2008-10-03 10:59:19",
    "calendarYear": "2008",
    "period": "Q3",
    "revenue": 2963000000,
    "costOfRevenue": 2593000000,
    "grossProfit": 370000000,
    "grossProfitRatio": 0.1248734391,
    "researchAndDevelopmentExpenses": 0,
    "generalAndAdministrativeExpenses": 0,
    "sellingAndMarketingExpenses": 0,
    "sellingGeneralAndAdministrativeExpenses": 167000000,
    "otherExpenses": 0,
    "operatingExpenses": 167000000,
    "costAndExpenses": 2760000000,
    "interestIncome": 8000000,
    "interestExpense": 33000000,
    "depreciationAndAmortization": 43000000,
    "ebitda": 263000000,
    "ebitdaratio": 0.0887613905,
    "operatingIncome": 203000000,
    "operatingIncomeRatio": 0.0685116436,
    "totalOtherIncomeExpensesNet": -16000000,
    "incomeBeforeTax": 187000000,
    "incomeBeforeTaxRatio": 0.0631117111,
    "incomeTaxExpense": 103000000,
    "netIncome": 94000000,
    "netIncomeRatio": 0.0317246034,
    "eps": 0.27,
    "epsdiluted": 0.25,
    "weightedAverageShsOut": 355006458,
    "weightedAverageShsOutDil": 355006458,
    "link": "https://www.sec.gov/Archives/edgar/data/1048286/000119312508205770/0001193125-08-205770-index.htm",
    "finalLink": "https://www.sec.gov/Archives/edgar/data/1048286/000119312508205770/d10q.htm"
  },
  {
    "date": "2008-06-13",
    "symbol": "MAR",
    "reportedCurrency": "USD",
    "cik": "0001048286",
    "fillingDate": "2008-07-11",
    "acceptedDate": "2008-07-11 15:26:43",
    "calendarYear": "2008",
    "period": "Q2",
    "revenue": 3185000000,
    "costOfRevenue": 2688000000,
    "grossProfit": 497000000,
    "grossProfitRatio": 0.156043956,
    "researchAndDevelopmentExpenses": 0,
    "generalAndAdministrativeExpenses": 0,
    "sellingAndMarketingExpenses": 0,
    "sellingGeneralAndAdministrativeExpenses": 184000000,
    "otherExpenses": 0,
    "operatingExpenses": 184000000,
    "costAndExpenses": 2872000000,
    "interestIncome": 9000000,
    "interestExpense": 38000000,
    "depreciationAndAmortization": 46000000,
    "ebitda": 374000000,
    "ebitdaratio": 0.1174254317,
    "operatingIncome": 313000000,
    "operatingIncomeRatio": 0.0982731554,
    "totalOtherIncomeExpensesNet": -23000000,
    "incomeBeforeTax": 290000000,
    "incomeBeforeTaxRatio": 0.0910518053,
    "incomeTaxExpense": 139000000,
    "netIncome": 157000000,
    "netIncomeRatio": 0.0492935636,
    "eps": 0.44,
    "epsdiluted": 0.42,
    "weightedAverageShsOut": 358677800,
    "weightedAverageShsOutDil": 358677800,
    "link": "https://www.sec.gov/Archives/edgar/data/1048286/000119312508149831/0001193125-08-149831-index.htm",
    "finalLink": "https://www.sec.gov/Archives/edgar/data/1048286/000119312508149831/d10q.htm"
  },
  {
    "date": "2008-03-21",
    "symbol": "MAR",
    "reportedCurrency": "USD",
    "cik": "0001048286",
    "fillingDate": "2008-04-22",
    "acceptedDate": "2008-04-22 10:36:06",
    "calendarYear": "2008",
    "period": "Q1",
    "revenue": 2947000000,
    "costOfRevenue": 2590000000,
    "grossProfit": 357000000,
    "grossProfitRatio": 0.1211401425,
    "researchAndDevelopmentExpenses": 0,
    "generalAndAdministrativeExpenses": 0,
    "sellingAndMarketingExpenses": 0,
    "sellingGeneralAndAdministrativeExpenses": 162000000,
    "otherExpenses": 0,
    "operatingExpenses": 162000000,
    "costAndExpenses": 2752000000,
    "interestIncome": 11000000,
    "interestExpense": 42000000,
    "depreciationAndAmortization": 41000000,
    "ebitda": 279000000,
    "ebitdaratio": 0.0946725484,
    "operatingIncome": 195000000,
    "operatingIncomeRatio": 0.0661689854,
    "totalOtherIncomeExpensesNet": 1000000,
    "incomeBeforeTax": 196000000,
    "incomeBeforeTaxRatio": 0.0665083135,
    "incomeTaxExpense": 75000000,
    "netIncome": 121000000,
    "netIncomeRatio": 0.0410587038,
    "eps": 0.34,
    "epsdiluted": 0.33,
    "weightedAverageShsOut": 358172335,
    "weightedAverageShsOutDil": 375964695,
    "link": "https://www.sec.gov/Archives/edgar/data/1048286/000119312508086415/0001193125-08-086415-index.htm",
    "finalLink": "https://www.sec.gov/Archives/edgar/data/1048286/000119312508086415/d10q.htm"
  },
  {
    "date": "2007-12-28",
    "symbol": "MAR",
    "reportedCurrency": "USD",
    "cik": "0001048286",
    "fillingDate": "2008-02-15",
    "acceptedDate": "2008-02-15 17:11:16",
    "calendarYear": "2007",
    "period": "Q4",
    "revenue": 3836000000,
    "costOfRevenue": 3082000000,
    "grossProfit": 754000000,
    "grossProfitRatio": 0.1965589155,
    "researchAndDevelopmentExpenses": 0,
    "generalAndAdministrativeExpenses": 0,
    "sellingAndMarketingExpenses": 0,
    "sellingGeneralAndAdministrativeExpenses": 267000000,
    "otherExpenses": -17000000,
    "operatingExpenses": 250000000,
    "costAndExpenses": 3332000000,
    "interestIncome": 0,
    "interestExpense": 0,
    "depreciationAndAmortization": 63000000,
    "ebitda": 567000000,
    "ebitdaratio": 0.147810219,
    "operatingIncome": 504000000,
    "operatingIncomeRatio": 0.1313868613,
    "totalOtherIncomeExpensesNet": 6000000,
    "incomeBeforeTax": 510000000,
    "incomeBeforeTaxRatio": 0.1329509906,
    "incomeTaxExpense": 333000000,
    "netIncome": 176000000,
    "netIncomeRatio": 0.0458811262,
    "eps": 0.46,
    "epsdiluted": 0.46,
    "weightedAverageShsOut": 384200000,
    "weightedAverageShsOutDil": 384200000,
    "link": "https://www.sec.gov/Archives/edgar/data/1048286/000119312508032582/0001193125-08-032582-index.htm",
    "finalLink": "https://www.sec.gov/Archives/edgar/data/1048286/000119312508032582/d10k.htm"
  },
  {
    "date": "2007-09-07",
    "symbol": "MAR",
    "reportedCurrency": "USD",
    "cik": "0001048286",
    "fillingDate": "2007-10-05",
    "acceptedDate": "2007-10-05 12:35:17",
    "calendarYear": "2007",
    "period": "Q3",
    "revenue": 2943000000,
    "costOfRevenue": 2569000000,
    "grossProfit": 374000000,
    "grossProfitRatio": 0.1270812097,
    "researchAndDevelopmentExpenses": 0,
    "generalAndAdministrativeExpenses": 0,
    "sellingAndMarketingExpenses": 0,
    "sellingGeneralAndAdministrativeExpenses": 164000000,
    "otherExpenses": 27000000,
    "operatingExpenses": 191000000,
    "costAndExpenses": 2760000000,
    "interestIncome": 0,
    "interestExpense": 0,
    "depreciationAndAmortization": 43000000,
    "ebitda": 226000000,
    "ebitdaratio": 0.0767923887,
    "operatingIncome": 183000000,
    "operatingIncomeRatio": 0.0621814475,
    "totalOtherIncomeExpensesNet": 31000000,
    "incomeBeforeTax": 214000000,
    "incomeBeforeTaxRatio": 0.0727149168,
    "incomeTaxExpense": 93000000,
    "netIncome": 131000000,
    "netIncomeRatio": 0.0445124023,
    "eps": 0.35,
    "epsdiluted": 0.33,
    "weightedAverageShsOut": 377885461,
    "weightedAverageShsOutDil": 377885461,
    "link": "https://www.sec.gov/Archives/edgar/data/1048286/000119312507213985/0001193125-07-213985-index.htm",
    "finalLink": "https://www.sec.gov/Archives/edgar/data/1048286/000119312507213985/d10q.htm"
  },
  {
    "date": "2007-06-15",
    "symbol": "MAR",
    "reportedCurrency": "USD",
    "cik": "0001048286",
    "fillingDate": "2007-07-13",
    "acceptedDate": "2007-07-13 16:10:01",
    "calendarYear": "2007",
    "period": "Q2",
    "revenue": 3210000000,
    "costOfRevenue": 2703000000,
    "grossProfit": 507000000,
    "grossProfitRatio": 0.1579439252,
    "researchAndDevelopmentExpenses": 0,
    "generalAndAdministrativeExpenses": 0,
    "sellingAndMarketingExpenses": 0,
    "sellingGeneralAndAdministrativeExpenses": 207000000,
    "otherExpenses": 0,
    "operatingExpenses": 207000000,
    "costAndExpenses": 2910000000,
    "interestIncome": 0,
    "interestExpense": 0,
    "depreciationAndAmortization": 46000000,
    "ebitda": 346000000,
    "ebitdaratio": 0.107788162,
    "operatingIncome": 300000000,
    "operatingIncomeRatio": 0.0934579439,
    "totalOtherIncomeExpensesNet": -51000000,
    "incomeBeforeTax": 249000000,
    "incomeBeforeTaxRatio": 0.0775700935,
    "incomeTaxExpense": 42000000,
    "netIncome": 207000000,
    "netIncomeRatio": 0.0644859813,
    "eps": 0.53,
    "epsdiluted": 0.5,
    "weightedAverageShsOut": 387522990,
    "weightedAverageShsOutDil": 410318460,
    "link": "https://www.sec.gov/Archives/edgar/data/1048286/000119312507154893/0001193125-07-154893-index.htm",
    "finalLink": "https://www.sec.gov/Archives/edgar/data/1048286/000119312507154893/d10q.htm"
  },
  {
    "date": "2007-03-23",
    "symbol": "MAR",
    "reportedCurrency": "USD",
    "cik": "0001048286",
    "fillingDate": "2007-04-23",
    "acceptedDate": "2007-04-23 17:14:38",
    "calendarYear": "2007",
    "period": "Q1",
    "revenue": 2836000000,
    "costOfRevenue": 2452000000,
    "grossProfit": 384000000,
    "grossProfitRatio": 0.1354019746,
    "researchAndDevelopmentExpenses": 0,
    "generalAndAdministrativeExpenses": 0,
    "sellingAndMarketingExpenses": 0,
    "sellingGeneralAndAdministrativeExpenses": 147000000,
    "otherExpenses": 0,
    "operatingExpenses": 147000000,
    "costAndExpenses": 2599000000,
    "interestIncome": 0,
    "interestExpense": 0,
    "depreciationAndAmortization": 45000000,
    "ebitda": 282000000,
    "ebitdaratio": 0.0994358251,
    "operatingIncome": 237000000,
    "operatingIncomeRatio": 0.0835684062,
    "totalOtherIncomeExpensesNet": 13000000,
    "incomeBeforeTax": 250000000,
    "incomeBeforeTaxRatio": 0.0881523272,
    "incomeTaxExpense": 86000000,
    "netIncome": 182000000,
    "netIncomeRatio": 0.0641748942,
    "eps": 0.46,
    "epsdiluted": 0.44,
    "weightedAverageShsOut": 392557601,
    "weightedAverageShsOutDil": 416024068,
    "link": "https://www.sec.gov/Archives/edgar/data/1048286/000119312507087774/0001193125-07-087774-index.htm",
    "finalLink": "https://www.sec.gov/Archives/edgar/data/1048286/000119312507087774/d10q.htm"
  },
  {
    "date": "2006-12-29",
    "symbol": "MAR",
    "reportedCurrency": "USD",
    "cik": "0001048286",
    "fillingDate": "2007-02-21",
    "acceptedDate": "2007-02-21 10:38:22",
    "calendarYear": "2006",
    "period": "Q4",
    "revenue": 3861000000,
    "costOfRevenue": 3319000000,
    "grossProfit": 542000000,
    "grossProfitRatio": 0.1403781404,
    "researchAndDevelopmentExpenses": 0,
    "generalAndAdministrativeExpenses": 0,
    "sellingAndMarketingExpenses": 0,
    "sellingGeneralAndAdministrativeExpenses": 234000000,
    "otherExpenses": 3000000,
    "operatingExpenses": 237000000,
    "costAndExpenses": 3556000000,
    "interestIncome": 0,
    "interestExpense": 0,
    "depreciationAndAmortization": 62000000,
    "ebitda": 367000000,
    "ebitdaratio": 0.0950530951,
    "operatingIncome": 305000000,
    "operatingIncomeRatio": 0.078995079,
    "totalOtherIncomeExpensesNet": -22000000,
    "incomeBeforeTax": 283000000,
    "incomeBeforeTaxRatio": 0.0732970733,
    "incomeTaxExpense": 63000000,
    "netIncome": 216000000,
    "netIncomeRatio": 0.0559440559,
    "eps": 0.52,
    "epsdiluted": 0.52,
    "weightedAverageShsOut": 424500000,
    "weightedAverageShsOutDil": 424500000,
    "link": "https://www.sec.gov/Archives/edgar/data/1048286/000119312507035757/0001193125-07-035757-index.htm",
    "finalLink": "https://www.sec.gov/Archives/edgar/data/1048286/000119312507035757/d10k.htm"
  },
  {
    "date": "2006-09-08",
    "symbol": "MAR",
    "reportedCurrency": "USD",
    "cik": "0001048286",
    "fillingDate": "2006-10-12",
    "acceptedDate": "2006-10-12 15:35:54",
    "calendarYear": "2006",
    "period": "Q3",
    "revenue": 2703000000,
    "costOfRevenue": 2325000000,
    "grossProfit": 378000000,
    "grossProfitRatio": 0.1398446171,
    "researchAndDevelopmentExpenses": 0,
    "generalAndAdministrativeExpenses": 0,
    "sellingAndMarketingExpenses": 0,
    "sellingGeneralAndAdministrativeExpenses": 149000000,
    "otherExpenses": 0,
    "operatingExpenses": 149000000,
    "costAndExpenses": 2474000000,
    "interestIncome": 0,
    "interestExpense": 0,
    "depreciationAndAmortization": 44000000,
    "ebitda": 273000000,
    "ebitdaratio": 0.1009988901,
    "operatingIncome": 229000000,
    "operatingIncomeRatio": 0.0847206807,
    "totalOtherIncomeExpensesNet": -6000000,
    "incomeBeforeTax": 223000000,
    "incomeBeforeTaxRatio": 0.0825009249,
    "incomeTaxExpense": 82000000,
    "netIncome": 141000000,
    "netIncomeRatio": 0.0521642619,
    "eps": 0.35,
    "epsdiluted": 0.33,
    "weightedAverageShsOut": 407260186,
    "weightedAverageShsOutDil": 431942621,
    "link": "https://www.sec.gov/Archives/edgar/data/1048286/000119312506206916/0001193125-06-206916-index.htm",
    "finalLink": "https://www.sec.gov/Archives/edgar/data/1048286/000119312506206916/d10q.htm"
  },
  {
    "date": "2006-06-16",
    "symbol": "MAR",
    "reportedCurrency": "USD",
    "cik": "0001048286",
    "fillingDate": "2006-07-19",
    "acceptedDate": "2006-07-19 15:45:44",
    "calendarYear": "2006",
    "period": "Q2",
    "revenue": 2891000000,
    "costOfRevenue": 2476000000,
    "grossProfit": 415000000,
    "grossProfitRatio": 0.143548945,
    "researchAndDevelopmentExpenses": 0,
    "generalAndAdministrativeExpenses": 0,
    "sellingAndMarketingExpenses": 0,
    "sellingGeneralAndAdministrativeExpenses": 141000000,
    "otherExpenses": 0,
    "operatingExpenses": 141000000,
    "costAndExpenses": 2617000000,
    "interestIncome": 0,
    "interestExpense": 0,
    "depreciationAndAmortization": 42000000,
    "ebitda": 316000000,
    "ebitdaratio": 0.1093047388,
    "operatingIncome": 274000000,
    "operatingIncomeRatio": 0.0947768938,
    "totalOtherIncomeExpensesNet": -3000000,
    "incomeBeforeTax": 271000000,
    "incomeBeforeTaxRatio": 0.0937391906,
    "incomeTaxExpense": 85000000,
    "netIncome": 186000000,
    "netIncomeRatio": 0.0643375994,
    "eps": 0.45,
    "epsdiluted": 0.43,
    "weightedAverageShsOut": 417850876,
    "weightedAverageShsOutDil": 437285801,
    "link": "https://www.sec.gov/Archives/edgar/data/1048286/000119312506149148/0001193125-06-149148-index.htm",
    "finalLink": "https://www.sec.gov/Archives/edgar/data/1048286/000119312506149148/d10q.htm"
  },
  {
    "date": "2006-03-24",
    "symbol": "MAR",
    "reportedCurrency": "USD",
    "cik": "0001048286",
    "fillingDate": "2006-04-26",
    "acceptedDate": "2006-04-26 16:15:07",
    "calendarYear": "2006",
    "period": "Q1",
    "revenue": 2705000000,
    "costOfRevenue": 2352000000,
    "grossProfit": 353000000,
    "grossProfitRatio": 0.1304990758,
    "researchAndDevelopmentExpenses": 0,
    "generalAndAdministrativeExpenses": 0,
    "sellingAndMarketingExpenses": 0,
    "sellingGeneralAndAdministrativeExpenses": 150000000,
    "otherExpenses": -27000000,
    "operatingExpenses": 123000000,
    "costAndExpenses": 2475000000,
    "interestIncome": 0,
    "interestExpense": 0,
    "depreciationAndAmortization": 40000000,
    "ebitda": -1879000000,
    "ebitdaratio": -0.6946395564,
    "operatingIncome": 230000000,
    "operatingIncomeRatio": 0.0850277264,
    "totalOtherIncomeExpensesNet": -10000000,
    "incomeBeforeTax": 220000000,
    "incomeBeforeTaxRatio": 0.0813308688,
    "incomeTaxExpense": 56000000,
    "netIncome": 61000000,
    "netIncomeRatio": 0.0225508318,
    "eps": 0.66,
    "epsdiluted": 0.63,
    "weightedAverageShsOut": 416327515,
    "weightedAverageShsOutDil": 446065194,
    "link": "https://www.sec.gov/Archives/edgar/data/1048286/000119312506089373/0001193125-06-089373-index.htm",
    "finalLink": "https://www.sec.gov/Archives/edgar/data/1048286/000119312506089373/d10q.htm"
  },
  {
    "date": "2005-12-30",
    "symbol": "MAR",
    "reportedCurrency": "USD",
    "cik": "0001048286",
    "fillingDate": "2006-02-22",
    "acceptedDate": "2006-02-22 15:09:18",
    "calendarYear": "2005",
    "period": "Q4",
    "revenue": 3641000000,
    "costOfRevenue": 3224000000,
    "grossProfit": 417000000,
    "grossProfitRatio": 0.1145289756,
    "researchAndDevelopmentExpenses": 0,
    "generalAndAdministrativeExpenses": 0,
    "sellingAndMarketingExpenses": 0,
    "sellingGeneralAndAdministrativeExpenses": 196000000,
    "otherExpenses": 0,
    "operatingExpenses": 196000000,
    "costAndExpenses": 3420000000,
    "interestIncome": 0,
    "interestExpense": 0,
    "depreciationAndAmortization": 58000000,
    "ebitda": 279000000,
    "ebitdaratio": 0.0766273002,
    "operatingIncome": 221000000,
    "operatingIncomeRatio": 0.0606976105,
    "totalOtherIncomeExpensesNet": 79000000,
    "incomeBeforeTax": 300000000,
    "incomeBeforeTaxRatio": 0.0823949464,
    "incomeTaxExpense": 76000000,
    "netIncome": 237000000,
    "netIncomeRatio": 0.0650920077,
    "eps": 0.53,
    "epsdiluted": 0.53,
    "weightedAverageShsOut": 445634246,
    "weightedAverageShsOutDil": 446400000,
    "link": "https://www.sec.gov/Archives/edgar/data/1048286/000119312506036627/0001193125-06-036627-index.htm",
    "finalLink": "https://www.sec.gov/Archives/edgar/data/1048286/000119312506036627/d10k.htm"
  },
  {
    "date": "2005-09-09",
    "symbol": "MAR",
    "reportedCurrency": "USD",
    "cik": "0001048286",
    "fillingDate": "2005-10-13",
    "acceptedDate": "2005-10-13 16:18:25",
    "calendarYear": "2005",
    "period": "Q3",
    "revenue": 2714000000,
    "costOfRevenue": 2430000000,
    "grossProfit": 284000000,
    "grossProfitRatio": 0.104642594,
    "researchAndDevelopmentExpenses": 0,
    "generalAndAdministrativeExpenses": 0,
    "sellingAndMarketingExpenses": 0,
    "sellingGeneralAndAdministrativeExpenses": 149000000,
    "otherExpenses": 0,
    "operatingExpenses": 149000000,
    "costAndExpenses": 2579000000,
    "interestIncome": 0,
    "interestExpense": 0,
    "depreciationAndAmortization": 53000000,
    "ebitda": 188000000,
    "ebitdaratio": 0.0692704495,
    "operatingIncome": 135000000,
    "operatingIncomeRatio": 0.0497420781,
    "totalOtherIncomeExpensesNet": 28000000,
    "incomeBeforeTax": 163000000,
    "incomeBeforeTaxRatio": 0.0600589536,
    "incomeTaxExpense": 33000000,
    "netIncome": 149000000,
    "netIncomeRatio": 0.0549005158,
    "eps": 0.34,
    "epsdiluted": 0.32,
    "weightedAverageShsOut": 443025004,
    "weightedAverageShsOutDil": 470714067,
    "link": "https://www.sec.gov/Archives/edgar/data/1048286/000119312505200974/0001193125-05-200974-index.htm",
    "finalLink": "https://www.sec.gov/Archives/edgar/data/1048286/000119312505200974/d10q.htm"
  },
  {
    "date": "2005-06-17",
    "symbol": "MAR",
    "reportedCurrency": "USD",
    "cik": "0001048286",
    "fillingDate": "2005-07-22",
    "acceptedDate": "2005-07-22 14:26:44",
    "calendarYear": "2005",
    "period": "Q2",
    "revenue": 2661000000,
    "costOfRevenue": 2336000000,
    "grossProfit": 325000000,
    "grossProfitRatio": 0.1221345359,
    "researchAndDevelopmentExpenses": 0,
    "generalAndAdministrativeExpenses": 0,
    "sellingAndMarketingExpenses": 0,
    "sellingGeneralAndAdministrativeExpenses": 284000000,
    "otherExpenses": 0,
    "operatingExpenses": 284000000,
    "costAndExpenses": 2620000000,
    "interestIncome": 0,
    "interestExpense": 0,
    "depreciationAndAmortization": 36000000,
    "ebitda": 77000000,
    "ebitdaratio": 0.02893649,
    "operatingIncome": 41000000,
    "operatingIncomeRatio": 0.0154077415,
    "totalOtherIncomeExpensesNet": 73000000,
    "incomeBeforeTax": 114000000,
    "incomeBeforeTaxRatio": 0.0428410372,
    "incomeTaxExpense": -20000000,
    "netIncome": 138000000,
    "netIncomeRatio": 0.0518602029,
    "eps": 0.31,
    "epsdiluted": 0.29,
    "weightedAverageShsOut": 450026698,
    "weightedAverageShsOutDil": 481063022,
    "link": "https://www.sec.gov/Archives/edgar/data/1048286/000119312505147097/0001193125-05-147097-index.htm",
    "finalLink": "https://www.sec.gov/Archives/edgar/data/1048286/000119312505147097/d10q.htm"
  },
  {
    "date": "2005-03-25",
    "symbol": "MAR",
    "reportedCurrency": "USD",
    "cik": "0001048286",
    "fillingDate": "2005-05-03",
    "acceptedDate": "2005-05-02 18:46:01",
    "calendarYear": "2005",
    "period": "Q1",
    "revenue": 2534000000,
    "costOfRevenue": 2252000000,
    "grossProfit": 282000000,
    "grossProfitRatio": 0.1112865036,
    "researchAndDevelopmentExpenses": 0,
    "generalAndAdministrativeExpenses": 0,
    "sellingAndMarketingExpenses": 0,
    "sellingGeneralAndAdministrativeExpenses": 124000000,
    "otherExpenses": 0,
    "operatingExpenses": 124000000,
    "costAndExpenses": 2376000000,
    "interestIncome": 0,
    "interestExpense": 0,
    "depreciationAndAmortization": 37000000,
    "ebitda": 195000000,
    "ebitdaratio": 0.0769534333,
    "operatingIncome": 158000000,
    "operatingIncomeRatio": 0.0623520126,
    "totalOtherIncomeExpensesNet": -18000000,
    "incomeBeforeTax": 140000000,
    "incomeBeforeTaxRatio": 0.0552486188,
    "incomeTaxExpense": 5000000,
    "netIncome": 145000000,
    "netIncomeRatio": 0.0572217837,
    "eps": 0.32,
    "epsdiluted": 0.3,
    "weightedAverageShsOut": 456180051,
    "weightedAverageShsOutDil": 484703948,
    "link": "https://www.sec.gov/Archives/edgar/data/1048286/000119312505092654/0001193125-05-092654-index.htm",
    "finalLink": "https://www.sec.gov/Archives/edgar/data/1048286/000119312505092654/d10q.htm"
  },
  {
    "date": "2004-12-31",
    "symbol": "MAR",
    "reportedCurrency": "USD",
    "cik": "0001048286",
    "fillingDate": "2005-02-23",
    "acceptedDate": "2005-02-22 21:19:03",
    "calendarYear": "2004",
    "period": "Q4",
    "revenue": 3141000000,
    "costOfRevenue": 3069000000,
    "grossProfit": 72000000,
    "grossProfitRatio": 0.0229226361,
    "researchAndDevelopmentExpenses": 0,
    "generalAndAdministrativeExpenses": 0,
    "sellingAndMarketingExpenses": 0,
    "sellingGeneralAndAdministrativeExpenses": -37000000,
    "otherExpenses": 0,
    "operatingExpenses": -37000000,
    "costAndExpenses": 3032000000,
    "interestIncome": 0,
    "interestExpense": 0,
    "depreciationAndAmortization": 51000000,
    "ebitda": 160000000,
    "ebitdaratio": 0.0509391913,
    "operatingIncome": 109000000,
    "operatingIncomeRatio": 0.0347023241,
    "totalOtherIncomeExpensesNet": 90000000,
    "incomeBeforeTax": 199000000,
    "incomeBeforeTaxRatio": 0.0633556192,
    "incomeTaxExpense": 21000000,
    "netIncome": 189000000,
    "netIncomeRatio": 0.0601719198,
    "eps": 0.39,
    "epsdiluted": 0.39,
    "weightedAverageShsOut": 484400000,
    "weightedAverageShsOutDil": 484400000,
    "link": "https://www.sec.gov/Archives/edgar/data/1048286/000119312505034535/0001193125-05-034535-index.htm",
    "finalLink": "https://www.sec.gov/Archives/edgar/data/1048286/000119312505034535/d10k.htm"
  },
  {
    "date": "2004-09-10",
    "symbol": "MAR",
    "reportedCurrency": "USD",
    "cik": "0001048286",
    "fillingDate": "2004-10-18",
    "acceptedDate": "2004-10-18 17:24:11",
    "calendarYear": "2004",
    "period": "Q3",
    "revenue": 2304000000,
    "costOfRevenue": 2079000000,
    "grossProfit": 225000000,
    "grossProfitRatio": 0.09765625,
    "researchAndDevelopmentExpenses": 0,
    "generalAndAdministrativeExpenses": 0,
    "sellingAndMarketingExpenses": 0,
    "sellingGeneralAndAdministrativeExpenses": 126000000,
    "otherExpenses": 0,
    "operatingExpenses": 126000000,
    "costAndExpenses": 2205000000,
    "interestIncome": 0,
    "interestExpense": 0,
    "depreciationAndAmortization": 39000000,
    "ebitda": 138000000,
    "ebitdaratio": 0.0598958333,
    "operatingIncome": 99000000,
    "operatingIncomeRatio": 0.04296875,
    "totalOtherIncomeExpensesNet": 45000000,
    "incomeBeforeTax": 144000000,
    "incomeBeforeTaxRatio": 0.0625,
    "incomeTaxExpense": 28000000,
    "netIncome": 133000000,
    "netIncomeRatio": 0.0577256944,
    "eps": 0.29,
    "epsdiluted": 0.28,
    "weightedAverageShsOut": 455775013,
    "weightedAverageShsOutDil": 480191531,
    "link": "https://www.sec.gov/Archives/edgar/data/1048286/000119312504173153/0001193125-04-173153-index.htm",
    "finalLink": "https://www.sec.gov/Archives/edgar/data/1048286/000119312504173153/d10q.htm"
  },
  {
    "date": "2004-06-18",
    "symbol": "MAR",
    "reportedCurrency": "USD",
    "cik": "0001048286",
    "fillingDate": "2004-07-21",
    "acceptedDate": "2004-07-21 14:09:53",
    "calendarYear": "2004",
    "period": "Q2",
    "revenue": 2402000000,
    "costOfRevenue": 2157000000,
    "grossProfit": 245000000,
    "grossProfitRatio": 0.1019983347,
    "researchAndDevelopmentExpenses": 0,
    "generalAndAdministrativeExpenses": 0,
    "sellingAndMarketingExpenses": 0,
    "sellingGeneralAndAdministrativeExpenses": 127000000,
    "otherExpenses": 0,
    "operatingExpenses": 127000000,
    "costAndExpenses": 2284000000,
    "interestIncome": 0,
    "interestExpense": 0,
    "depreciationAndAmortization": 37000000,
    "ebitda": 155000000,
    "ebitdaratio": 0.0645295587,
    "operatingIncome": 118000000,
    "operatingIncomeRatio": 0.0491257286,
    "totalOtherIncomeExpensesNet": 61000000,
    "incomeBeforeTax": 179000000,
    "incomeBeforeTaxRatio": 0.0745212323,
    "incomeTaxExpense": 33000000,
    "netIncome": 160000000,
    "netIncomeRatio": 0.0666111574,
    "eps": 0.35,
    "epsdiluted": 0.33,
    "weightedAverageShsOut": 455630215,
    "weightedAverageShsOutDil": 482832019,
    "link": "https://www.sec.gov/Archives/edgar/data/1048286/000119312504121720/0001193125-04-121720-index.htm",
    "finalLink": "https://www.sec.gov/Archives/edgar/data/1048286/000119312504121720/d10q.htm"
  },
  {
    "date": "2004-03-26",
    "symbol": "MAR",
    "reportedCurrency": "USD",
    "cik": "0001048286",
    "fillingDate": "2004-05-05",
    "acceptedDate": "2004-05-05 15:24:30",
    "calendarYear": "2004",
    "period": "Q1",
    "revenue": 2252000000,
    "costOfRevenue": 1969000000,
    "grossProfit": 283000000,
    "grossProfitRatio": 0.1256660746,
    "researchAndDevelopmentExpenses": 0,
    "generalAndAdministrativeExpenses": 0,
    "sellingAndMarketingExpenses": 0,
    "sellingGeneralAndAdministrativeExpenses": 132000000,
    "otherExpenses": 0,
    "operatingExpenses": 132000000,
    "costAndExpenses": 2101000000,
    "interestIncome": 0,
    "interestExpense": 0,
    "depreciationAndAmortization": 39000000,
    "ebitda": 190000000,
    "ebitdaratio": 0.0843694494,
    "operatingIncome": 151000000,
    "operatingIncomeRatio": 0.0670515098,
    "totalOtherIncomeExpensesNet": -19000000,
    "incomeBeforeTax": 132000000,
    "incomeBeforeTaxRatio": 0.0586145648,
    "incomeTaxExpense": 18000000,
    "netIncome": 114000000,
    "netIncomeRatio": 0.0506216696,
    "eps": 0.25,
    "epsdiluted": 0.23,
    "weightedAverageShsOut": 464474234,
    "weightedAverageShsOutDil": 491379753,
    "link": "https://www.sec.gov/Archives/edgar/data/1048286/000119312504079214/0001193125-04-079214-index.htm",
    "finalLink": "https://www.sec.gov/Archives/edgar/data/1048286/000119312504079214/d10q.htm"
  },
  {
    "date": "2004-01-02",
    "symbol": "MAR",
    "reportedCurrency": "USD",
    "cik": "0001048286",
    "fillingDate": "2004-02-23",
    "acceptedDate": "2004-02-23 16:39:42",
    "calendarYear": "2003",
    "period": "Q4",
    "revenue": 2861000000,
    "costOfRevenue": 2319000000,
    "grossProfit": 542000000,
    "grossProfitRatio": 0.1894442503,
    "researchAndDevelopmentExpenses": 0,
    "generalAndAdministrativeExpenses": 0,
    "sellingAndMarketingExpenses": 0,
    "sellingGeneralAndAdministrativeExpenses": 434000000,
    "otherExpenses": 0,
    "operatingExpenses": 434000000,
    "costAndExpenses": 2753000000,
    "interestIncome": 0,
    "interestExpense": 0,
    "depreciationAndAmortization": 55000000,
    "ebitda": 163000000,
    "ebitdaratio": 0.0569730863,
    "operatingIncome": 108000000,
    "operatingIncomeRatio": 0.0377490388,
    "totalOtherIncomeExpensesNet": 117000000,
    "incomeBeforeTax": 225000000,
    "incomeBeforeTaxRatio": 0.0786438308,
    "incomeTaxExpense": 29000000,
    "netIncome": 169000000,
    "netIncomeRatio": 0.0590702552,
    "eps": 0.34,
    "epsdiluted": 0.34,
    "weightedAverageShsOut": 497000000,
    "weightedAverageShsOutDil": 497000000,
    "link": "https://www.sec.gov/Archives/edgar/data/1048286/000119312504027964/0001193125-04-027964-index.htm",
    "finalLink": "https://www.sec.gov/Archives/edgar/data/1048286/000119312504027964/d10k.htm"
  },
  {
    "date": "2003-09-12",
    "symbol": "MAR",
    "reportedCurrency": "USD",
    "cik": "0001048286",
    "fillingDate": "2003-10-17",
    "acceptedDate": "2003-10-17 14:25:27",
    "calendarYear": "2003",
    "period": "Q3",
    "revenue": 2109000000,
    "costOfRevenue": 1806000000,
    "grossProfit": 303000000,
    "grossProfitRatio": 0.1436699858,
    "researchAndDevelopmentExpenses": 0,
    "generalAndAdministrativeExpenses": 0,
    "sellingAndMarketingExpenses": 0,
    "sellingGeneralAndAdministrativeExpenses": 213000000,
    "otherExpenses": 0,
    "operatingExpenses": 213000000,
    "costAndExpenses": 2019000000,
    "interestIncome": 0,
    "interestExpense": 0,
    "depreciationAndAmortization": 37000000,
    "ebitda": 127000000,
    "ebitdaratio": 0.0602181128,
    "operatingIncome": 90000000,
    "operatingIncomeRatio": 0.0426742532,
    "totalOtherIncomeExpensesNet": 16000000,
    "incomeBeforeTax": 106000000,
    "incomeBeforeTaxRatio": 0.0502607871,
    "incomeTaxExpense": -16000000,
    "netIncome": 92000000,
    "netIncomeRatio": 0.0436225699,
    "eps": 0.19,
    "epsdiluted": 0.18,
    "weightedAverageShsOut": 476951373,
    "weightedAverageShsOutDil": 502732528,
    "link": "https://www.sec.gov/Archives/edgar/data/1048286/000119312503063454/0001193125-03-063454-index.htm",
    "finalLink": "https://www.sec.gov/Archives/edgar/data/1048286/000119312503063454/d10q.htm"
  },
  {
    "date": "2003-06-20",
    "symbol": "MAR",
    "reportedCurrency": "USD",
    "cik": "0001048286",
    "fillingDate": "2003-07-22",
    "acceptedDate": "2003-07-22 15:10:41",
    "calendarYear": "2003",
    "period": "Q2",
    "revenue": 2016000000,
    "costOfRevenue": 1841000000,
    "grossProfit": 175000000,
    "grossProfitRatio": 0.0868055556,
    "researchAndDevelopmentExpenses": 0,
    "generalAndAdministrativeExpenses": 0,
    "sellingAndMarketingExpenses": 0,
    "sellingGeneralAndAdministrativeExpenses": 107000000,
    "otherExpenses": 0,
    "operatingExpenses": 107000000,
    "costAndExpenses": 1948000000,
    "interestIncome": 0,
    "interestExpense": 0,
    "depreciationAndAmortization": 34000000,
    "ebitda": 102000000,
    "ebitdaratio": 0.0505952381,
    "operatingIncome": 68000000,
    "operatingIncomeRatio": 0.0337301587,
    "totalOtherIncomeExpensesNet": 42000000,
    "incomeBeforeTax": 110000000,
    "incomeBeforeTaxRatio": 0.0545634921,
    "incomeTaxExpense": -16000000,
    "netIncome": 125000000,
    "netIncomeRatio": 0.0620039683,
    "eps": 0.27,
    "epsdiluted": 0.25,
    "weightedAverageShsOut": 468022935,
    "weightedAverageShsOutDil": 495553696,
    "link": "https://www.sec.gov/Archives/edgar/data/1048286/000119312503022170/0001193125-03-022170-index.htm",
    "finalLink": "https://www.sec.gov/Archives/edgar/data/1048286/000119312503022170/d10q.htm"
  },
  {
    "date": "2003-03-28",
    "symbol": "MAR",
    "reportedCurrency": "USD",
    "cik": "0001048286",
    "fillingDate": "2003-05-02",
    "acceptedDate": "2003-05-02 17:05:06",
    "calendarYear": "2003",
    "period": "Q1",
    "revenue": 2023000000,
    "costOfRevenue": 1853000000,
    "grossProfit": 170000000,
    "grossProfitRatio": 0.0840336134,
    "researchAndDevelopmentExpenses": 0,
    "generalAndAdministrativeExpenses": 0,
    "sellingAndMarketingExpenses": 0,
    "sellingGeneralAndAdministrativeExpenses": 112000000,
    "otherExpenses": 0,
    "operatingExpenses": 112000000,
    "costAndExpenses": 1965000000,
    "interestIncome": 0,
    "interestExpense": 0,
    "depreciationAndAmortization": 34000000,
    "ebitda": 92000000,
    "ebitdaratio": 0.0454770143,
    "operatingIncome": 58000000,
    "operatingIncomeRatio": 0.0286702916,
    "totalOtherIncomeExpensesNet": -11000000,
    "incomeBeforeTax": 47000000,
    "incomeBeforeTaxRatio": 0.0232328225,
    "incomeTaxExpense": -40000000,
    "netIncome": 116000000,
    "netIncomeRatio": 0.0573405833,
    "eps": 0.25,
    "epsdiluted": 0.24,
    "weightedAverageShsOut": 473173011,
    "weightedAverageShsOutDil": 492795833,
    "link": "https://www.sec.gov/Archives/edgar/data/1048286/000092838503001435/0000928385-03-001435-index.htm",
    "finalLink": "https://www.sec.gov/Archives/edgar/data/1048286/000092838503001435/d10q.htm"
  },
  {
    "date": "2003-01-03",
    "symbol": "MAR",
    "reportedCurrency": "USD",
    "cik": "0001048286",
    "fillingDate": "2003-02-14",
    "acceptedDate": "2003-02-14 09:56:59",
    "calendarYear": "2002",
    "period": "Q4",
    "revenue": 1037000000,
    "costOfRevenue": 874000000,
    "grossProfit": 163000000,
    "grossProfitRatio": 0.1571841851,
    "researchAndDevelopmentExpenses": 0,
    "generalAndAdministrativeExpenses": 0,
    "sellingAndMarketingExpenses": 0,
    "sellingGeneralAndAdministrativeExpenses": 61000000,
    "otherExpenses": 0,
    "operatingExpenses": 61000000,
    "costAndExpenses": 935000000,
    "interestIncome": 0,
    "interestExpense": 0,
    "depreciationAndAmortization": 59000000,
    "ebitda": 161000000,
    "ebitdaratio": 0.1552555448,
    "operatingIncome": 102000000,
    "operatingIncomeRatio": 0.0983606557,
    "totalOtherIncomeExpensesNet": 20000000,
    "incomeBeforeTax": 122000000,
    "incomeBeforeTaxRatio": 0.1176470588,
    "incomeTaxExpense": -3000000,
    "netIncome": -37000000,
    "netIncomeRatio": -0.0356798457,
    "eps": -0.0761,
    "epsdiluted": -0.074,
    "weightedAverageShsOut": 486163793,
    "weightedAverageShsOutDil": 500000000,
    "link": "https://www.sec.gov/Archives/edgar/data/1048286/000092838503000294/0000928385-03-000294-index.htm",
    "finalLink": "https://www.sec.gov/Archives/edgar/data/1048286/000092838503000294/d10k.htm"
  },
  {
    "date": "2002-09-06",
    "symbol": "MAR",
    "reportedCurrency": "USD",
    "cik": "0001048286",
    "fillingDate": "2002-10-10",
    "acceptedDate": "2002-10-10 17:04:06",
    "calendarYear": "2002",
    "period": "Q3",
    "revenue": 1924000000,
    "costOfRevenue": 1796000000,
    "grossProfit": 128000000,
    "grossProfitRatio": 0.0665280665,
    "researchAndDevelopmentExpenses": 0,
    "generalAndAdministrativeExpenses": 0,
    "sellingAndMarketingExpenses": 0,
    "sellingGeneralAndAdministrativeExpenses": 25000000,
    "otherExpenses": 0,
    "operatingExpenses": 25000000,
    "costAndExpenses": 1821000000,
    "interestIncome": 0,
    "interestExpense": 0,
    "depreciationAndAmortization": 42000000,
    "ebitda": 145000000,
    "ebitdaratio": 0.0753638254,
    "operatingIncome": 103000000,
    "operatingIncomeRatio": 0.0535343035,
    "totalOtherIncomeExpensesNet": 9000000,
    "incomeBeforeTax": 112000000,
    "incomeBeforeTaxRatio": 0.0582120582,
    "incomeTaxExpense": -2000000,
    "netIncome": 103000000,
    "netIncomeRatio": 0.0535343035,
    "eps": 0.21,
    "epsdiluted": 0.2,
    "weightedAverageShsOut": 487065852,
    "weightedAverageShsOutDil": 509710673,
    "link": "https://www.sec.gov/Archives/edgar/data/1048286/000092838502003283/0000928385-02-003283-index.htm",
    "finalLink": "https://www.sec.gov/Archives/edgar/data/1048286/000092838502003283/d10q.htm"
  },
  {
    "date": "2002-06-14",
    "symbol": "MAR",
    "reportedCurrency": "USD",
    "cik": "0001048286",
    "fillingDate": "2002-07-19",
    "acceptedDate": "2002-07-18 19:59:38",
    "calendarYear": "2002",
    "period": "Q2",
    "revenue": 2034000000,
    "costOfRevenue": 1885000000,
    "grossProfit": 149000000,
    "grossProfitRatio": 0.0732546706,
    "researchAndDevelopmentExpenses": 0,
    "generalAndAdministrativeExpenses": 0,
    "sellingAndMarketingExpenses": 0,
    "sellingGeneralAndAdministrativeExpenses": 23000000,
    "otherExpenses": 0,
    "operatingExpenses": 23000000,
    "costAndExpenses": 1908000000,
    "interestIncome": 0,
    "interestExpense": 0,
    "depreciationAndAmortization": 47000000,
    "ebitda": 173000000,
    "ebitdaratio": 0.0850540806,
    "operatingIncome": 126000000,
    "operatingIncomeRatio": 0.0619469027,
    "totalOtherIncomeExpensesNet": 7000000,
    "incomeBeforeTax": 133000000,
    "incomeBeforeTaxRatio": 0.0653883972,
    "incomeTaxExpense": 6000000,
    "netIncome": 129000000,
    "netIncomeRatio": 0.0634218289,
    "eps": 0.26,
    "epsdiluted": 0.25,
    "weightedAverageShsOut": 490907384,
    "weightedAverageShsOutDil": 525278988,
    "link": "https://www.sec.gov/Archives/edgar/data/1048286/000092838502002533/0000928385-02-002533-index.htm",
    "finalLink": "https://www.sec.gov/Archives/edgar/data/1048286/000092838502002533/d10q.txt"
  },
  {
    "date": "2002-03-22",
    "symbol": "MAR",
    "reportedCurrency": "USD",
    "cik": "0001048286",
    "fillingDate": "2002-04-24",
    "acceptedDate": "2002-04-24 00:00:00",
    "calendarYear": "2002",
    "period": "Q1",
    "revenue": 1808000000,
    "costOfRevenue": 1661000000,
    "grossProfit": 147000000,
    "grossProfitRatio": 0.0813053097,
    "researchAndDevelopmentExpenses": 0,
    "generalAndAdministrativeExpenses": 0,
    "sellingAndMarketingExpenses": 0,
    "sellingGeneralAndAdministrativeExpenses": 29000000,
    "otherExpenses": 0,
    "operatingExpenses": 29000000,
    "costAndExpenses": 1690000000,
    "interestIncome": 0,
    "interestExpense": 0,
    "depreciationAndAmortization": 39000000,
    "ebitda": 157000000,
    "ebitdaratio": 0.0868362832,
    "operatingIncome": 118000000,
    "operatingIncomeRatio": 0.0652654867,
    "totalOtherIncomeExpensesNet": 0,
    "incomeBeforeTax": 118000000,
    "incomeBeforeTaxRatio": 0.0652654867,
    "incomeTaxExpense": 36000000,
    "netIncome": 82000000,
    "netIncomeRatio": 0.0453539823,
    "eps": 0.16,
    "epsdiluted": 0.16,
    "weightedAverageShsOut": 516787180,
    "weightedAverageShsOutDil": 516787180,
    "link": "https://www.sec.gov/Archives/edgar/data/1048286/000092838502001613/0000928385-02-001613-index.htm",
    "finalLink": "https://www.sec.gov/Archives/edgar/data/1048286/000092838502001613/d10q.txt"
  },
  {
    "date": "2001-12-28",
    "symbol": "MAR",
    "reportedCurrency": "USD",
    "cik": "0001048286",
    "fillingDate": "2002-03-22",
    "acceptedDate": "2002-03-22 00:00:00",
    "calendarYear": "2001",
    "period": "Q4",
    "revenue": 2868000000,
    "costOfRevenue": 2815000000,
    "grossProfit": 53000000,
    "grossProfitRatio": 0.0184797768,
    "researchAndDevelopmentExpenses": 0,
    "generalAndAdministrativeExpenses": 0,
    "sellingAndMarketingExpenses": 0,
    "sellingGeneralAndAdministrativeExpenses": 115000000,
    "otherExpenses": 124000000,
    "operatingExpenses": 239000000,
    "costAndExpenses": 3054000000,
    "interestIncome": 0,
    "interestExpense": 0,
    "depreciationAndAmortization": 75000000,
    "ebitda": 13000000,
    "ebitdaratio": 0.0045327755,
    "operatingIncome": -186000000,
    "operatingIncomeRatio": -0.0648535565,
    "totalOtherIncomeExpensesNet": 1000000,
    "incomeBeforeTax": -185000000,
    "incomeBeforeTaxRatio": -0.0645048815,
    "incomeTaxExpense": -69000000,
    "netIncome": -116000000,
    "netIncomeRatio": -0.040446304,
    "eps": -0.24,
    "epsdiluted": -0.24,
    "weightedAverageShsOut": 483200000,
    "weightedAverageShsOutDil": 483200000,
    "link": "https://www.sec.gov/Archives/edgar/data/1048286/000092838502000921/0000928385-02-000921-index.htm",
    "finalLink": "https://www.sec.gov/Archives/edgar/data/1048286/000092838502000921/d10k.txt"
  },
  {
    "date": "2001-09-07",
    "symbol": "MAR",
    "reportedCurrency": "USD",
    "cik": "0001048286",
    "fillingDate": "2001-10-19",
    "acceptedDate": "2001-10-19 00:00:00",
    "calendarYear": "2001",
    "period": "Q3",
    "revenue": 2373000000,
    "costOfRevenue": 2195000000,
    "grossProfit": 178000000,
    "grossProfitRatio": 0.0750105352,
    "researchAndDevelopmentExpenses": 0,
    "generalAndAdministrativeExpenses": 0,
    "sellingAndMarketingExpenses": 0,
    "sellingGeneralAndAdministrativeExpenses": 13000000,
    "otherExpenses": 0,
    "operatingExpenses": 13000000,
    "costAndExpenses": 2208000000,
    "interestIncome": 0,
    "interestExpense": 0,
    "depreciationAndAmortization": 51000000,
    "ebitda": 216000000,
    "ebitdaratio": 0.0910240202,
    "operatingIncome": 165000000,
    "operatingIncomeRatio": 0.0695322377,
    "totalOtherIncomeExpensesNet": -3000000,
    "incomeBeforeTax": 162000000,
    "incomeBeforeTaxRatio": 0.0682680152,
    "incomeTaxExpense": 61000000,
    "netIncome": 101000000,
    "netIncomeRatio": 0.0425621576,
    "eps": 0.2,
    "epsdiluted": 0.19,
    "weightedAverageShsOut": 498067724,
    "weightedAverageShsOutDil": 523609659,
    "link": "https://www.sec.gov/Archives/edgar/data/1048286/000092838501502142/0000928385-01-502142-index.htm",
    "finalLink": "https://www.sec.gov/Archives/edgar/data/1048286/000092838501502142/d10q.txt"
  },
  {
    "date": "2001-06-15",
    "symbol": "MAR",
    "reportedCurrency": "USD",
    "cik": "0001048286",
    "fillingDate": "2001-07-27",
    "acceptedDate": "2001-07-27 00:00:00",
    "calendarYear": "2001",
    "period": "Q2",
    "revenue": 2450000000,
    "costOfRevenue": 2211000000,
    "grossProfit": 239000000,
    "grossProfitRatio": 0.0975510204,
    "researchAndDevelopmentExpenses": 0,
    "generalAndAdministrativeExpenses": 0,
    "sellingAndMarketingExpenses": 0,
    "sellingGeneralAndAdministrativeExpenses": 29000000,
    "otherExpenses": 0,
    "operatingExpenses": 29000000,
    "costAndExpenses": 2240000000,
    "interestIncome": 0,
    "interestExpense": 0,
    "depreciationAndAmortization": 50000000,
    "ebitda": 260000000,
    "ebitdaratio": 0.106122449,
    "operatingIncome": 210000000,
    "operatingIncomeRatio": 0.0857142857,
    "totalOtherIncomeExpensesNet": -7000000,
    "incomeBeforeTax": 203000000,
    "incomeBeforeTaxRatio": 0.0828571429,
    "incomeTaxExpense": 73000000,
    "netIncome": 130000000,
    "netIncomeRatio": 0.0530612245,
    "eps": 0.26,
    "epsdiluted": 0.25,
    "weightedAverageShsOut": 495927699,
    "weightedAverageShsOutDil": 525683361,
    "link": "https://www.sec.gov/Archives/edgar/data/1048286/000102140801503993/0001021408-01-503993-index.htm",
    "finalLink": "https://www.sec.gov/Archives/edgar/data/1048286/000102140801503993/d10q.txt"
  },
  {
    "date": "2001-03-23",
    "symbol": "MAR",
    "reportedCurrency": "USD",
    "cik": "0001048286",
    "fillingDate": "2001-05-04",
    "acceptedDate": "2001-05-04 00:00:00",
    "calendarYear": "2001",
    "period": "Q1",
    "revenue": 2461000000,
    "costOfRevenue": 2235000000,
    "grossProfit": 226000000,
    "grossProfitRatio": 0.0918325884,
    "researchAndDevelopmentExpenses": 0,
    "generalAndAdministrativeExpenses": 0,
    "sellingAndMarketingExpenses": 0,
    "sellingGeneralAndAdministrativeExpenses": 30000000,
    "otherExpenses": 0,
    "operatingExpenses": 30000000,
    "costAndExpenses": 2265000000,
    "interestIncome": 0,
    "interestExpense": 0,
    "depreciationAndAmortization": 46000000,
    "ebitda": 242000000,
    "ebitdaratio": 0.0983340106,
    "operatingIncome": 196000000,
    "operatingIncomeRatio": 0.0796424218,
    "totalOtherIncomeExpensesNet": -6000000,
    "incomeBeforeTax": 190000000,
    "incomeBeforeTaxRatio": 0.0772043885,
    "incomeTaxExpense": 69000000,
    "netIncome": 121000000,
    "netIncomeRatio": 0.0491670053,
    "eps": 0.25,
    "epsdiluted": 0.23,
    "weightedAverageShsOut": 517071490,
    "weightedAverageShsOutDil": 517071490,
    "link": "https://www.sec.gov/Archives/edgar/data/1048286/000092838501500676/0000928385-01-500676-index.htm",
    "finalLink": "https://www.sec.gov/Archives/edgar/data/1048286/000092838501500676/d10q.txt"
  },
  {
    "date": "2000-12-29",
    "symbol": "MAR",
    "reportedCurrency": "USD",
    "cik": "0001048286",
    "fillingDate": "2001-12-10",
    "acceptedDate": "2001-12-10 00:00:00",
    "calendarYear": "2000",
    "period": "Q4",
    "revenue": 3156000000,
    "costOfRevenue": 2829000000,
    "grossProfit": 327000000,
    "grossProfitRatio": 0.1036121673,
    "researchAndDevelopmentExpenses": 0,
    "generalAndAdministrativeExpenses": 0,
    "sellingAndMarketingExpenses": 0,
    "sellingGeneralAndAdministrativeExpenses": 40000000,
    "otherExpenses": 61000000,
    "operatingExpenses": 101000000,
    "costAndExpenses": 2930000000,
    "interestIncome": 0,
    "interestExpense": 0,
    "depreciationAndAmortization": 61000000,
    "ebitda": 287000000,
    "ebitdaratio": 0.0909378961,
    "operatingIncome": 226000000,
    "operatingIncomeRatio": 0.0716096324,
    "totalOtherIncomeExpensesNet": 8000000,
    "incomeBeforeTax": 234000000,
    "incomeBeforeTaxRatio": 0.0741444867,
    "incomeTaxExpense": 85000000,
    "netIncome": 149000000,
    "netIncomeRatio": 0.0472116603,
    "eps": 0.29,
    "epsdiluted": 0.29,
    "weightedAverageShsOut": 513000000,
    "weightedAverageShsOutDil": 513000000,
    "link": "https://www.sec.gov/Archives/edgar/data/1048286/000092838501502736/0000928385-01-502736-index.htm",
    "finalLink": "https://www.sec.gov/Archives/edgar/data/1048286/000092838501502736/d10k405a.txt"
  },
  {
    "date": "2000-09-08",
    "symbol": "MAR",
    "reportedCurrency": "USD",
    "cik": "0001048286",
    "fillingDate": "2000-10-20",
    "acceptedDate": "2000-10-20 00:00:00",
    "calendarYear": "2000",
    "period": "Q3",
    "revenue": 2303000000,
    "costOfRevenue": 2040000000,
    "grossProfit": 263000000,
    "grossProfitRatio": 0.114198871,
    "researchAndDevelopmentExpenses": 0,
    "generalAndAdministrativeExpenses": 0,
    "sellingAndMarketingExpenses": 0,
    "sellingGeneralAndAdministrativeExpenses": 29000000,
    "otherExpenses": 47000000,
    "operatingExpenses": 76000000,
    "costAndExpenses": 2116000000,
    "interestIncome": 0,
    "interestExpense": 0,
    "depreciationAndAmortization": 47000000,
    "ebitda": 234000000,
    "ebitdaratio": 0.1016066001,
    "operatingIncome": 187000000,
    "operatingIncomeRatio": 0.0811984368,
    "totalOtherIncomeExpensesNet": -13000000,
    "incomeBeforeTax": 174000000,
    "incomeBeforeTaxRatio": 0.0755536257,
    "incomeTaxExpense": 64000000,
    "netIncome": 110000000,
    "netIncomeRatio": 0.0477637864,
    "eps": 0.23,
    "epsdiluted": 0.21,
    "weightedAverageShsOut": 483488041,
    "weightedAverageShsOutDil": 517219764,
    "link": "https://www.sec.gov/Archives/edgar/data/1048286/000092838500002835/0000928385-00-002835-index.htm",
    "finalLink": "https://www.sec.gov/Archives/edgar/data/1048286/000092838500002835/0000928385-00-002835-0001.txt"
  },
  {
    "date": "2000-06-16",
    "symbol": "MAR",
    "reportedCurrency": "USD",
    "cik": "0001048286",
    "fillingDate": "2000-07-28",
    "acceptedDate": "2000-07-28 00:00:00",
    "calendarYear": "2000",
    "period": "Q2",
    "revenue": 2391000000,
    "costOfRevenue": 2098000000,
    "grossProfit": 293000000,
    "grossProfitRatio": 0.1225428691,
    "researchAndDevelopmentExpenses": 0,
    "generalAndAdministrativeExpenses": 0,
    "sellingAndMarketingExpenses": 0,
    "sellingGeneralAndAdministrativeExpenses": 25000000,
    "otherExpenses": 46000000,
    "operatingExpenses": 71000000,
    "costAndExpenses": 2169000000,
    "interestIncome": 0,
    "interestExpense": 0,
    "depreciationAndAmortization": 46000000,
    "ebitda": 268000000,
    "ebitdaratio": 0.1120869929,
    "operatingIncome": 222000000,
    "operatingIncomeRatio": 0.0928481807,
    "totalOtherIncomeExpensesNet": -22000000,
    "incomeBeforeTax": 200000000,
    "incomeBeforeTaxRatio": 0.0836470096,
    "incomeTaxExpense": 74000000,
    "netIncome": 126000000,
    "netIncomeRatio": 0.0526976161,
    "eps": 0.26,
    "epsdiluted": 0.25,
    "weightedAverageShsOut": 480668385,
    "weightedAverageShsOutDil": 509508488,
    "link": "https://www.sec.gov/Archives/edgar/data/1048286/000092838500002039/0000928385-00-002039-index.htm",
    "finalLink": "https://www.sec.gov/Archives/edgar/data/1048286/000092838500002039/0000928385-00-002039-0001.txt"
  },
  {
    "date": "2000-03-24",
    "symbol": "MAR",
    "reportedCurrency": "USD",
    "cik": "0001048286",
    "fillingDate": "2000-05-05",
    "acceptedDate": "2000-05-05 00:00:00",
    "calendarYear": "2000",
    "period": "Q1",
    "revenue": 2167000000,
    "costOfRevenue": 1933000000,
    "grossProfit": 234000000,
    "grossProfitRatio": 0.1079833872,
    "researchAndDevelopmentExpenses": 0,
    "generalAndAdministrativeExpenses": 0,
    "sellingAndMarketingExpenses": 0,
    "sellingGeneralAndAdministrativeExpenses": 26000000,
    "otherExpenses": 41000000,
    "operatingExpenses": 67000000,
    "costAndExpenses": 2000000000,
    "interestIncome": 0,
    "interestExpense": 0,
    "depreciationAndAmortization": 41000000,
    "ebitda": 208000000,
    "ebitdaratio": 0.095985233,
    "operatingIncome": 167000000,
    "operatingIncomeRatio": 0.0770650669,
    "totalOtherIncomeExpensesNet": -18000000,
    "incomeBeforeTax": 149000000,
    "incomeBeforeTaxRatio": 0.0687586525,
    "incomeTaxExpense": 55000000,
    "netIncome": 94000000,
    "netIncomeRatio": 0.0433779419,
    "eps": 0.19,
    "epsdiluted": 0.18,
    "weightedAverageShsOut": 517071490,
    "weightedAverageShsOutDil": 517071490,
    "link": "https://www.sec.gov/Archives/edgar/data/1048286/000092838500001441/0000928385-00-001441-index.html",
    "finalLink": "https://www.sec.gov/Archives/edgar/data/1048286/000092838500001441/"
  },
  {
    "date": "1999-12-31",
    "symbol": "MAR",
    "reportedCurrency": "USD",
    "cik": "0001048286",
    "fillingDate": "2000-03-10",
    "acceptedDate": "2000-03-10 00:00:00",
    "calendarYear": "1999",
    "period": "Q4",
    "revenue": 2807000000,
    "costOfRevenue": 2515000000,
    "grossProfit": 292000000,
    "grossProfitRatio": 0.1040256502,
    "researchAndDevelopmentExpenses": 0,
    "generalAndAdministrativeExpenses": 0,
    "sellingAndMarketingExpenses": 0,
    "sellingGeneralAndAdministrativeExpenses": 77000000,
    "otherExpenses": 59000000,
    "operatingExpenses": 136000000,
    "costAndExpenses": 2651000000,
    "interestIncome": 0,
    "interestExpense": 0,
    "depreciationAndAmortization": 59000000,
    "ebitda": 215000000,
    "ebitdaratio": 0.0765942287,
    "operatingIncome": 156000000,
    "operatingIncomeRatio": 0.0555753473,
    "totalOtherIncomeExpensesNet": -15000000,
    "incomeBeforeTax": 141000000,
    "incomeBeforeTaxRatio": 0.0502315639,
    "incomeTaxExpense": 51000000,
    "netIncome": 90000000,
    "netIncomeRatio": 0.0320627004,
    "eps": 0.17,
    "epsdiluted": 0.17,
    "weightedAverageShsOut": 501421052,
    "weightedAverageShsOutDil": 516200000,
    "link": "https://www.sec.gov/Archives/edgar/data/1048286/000092838500000655/0000928385-00-000655-index.html",
    "finalLink": "https://www.sec.gov/Archives/edgar/data/1048286/000092838500000655/"
  },
  {
    "date": "1999-09-10",
    "symbol": "MAR",
    "reportedCurrency": "USD",
    "cik": "0001048286",
    "fillingDate": "1999-10-25",
    "acceptedDate": "1999-10-25 00:00:00",
    "calendarYear": "1999",
    "period": "Q3",
    "revenue": 1995000000,
    "costOfRevenue": 1773000000,
    "grossProfit": 222000000,
    "grossProfitRatio": 0.1112781955,
    "researchAndDevelopmentExpenses": 0,
    "generalAndAdministrativeExpenses": 0,
    "sellingAndMarketingExpenses": 0,
    "sellingGeneralAndAdministrativeExpenses": 30000000,
    "otherExpenses": 34000000,
    "operatingExpenses": 64000000,
    "costAndExpenses": 1837000000,
    "interestIncome": 0,
    "interestExpense": 0,
    "depreciationAndAmortization": 34000000,
    "ebitda": 192000000,
    "ebitdaratio": 0.0962406015,
    "operatingIncome": 158000000,
    "operatingIncomeRatio": 0.079197995,
    "totalOtherIncomeExpensesNet": -5000000,
    "incomeBeforeTax": 153000000,
    "incomeBeforeTaxRatio": 0.0766917293,
    "incomeTaxExpense": 57000000,
    "netIncome": 96000000,
    "netIncomeRatio": 0.0481203008,
    "eps": 0.19,
    "epsdiluted": 0.18,
    "weightedAverageShsOut": 497688389,
    "weightedAverageShsOutDil": 539162421,
    "link": "https://www.sec.gov/Archives/edgar/data/1048286/000092838599003114/0000928385-99-003114-index.html",
    "finalLink": "https://www.sec.gov/Archives/edgar/data/1048286/000092838599003114/"
  },
  {
    "date": "1999-06-18",
    "symbol": "MAR",
    "reportedCurrency": "USD",
    "cik": "0001048286",
    "fillingDate": "1999-07-29",
    "acceptedDate": "1999-07-29 00:00:00",
    "calendarYear": "1999",
    "period": "Q2",
    "revenue": 2042000000,
    "costOfRevenue": 1790000000,
    "grossProfit": 252000000,
    "grossProfitRatio": 0.1234084231,
    "researchAndDevelopmentExpenses": 0,
    "generalAndAdministrativeExpenses": 0,
    "sellingAndMarketingExpenses": 0,
    "sellingGeneralAndAdministrativeExpenses": 28000000,
    "otherExpenses": 36000000,
    "operatingExpenses": 64000000,
    "costAndExpenses": 1854000000,
    "interestIncome": 0,
    "interestExpense": 0,
    "depreciationAndAmortization": 36000000,
    "ebitda": 224000000,
    "ebitdaratio": 0.1096963761,
    "operatingIncome": 188000000,
    "operatingIncomeRatio": 0.0920666014,
    "totalOtherIncomeExpensesNet": -5000000,
    "incomeBeforeTax": 183000000,
    "incomeBeforeTaxRatio": 0.0896180215,
    "incomeTaxExpense": 69000000,
    "netIncome": 114000000,
    "netIncomeRatio": 0.05582762,
    "eps": 0.23,
    "epsdiluted": 0.21,
    "weightedAverageShsOut": 501069424,
    "weightedAverageShsOutDil": 548790321,
    "link": "https://www.sec.gov/Archives/edgar/data/1048286/000092838599002399/0000928385-99-002399-index.html",
    "finalLink": "https://www.sec.gov/Archives/edgar/data/1048286/000092838599002399/"
  },
  {
    "date": "1999-03-26",
    "symbol": "MAR",
    "reportedCurrency": "USD",
    "cik": "0001048286",
    "fillingDate": "1999-05-06",
    "acceptedDate": "1999-05-06 00:00:00",
    "calendarYear": "1999",
    "period": "Q1",
    "revenue": 1895000000,
    "costOfRevenue": 1669000000,
    "grossProfit": 226000000,
    "grossProfitRatio": 0.1192612137,
    "researchAndDevelopmentExpenses": 0,
    "generalAndAdministrativeExpenses": 0,
    "sellingAndMarketingExpenses": 0,
    "sellingGeneralAndAdministrativeExpenses": 29000000,
    "otherExpenses": 33000000,
    "operatingExpenses": 62000000,
    "costAndExpenses": 1731000000,
    "interestIncome": 0,
    "interestExpense": 0,
    "depreciationAndAmortization": 33000000,
    "ebitda": 197000000,
    "ebitdaratio": 0.1039577836,
    "operatingIncome": 164000000,
    "operatingIncomeRatio": 0.0865435356,
    "totalOtherIncomeExpensesNet": -4000000,
    "incomeBeforeTax": 160000000,
    "incomeBeforeTaxRatio": 0.0844327177,
    "incomeTaxExpense": 60000000,
    "netIncome": 100000000,
    "netIncomeRatio": 0.0527704485,
    "eps": 0.2,
    "epsdiluted": 0.19,
    "weightedAverageShsOut": 493136361,
    "weightedAverageShsOutDil": 532068179,
    "link": "https://www.sec.gov/Archives/edgar/data/1048286/000092838599001625/0000928385-99-001625-index.html",
    "finalLink": "https://www.sec.gov/Archives/edgar/data/1048286/"
  },
  {
    "date": "1999-01-01",
    "symbol": "MAR",
    "reportedCurrency": "USD",
    "cik": "0001048286",
    "fillingDate": "1999-03-16",
    "acceptedDate": "1999-03-16 00:00:00",
    "calendarYear": "1998",
    "period": "Q4",
    "revenue": 974000000,
    "costOfRevenue": 704000000,
    "grossProfit": 270000000,
    "grossProfitRatio": 0.2772073922,
    "researchAndDevelopmentExpenses": 0,
    "generalAndAdministrativeExpenses": 0,
    "sellingAndMarketingExpenses": 0,
    "sellingGeneralAndAdministrativeExpenses": 36000000,
    "otherExpenses": 47000000,
    "operatingExpenses": 83000000,
    "costAndExpenses": 787000000,
    "interestIncome": 0,
    "interestExpense": 0,
    "depreciationAndAmortization": 47000000,
    "ebitda": 234000000,
    "ebitdaratio": 0.2402464066,
    "operatingIncome": 187000000,
    "operatingIncomeRatio": 0.1919917864,
    "totalOtherIncomeExpensesNet": -4000000,
    "incomeBeforeTax": 183000000,
    "incomeBeforeTaxRatio": 0.1878850103,
    "incomeTaxExpense": 69000000,
    "netIncome": 114000000,
    "netIncomeRatio": 0.1170431211,
    "eps": 0.21,
    "epsdiluted": 0.21,
    "weightedAverageShsOut": 531800000,
    "weightedAverageShsOutDil": 531800000,
    "link": "https://www.sec.gov/Archives/edgar/data/1048286/000092838599000780/0000928385-99-000780-index.html",
    "finalLink": "https://www.sec.gov/Archives/edgar/data/1048286/"
  },
  {
    "date": "1998-09-11",
    "symbol": "MAR",
    "reportedCurrency": "USD",
    "cik": "0001048286",
    "fillingDate": "1998-10-23",
    "acceptedDate": "1998-10-23 00:00:00",
    "calendarYear": "1998",
    "period": "Q3",
    "revenue": 1804000000,
    "costOfRevenue": 1609000000,
    "grossProfit": 195000000,
    "grossProfitRatio": 0.1080931264,
    "researchAndDevelopmentExpenses": 0,
    "generalAndAdministrativeExpenses": 0,
    "sellingAndMarketingExpenses": 0,
    "sellingGeneralAndAdministrativeExpenses": 25000000,
    "otherExpenses": 31000000,
    "operatingExpenses": 56000000,
    "costAndExpenses": 1665000000,
    "interestIncome": 0,
    "interestExpense": 0,
    "depreciationAndAmortization": 31000000,
    "ebitda": 170000000,
    "ebitdaratio": 0.0942350333,
    "operatingIncome": 139000000,
    "operatingIncomeRatio": 0.0770509978,
    "totalOtherIncomeExpensesNet": 1000000,
    "incomeBeforeTax": 140000000,
    "incomeBeforeTaxRatio": 0.0776053215,
    "incomeTaxExpense": 54000000,
    "netIncome": 86000000,
    "netIncomeRatio": 0.0476718404,
    "eps": 0.17,
    "epsdiluted": 0.16,
    "weightedAverageShsOut": 511411414,
    "weightedAverageShsOutDil": 543374628,
    "link": "https://www.sec.gov/Archives/edgar/data/1048286/000092838598002136/0000928385-98-002136-index.html",
    "finalLink": "https://www.sec.gov/Archives/edgar/data/1048286/"
  },
  {
    "date": "1998-06-19",
    "symbol": "MAR",
    "reportedCurrency": "USD",
    "cik": "0001048286",
    "fillingDate": "1998-07-31",
    "acceptedDate": "1998-07-31 00:00:00",
    "calendarYear": "1998",
    "period": "Q2",
    "revenue": 1927000000,
    "costOfRevenue": 1709000000,
    "grossProfit": 218000000,
    "grossProfitRatio": 0.1131292164,
    "researchAndDevelopmentExpenses": 0,
    "generalAndAdministrativeExpenses": 0,
    "sellingAndMarketingExpenses": 0,
    "sellingGeneralAndAdministrativeExpenses": 24000000,
    "otherExpenses": 32000000,
    "operatingExpenses": 56000000,
    "costAndExpenses": 1765000000,
    "interestIncome": 0,
    "interestExpense": 0,
    "depreciationAndAmortization": 32000000,
    "ebitda": 194000000,
    "ebitdaratio": 0.1006746238,
    "operatingIncome": 162000000,
    "operatingIncomeRatio": 0.0840685003,
    "totalOtherIncomeExpensesNet": 2000000,
    "incomeBeforeTax": 164000000,
    "incomeBeforeTaxRatio": 0.085106383,
    "incomeTaxExpense": 63000000,
    "netIncome": 101000000,
    "netIncomeRatio": 0.0524130773,
    "eps": 0.2,
    "epsdiluted": 0.18,
    "weightedAverageShsOut": 510519417,
    "weightedAverageShsOutDil": 551912884,
    "link": "https://www.sec.gov/Archives/edgar/data/1048286/000092838598001526/0000928385-98-001526-index.html",
    "finalLink": "https://www.sec.gov/Archives/edgar/data/1048286/"
  },
  {
    "date": "1998-03-27",
    "symbol": "MAR",
    "reportedCurrency": "USD",
    "cik": "0001048286",
    "fillingDate": "1998-05-08",
    "acceptedDate": "1998-05-08 00:00:00",
    "calendarYear": "1998",
    "period": "Q1",
    "revenue": 1715000000,
    "costOfRevenue": 1522000000,
    "grossProfit": 193000000,
    "grossProfitRatio": 0.1125364431,
    "researchAndDevelopmentExpenses": 0,
    "generalAndAdministrativeExpenses": 0,
    "sellingAndMarketingExpenses": 0,
    "sellingGeneralAndAdministrativeExpenses": 25000000,
    "otherExpenses": 30000000,
    "operatingExpenses": 55000000,
    "costAndExpenses": 1577000000,
    "interestIncome": 0,
    "interestExpense": 0,
    "depreciationAndAmortization": 30000000,
    "ebitda": 168000000,
    "ebitdaratio": 0.0979591837,
    "operatingIncome": 138000000,
    "operatingIncomeRatio": 0.0804664723,
    "totalOtherIncomeExpensesNet": 7000000,
    "incomeBeforeTax": 145000000,
    "incomeBeforeTaxRatio": 0.084548105,
    "incomeTaxExpense": 56000000,
    "netIncome": 89000000,
    "netIncomeRatio": 0.0518950437,
    "eps": 0.17,
    "epsdiluted": 0.16,
    "weightedAverageShsOut": 514129880,
    "weightedAverageShsOutDil": 545289267,
    "link": "https://www.sec.gov/Archives/edgar/data/1048286/000092838598000968/0000928385-98-000968-index.html",
    "finalLink": "https://www.sec.gov/Archives/edgar/data/1048286/"
  }
]