[
  {
    "date": "2025-06-30",
    "symbol": "MAS",
    "reportedCurrency": "USD",
    "cik": "0000062996",
    "fillingDate": "2025-07-31",
    "acceptedDate": "2025-07-31 07:05:14",
    "calendarYear": "2025",
    "period": "Q2",
    "revenue": 2051000000,
    "costOfRevenue": 1278000000,
    "grossProfit": 773000000,
    "grossProfitRatio": 0.3768893223,
    "researchAndDevelopmentExpenses": 0,
    "generalAndAdministrativeExpenses": 361000000,
    "sellingAndMarketingExpenses": 0,
    "sellingGeneralAndAdministrativeExpenses": 361000000,
    "otherExpenses": 0,
    "operatingExpenses": 361000000,
    "costAndExpenses": 1639000000,
    "interestIncome": 0,
    "interestExpense": 26000000,
    "depreciationAndAmortization": 0,
    "ebitda": 404000000,
    "ebitdaratio": 0.1969770843,
    "operatingIncome": 412000000,
    "operatingIncomeRatio": 0.2008776207,
    "totalOtherIncomeExpensesNet": -34000000,
    "incomeBeforeTax": 378000000,
    "incomeBeforeTaxRatio": 0.1843003413,
    "incomeTaxExpense": 95000000,
    "netIncome": 270000000,
    "netIncomeRatio": 0.1316431009,
    "eps": 1.2857,
    "epsdiluted": 1.2796,
    "weightedAverageShsOut": 210000000,
    "weightedAverageShsOutDil": 211000000,
    "link": "https://www.sec.gov/Archives/edgar/data/62996/000006299625000029/0000062996-25-000029-index.htm",
    "finalLink": "https://www.sec.gov/Archives/edgar/data/62996/000006299625000029/mas-20250630.htm"
  },
  {
    "date": "2025-03-31",
    "symbol": "MAS",
    "reportedCurrency": "USD",
    "cik": "0000062996",
    "fillingDate": "2025-04-23",
    "acceptedDate": "2025-04-23 07:03:42",
    "calendarYear": "2025",
    "period": "Q1",
    "revenue": 1801000000,
    "costOfRevenue": 1157000000,
    "grossProfit": 644000000,
    "grossProfitRatio": 0.3575791227,
    "researchAndDevelopmentExpenses": 0,
    "generalAndAdministrativeExpenses": 0,
    "sellingAndMarketingExpenses": 0,
    "sellingGeneralAndAdministrativeExpenses": 358000000,
    "otherExpenses": 0,
    "operatingExpenses": 358000000,
    "costAndExpenses": 1515000000,
    "interestIncome": 0,
    "interestExpense": 26000000,
    "depreciationAndAmortization": 0,
    "ebitda": 280000000,
    "ebitdaratio": 0.1554691838,
    "operatingIncome": 286000000,
    "operatingIncomeRatio": 0.1588006663,
    "totalOtherIncomeExpensesNet": -32000000,
    "incomeBeforeTax": 254000000,
    "incomeBeforeTaxRatio": 0.1410327596,
    "incomeTaxExpense": 56000000,
    "netIncome": 186000000,
    "netIncomeRatio": 0.1032759578,
    "eps": 0.88,
    "epsdiluted": 0.87,
    "weightedAverageShsOut": 212000000,
    "weightedAverageShsOutDil": 213000000,
    "link": "https://www.sec.gov/Archives/edgar/data/62996/000006299625000010/0000062996-25-000010-index.htm",
    "finalLink": "https://www.sec.gov/Archives/edgar/data/62996/000006299625000010/mas-20250331.htm"
  },
  {
    "date": "2024-12-31",
    "symbol": "MAS",
    "reportedCurrency": "USD",
    "cik": "0000062996",
    "fillingDate": "2025-02-11",
    "acceptedDate": "2025-02-11 07:04:45",
    "calendarYear": "2024",
    "period": "Q4",
    "revenue": 1828000000,
    "costOfRevenue": 1192000000,
    "grossProfit": 636000000,
    "grossProfitRatio": 0.3479212254,
    "researchAndDevelopmentExpenses": 0,
    "generalAndAdministrativeExpenses": 0,
    "sellingAndMarketingExpenses": 0,
    "sellingGeneralAndAdministrativeExpenses": 345000000,
    "otherExpenses": 1000000,
    "operatingExpenses": 346000000,
    "costAndExpenses": 1538000000,
    "interestIncome": 0,
    "interestExpense": 24000000,
    "depreciationAndAmortization": 0,
    "ebitda": 282000000,
    "ebitdaratio": 0.1542669584,
    "operatingIncome": 290000000,
    "operatingIncomeRatio": 0.158643326,
    "totalOtherIncomeExpensesNet": -32000000,
    "incomeBeforeTax": 258000000,
    "incomeBeforeTaxRatio": 0.1411378556,
    "incomeTaxExpense": 65000000,
    "netIncome": 182000000,
    "netIncomeRatio": 0.0995623632,
    "eps": 0.86,
    "epsdiluted": 0.85,
    "weightedAverageShsOut": 212500000,
    "weightedAverageShsOutDil": 215000000,
    "link": "https://www.sec.gov/Archives/edgar/data/62996/000006299625000004/0000062996-25-000004-index.htm",
    "finalLink": "https://www.sec.gov/Archives/edgar/data/62996/000006299625000004/mas-20241231.htm"
  },
  {
    "date": "2024-09-30",
    "symbol": "MAS",
    "reportedCurrency": "USD",
    "cik": "0000062996",
    "fillingDate": "2024-10-29",
    "acceptedDate": "2024-10-29 07:04:08",
    "calendarYear": "2024",
    "period": "Q3",
    "revenue": 1983000000,
    "costOfRevenue": 1258000000,
    "grossProfit": 725000000,
    "grossProfitRatio": 0.3656076652,
    "researchAndDevelopmentExpenses": 0,
    "generalAndAdministrativeExpenses": 0,
    "sellingAndMarketingExpenses": 0,
    "sellingGeneralAndAdministrativeExpenses": 368000000,
    "otherExpenses": 0,
    "operatingExpenses": 368000000,
    "costAndExpenses": 1626000000,
    "interestIncome": 0,
    "interestExpense": 25000000,
    "depreciationAndAmortization": 0,
    "ebitda": 273000000,
    "ebitdaratio": 0.1376701967,
    "operatingIncome": 357000000,
    "operatingIncomeRatio": 0.1800302572,
    "totalOtherIncomeExpensesNet": -109000000,
    "incomeBeforeTax": 248000000,
    "incomeBeforeTaxRatio": 0.1250630358,
    "incomeTaxExpense": 68000000,
    "netIncome": 167000000,
    "netIncomeRatio": 0.0842158346,
    "eps": 0.77,
    "epsdiluted": 0.77,
    "weightedAverageShsOut": 215749000,
    "weightedAverageShsOutDil": 218000000,
    "link": "https://www.sec.gov/Archives/edgar/data/62996/000006299624000033/0000062996-24-000033-index.htm",
    "finalLink": "https://www.sec.gov/Archives/edgar/data/62996/000006299624000033/mas-20240930.htm"
  },
  {
    "date": "2024-06-30",
    "symbol": "MAS",
    "reportedCurrency": "USD",
    "cik": "0000062996",
    "fillingDate": "2024-07-25",
    "acceptedDate": "2024-07-25 07:06:26",
    "calendarYear": "2024",
    "period": "Q2",
    "revenue": 2091000000,
    "costOfRevenue": 1306000000,
    "grossProfit": 785000000,
    "grossProfitRatio": 0.3754184601,
    "researchAndDevelopmentExpenses": 0,
    "generalAndAdministrativeExpenses": 388000000,
    "sellingAndMarketingExpenses": 0,
    "sellingGeneralAndAdministrativeExpenses": 388000000,
    "otherExpenses": 0,
    "operatingExpenses": 388000000,
    "costAndExpenses": 1694000000,
    "interestIncome": 0,
    "interestExpense": 26000000,
    "depreciationAndAmortization": 0,
    "ebitda": 392000000,
    "ebitdaratio": 0.18747011,
    "operatingIncome": 397000000,
    "operatingIncomeRatio": 0.1898613104,
    "totalOtherIncomeExpensesNet": -31000000,
    "incomeBeforeTax": 366000000,
    "incomeBeforeTaxRatio": 0.175035868,
    "incomeTaxExpense": 94000000,
    "netIncome": 258000000,
    "netIncomeRatio": 0.1233859397,
    "eps": 1.18,
    "epsdiluted": 1.17,
    "weightedAverageShsOut": 219000000,
    "weightedAverageShsOutDil": 220000000,
    "link": "https://www.sec.gov/Archives/edgar/data/62996/000006299624000027/0000062996-24-000027-index.htm",
    "finalLink": "https://www.sec.gov/Archives/edgar/data/62996/000006299624000027/mas-20240630.htm"
  },
  {
    "date": "2024-03-31",
    "symbol": "MAS",
    "reportedCurrency": "USD",
    "cik": "0000062996",
    "fillingDate": "2024-04-24",
    "acceptedDate": "2024-04-24 07:04:40",
    "calendarYear": "2024",
    "period": "Q1",
    "revenue": 1926000000,
    "costOfRevenue": 1241000000,
    "grossProfit": 685000000,
    "grossProfitRatio": 0.3556593977,
    "researchAndDevelopmentExpenses": 0,
    "generalAndAdministrativeExpenses": 0,
    "sellingAndMarketingExpenses": 0,
    "sellingGeneralAndAdministrativeExpenses": 367000000,
    "otherExpenses": 0,
    "operatingExpenses": 367000000,
    "costAndExpenses": 1608000000,
    "interestIncome": 0,
    "interestExpense": 25000000,
    "depreciationAndAmortization": 0,
    "ebitda": 314000000,
    "ebitdaratio": 0.1630321911,
    "operatingIncome": 318000000,
    "operatingIncomeRatio": 0.1651090343,
    "totalOtherIncomeExpensesNet": -29000000,
    "incomeBeforeTax": 289000000,
    "incomeBeforeTaxRatio": 0.1500519211,
    "incomeTaxExpense": 60000000,
    "netIncome": 215000000,
    "netIncomeRatio": 0.1116303219,
    "eps": 0.97,
    "epsdiluted": 0.97,
    "weightedAverageShsOut": 221000000,
    "weightedAverageShsOutDil": 222000000,
    "link": "https://www.sec.gov/Archives/edgar/data/62996/000006299624000012/0000062996-24-000012-index.htm",
    "finalLink": "https://www.sec.gov/Archives/edgar/data/62996/000006299624000012/mas-20240331.htm"
  },
  {
    "date": "2023-12-31",
    "symbol": "MAS",
    "reportedCurrency": "USD",
    "cik": "0000062996",
    "fillingDate": "2024-02-08",
    "acceptedDate": "2024-02-08 07:20:49",
    "calendarYear": "2023",
    "period": "Q4",
    "revenue": 1882000000,
    "costOfRevenue": 1228000000,
    "grossProfit": 654000000,
    "grossProfitRatio": 0.3475026567,
    "researchAndDevelopmentExpenses": 0,
    "generalAndAdministrativeExpenses": 391000000,
    "sellingAndMarketingExpenses": 0,
    "sellingGeneralAndAdministrativeExpenses": 391000000,
    "otherExpenses": 16000000,
    "operatingExpenses": 407000000,
    "costAndExpenses": 1635000000,
    "interestIncome": 4000000,
    "interestExpense": 24000000,
    "depreciationAndAmortization": 0,
    "ebitda": 257000000,
    "ebitdaratio": 0.1365568544,
    "operatingIncome": 247000000,
    "operatingIncomeRatio": 0.1312433581,
    "totalOtherIncomeExpensesNet": -14000000,
    "incomeBeforeTax": 233000000,
    "incomeBeforeTaxRatio": 0.1238044633,
    "incomeTaxExpense": 32000000,
    "netIncome": 191000000,
    "netIncomeRatio": 0.101487779,
    "eps": 0.87,
    "epsdiluted": 0.85,
    "weightedAverageShsOut": 220600000,
    "weightedAverageShsOutDil": 224000000,
    "link": "https://www.sec.gov/Archives/edgar/data/62996/000006299624000006/0000062996-24-000006-index.htm",
    "finalLink": "https://www.sec.gov/Archives/edgar/data/62996/000006299624000006/mas-20231231.htm"
  },
  {
    "date": "2023-09-30",
    "symbol": "MAS",
    "reportedCurrency": "USD",
    "cik": "0000062996",
    "fillingDate": "2023-10-26",
    "acceptedDate": "2023-10-26 16:20:05",
    "calendarYear": "2023",
    "period": "Q3",
    "revenue": 1979000000,
    "costOfRevenue": 1235000000,
    "grossProfit": 744000000,
    "grossProfitRatio": 0.3759474482,
    "researchAndDevelopmentExpenses": 0,
    "generalAndAdministrativeExpenses": 364000000,
    "sellingAndMarketingExpenses": -3000000,
    "sellingGeneralAndAdministrativeExpenses": 361000000,
    "otherExpenses": 0,
    "operatingExpenses": 361000000,
    "costAndExpenses": 1596000000,
    "interestIncome": 3000000,
    "interestExpense": 26000000,
    "depreciationAndAmortization": 0,
    "ebitda": 372000000,
    "ebitdaratio": 0.1879737241,
    "operatingIncome": 383000000,
    "operatingIncomeRatio": 0.1935320869,
    "totalOtherIncomeExpensesNet": -37000000,
    "incomeBeforeTax": 346000000,
    "incomeBeforeTaxRatio": 0.1748357756,
    "incomeTaxExpense": 86000000,
    "netIncome": 249000000,
    "netIncomeRatio": 0.1258211218,
    "eps": 1.11,
    "epsdiluted": 1.1,
    "weightedAverageShsOut": 225000000,
    "weightedAverageShsOutDil": 226000000,
    "link": "https://www.sec.gov/Archives/edgar/data/62996/000006299623000042/0000062996-23-000042-index.htm",
    "finalLink": "https://www.sec.gov/Archives/edgar/data/62996/000006299623000042/mas-20230930.htm"
  },
  {
    "date": "2023-06-30",
    "symbol": "MAS",
    "reportedCurrency": "USD",
    "cik": "0000062996",
    "fillingDate": "2023-07-27",
    "acceptedDate": "2023-07-27 16:04:56",
    "calendarYear": "2023",
    "period": "Q2",
    "revenue": 2127000000,
    "costOfRevenue": 1358000000,
    "grossProfit": 769000000,
    "grossProfitRatio": 0.361542078,
    "researchAndDevelopmentExpenses": 0,
    "generalAndAdministrativeExpenses": 366000000,
    "sellingAndMarketingExpenses": 0,
    "sellingGeneralAndAdministrativeExpenses": 366000000,
    "otherExpenses": 0,
    "operatingExpenses": 366000000,
    "costAndExpenses": 1724000000,
    "interestIncome": 1000000,
    "interestExpense": 28000000,
    "depreciationAndAmortization": 0,
    "ebitda": 402000000,
    "ebitdaratio": 0.1889985896,
    "operatingIncome": 403000000,
    "operatingIncomeRatio": 0.1894687353,
    "totalOtherIncomeExpensesNet": -29000000,
    "incomeBeforeTax": 374000000,
    "incomeBeforeTaxRatio": 0.1758345087,
    "incomeTaxExpense": 96000000,
    "netIncome": 263000000,
    "netIncomeRatio": 0.123648331,
    "eps": 1.17,
    "epsdiluted": 1.16,
    "weightedAverageShsOut": 225000000,
    "weightedAverageShsOutDil": 226000000,
    "link": "https://www.sec.gov/Archives/edgar/data/62996/000006299623000033/0000062996-23-000033-index.htm",
    "finalLink": "https://www.sec.gov/Archives/edgar/data/62996/000006299623000033/mas-20230630.htm"
  },
  {
    "date": "2023-03-31",
    "symbol": "MAS",
    "reportedCurrency": "USD",
    "cik": "0000062996",
    "fillingDate": "2023-04-26",
    "acceptedDate": "2023-04-26 16:01:29",
    "calendarYear": "2023",
    "period": "Q1",
    "revenue": 1979000000,
    "costOfRevenue": 1310000000,
    "grossProfit": 669000000,
    "grossProfitRatio": 0.33804952,
    "researchAndDevelopmentExpenses": 0,
    "generalAndAdministrativeExpenses": 357000000,
    "sellingAndMarketingExpenses": -3000000,
    "sellingGeneralAndAdministrativeExpenses": 354000000,
    "otherExpenses": 0,
    "operatingExpenses": 354000000,
    "costAndExpenses": 1664000000,
    "interestIncome": 1000000,
    "interestExpense": 28000000,
    "depreciationAndAmortization": 0,
    "ebitda": 313000000,
    "ebitdaratio": 0.1581606872,
    "operatingIncome": 315000000,
    "operatingIncomeRatio": 0.1591712986,
    "totalOtherIncomeExpensesNet": -30000000,
    "incomeBeforeTax": 285000000,
    "incomeBeforeTaxRatio": 0.1440121273,
    "incomeTaxExpense": 64000000,
    "netIncome": 205000000,
    "netIncomeRatio": 0.1035876705,
    "eps": 0.91,
    "epsdiluted": 0.9,
    "weightedAverageShsOut": 226000000,
    "weightedAverageShsOutDil": 227000000,
    "link": "https://www.sec.gov/Archives/edgar/data/62996/000006299623000014/0000062996-23-000014-index.htm",
    "finalLink": "https://www.sec.gov/Archives/edgar/data/62996/000006299623000014/mas-20230331.htm"
  },
  {
    "date": "2022-12-31",
    "symbol": "MAS",
    "reportedCurrency": "USD",
    "cik": "0000062996",
    "fillingDate": "2023-02-09",
    "acceptedDate": "2023-02-09 16:54:09",
    "calendarYear": "2022",
    "period": "Q4",
    "revenue": 1923000000,
    "costOfRevenue": 1378000000,
    "grossProfit": 545000000,
    "grossProfitRatio": 0.2834113365,
    "researchAndDevelopmentExpenses": 0,
    "generalAndAdministrativeExpenses": 337000000,
    "sellingAndMarketingExpenses": 0,
    "sellingGeneralAndAdministrativeExpenses": 337000000,
    "otherExpenses": 23000000,
    "operatingExpenses": 360000000,
    "costAndExpenses": 1738000000,
    "interestIncome": 0,
    "interestExpense": 26000000,
    "depreciationAndAmortization": 0,
    "ebitda": 185000000,
    "ebitdaratio": 0.0962038482,
    "operatingIncome": 185000000,
    "operatingIncomeRatio": 0.0962038482,
    "totalOtherIncomeExpensesNet": -26000000,
    "incomeBeforeTax": 159000000,
    "incomeBeforeTaxRatio": 0.0826833073,
    "incomeTaxExpense": 33000000,
    "netIncome": 117000000,
    "netIncomeRatio": 0.0608424337,
    "eps": 0.51,
    "epsdiluted": 0.5,
    "weightedAverageShsOut": 225300000,
    "weightedAverageShsOutDil": 227000000,
    "link": "https://www.sec.gov/Archives/edgar/data/62996/000006299623000008/0000062996-23-000008-index.htm",
    "finalLink": "https://www.sec.gov/Archives/edgar/data/62996/000006299623000008/mas-20221231.htm"
  },
  {
    "date": "2022-09-30",
    "symbol": "MAS",
    "reportedCurrency": "USD",
    "cik": "0000062996",
    "fillingDate": "2022-10-26",
    "acceptedDate": "2022-10-26 16:05:04",
    "calendarYear": "2022",
    "period": "Q3",
    "revenue": 2204000000,
    "costOfRevenue": 1509000000,
    "grossProfit": 695000000,
    "grossProfitRatio": 0.3153357532,
    "researchAndDevelopmentExpenses": 0,
    "generalAndAdministrativeExpenses": 346000000,
    "sellingAndMarketingExpenses": 0,
    "sellingGeneralAndAdministrativeExpenses": 346000000,
    "otherExpenses": -2000000,
    "operatingExpenses": 344000000,
    "costAndExpenses": 1853000000,
    "interestIncome": 1000000,
    "interestExpense": 29000000,
    "depreciationAndAmortization": 0,
    "ebitda": 339000000,
    "ebitdaratio": 0.1538112523,
    "operatingIncome": 351000000,
    "operatingIncomeRatio": 0.1592558984,
    "totalOtherIncomeExpensesNet": -41000000,
    "incomeBeforeTax": 310000000,
    "incomeBeforeTaxRatio": 0.1406533575,
    "incomeTaxExpense": 77000000,
    "netIncome": 218000000,
    "netIncomeRatio": 0.0989110708,
    "eps": 0.96,
    "epsdiluted": 0.96,
    "weightedAverageShsOut": 226000000,
    "weightedAverageShsOutDil": 227000000,
    "link": "https://www.sec.gov/Archives/edgar/data/62996/000006299622000041/0000062996-22-000041-index.htm",
    "finalLink": "https://www.sec.gov/Archives/edgar/data/62996/000006299622000041/mas-20220930.htm"
  },
  {
    "date": "2022-06-30",
    "symbol": "MAS",
    "reportedCurrency": "USD",
    "cik": "0000062996",
    "fillingDate": "2022-07-28",
    "acceptedDate": "2022-07-28 16:23:28",
    "calendarYear": "2022",
    "period": "Q2",
    "revenue": 2352000000,
    "costOfRevenue": 1583000000,
    "grossProfit": 769000000,
    "grossProfitRatio": 0.3269557823,
    "researchAndDevelopmentExpenses": 0,
    "generalAndAdministrativeExpenses": 364000000,
    "sellingAndMarketingExpenses": 0,
    "sellingGeneralAndAdministrativeExpenses": 364000000,
    "otherExpenses": -3000000,
    "operatingExpenses": 361000000,
    "costAndExpenses": 1944000000,
    "interestIncome": 1000000,
    "interestExpense": 28000000,
    "depreciationAndAmortization": 0,
    "ebitda": 425000000,
    "ebitdaratio": 0.1806972789,
    "operatingIncome": 408000000,
    "operatingIncomeRatio": 0.1734693878,
    "totalOtherIncomeExpensesNet": -11000000,
    "incomeBeforeTax": 397000000,
    "incomeBeforeTaxRatio": 0.168792517,
    "incomeTaxExpense": 103000000,
    "netIncome": 278000000,
    "netIncomeRatio": 0.1181972789,
    "eps": 1.2,
    "epsdiluted": 1.19,
    "weightedAverageShsOut": 231000000,
    "weightedAverageShsOutDil": 233000000,
    "link": "https://www.sec.gov/Archives/edgar/data/62996/000006299622000035/0000062996-22-000035-index.htm",
    "finalLink": "https://www.sec.gov/Archives/edgar/data/62996/000006299622000035/mas-20220630.htm"
  },
  {
    "date": "2022-03-31",
    "symbol": "MAS",
    "reportedCurrency": "USD",
    "cik": "0000062996",
    "fillingDate": "2022-04-27",
    "acceptedDate": "2022-04-27 16:11:24",
    "calendarYear": "2022",
    "period": "Q1",
    "revenue": 2201000000,
    "costOfRevenue": 1497000000,
    "grossProfit": 704000000,
    "grossProfitRatio": 0.3198546115,
    "researchAndDevelopmentExpenses": 0,
    "generalAndAdministrativeExpenses": 353000000,
    "sellingAndMarketingExpenses": 0,
    "sellingGeneralAndAdministrativeExpenses": 353000000,
    "otherExpenses": -2000000,
    "operatingExpenses": 351000000,
    "costAndExpenses": 1848000000,
    "interestIncome": 0,
    "interestExpense": 25000000,
    "depreciationAndAmortization": 0,
    "ebitda": 352000000,
    "ebitdaratio": 0.1599273058,
    "operatingIncome": 353000000,
    "operatingIncomeRatio": 0.1603816447,
    "totalOtherIncomeExpensesNet": -26000000,
    "incomeBeforeTax": 327000000,
    "incomeBeforeTaxRatio": 0.1485688323,
    "incomeTaxExpense": 75000000,
    "netIncome": 234000000,
    "netIncomeRatio": 0.1063153112,
    "eps": 0.98,
    "epsdiluted": 0.97,
    "weightedAverageShsOut": 239000000,
    "weightedAverageShsOutDil": 241000000,
    "link": "https://www.sec.gov/Archives/edgar/data/62996/000006299622000018/0000062996-22-000018-index.htm",
    "finalLink": "https://www.sec.gov/Archives/edgar/data/62996/000006299622000018/mas-20220331.htm"
  },
  {
    "date": "2021-12-31",
    "symbol": "MAS",
    "reportedCurrency": "USD",
    "cik": "0000062996",
    "fillingDate": "2022-02-08",
    "acceptedDate": "2022-02-08 16:08:45",
    "calendarYear": "2021",
    "period": "Q4",
    "revenue": 2022000000,
    "costOfRevenue": 1403000000,
    "grossProfit": 619000000,
    "grossProfitRatio": 0.306132542,
    "researchAndDevelopmentExpenses": 0,
    "generalAndAdministrativeExpenses": 356000000,
    "sellingAndMarketingExpenses": 0,
    "sellingGeneralAndAdministrativeExpenses": 356000000,
    "otherExpenses": 45000000,
    "operatingExpenses": 401000000,
    "costAndExpenses": 1804000000,
    "interestIncome": 1000000,
    "interestExpense": 25000000,
    "depreciationAndAmortization": 0,
    "ebitda": 217000000,
    "ebitdaratio": 0.1073194857,
    "operatingIncome": 218000000,
    "operatingIncomeRatio": 0.1078140455,
    "totalOtherIncomeExpensesNet": -26000000,
    "incomeBeforeTax": 192000000,
    "incomeBeforeTaxRatio": 0.0949554896,
    "incomeTaxExpense": 52000000,
    "netIncome": 130000000,
    "netIncomeRatio": 0.0642927794,
    "eps": 0.55,
    "epsdiluted": 0.55,
    "weightedAverageShsOut": 241200000,
    "weightedAverageShsOutDil": 245000000,
    "link": "https://www.sec.gov/Archives/edgar/data/62996/000006299622000011/0000062996-22-000011-index.htm",
    "finalLink": "https://www.sec.gov/Archives/edgar/data/62996/000006299622000011/mas-20211231.htm"
  },
  {
    "date": "2021-09-30",
    "symbol": "MAS",
    "reportedCurrency": "USD",
    "cik": "0000062996",
    "fillingDate": "2021-10-27",
    "acceptedDate": "2021-10-27 16:03:47",
    "calendarYear": "2021",
    "period": "Q3",
    "revenue": 2204000000,
    "costOfRevenue": 1451000000,
    "grossProfit": 753000000,
    "grossProfitRatio": 0.3416515426,
    "researchAndDevelopmentExpenses": 0,
    "generalAndAdministrativeExpenses": 372000000,
    "sellingAndMarketingExpenses": 0,
    "sellingGeneralAndAdministrativeExpenses": 372000000,
    "otherExpenses": -4000000,
    "operatingExpenses": 368000000,
    "costAndExpenses": 1819000000,
    "interestIncome": 0,
    "interestExpense": 26000000,
    "depreciationAndAmortization": 0,
    "ebitda": 368000000,
    "ebitdaratio": 0.166969147,
    "operatingIncome": 385000000,
    "operatingIncomeRatio": 0.1746823956,
    "totalOtherIncomeExpensesNet": -43000000,
    "incomeBeforeTax": 342000000,
    "incomeBeforeTaxRatio": 0.1551724138,
    "incomeTaxExpense": 103000000,
    "netIncome": 220000000,
    "netIncomeRatio": 0.0998185118,
    "eps": 0.89,
    "epsdiluted": 0.89,
    "weightedAverageShsOut": 246000000,
    "weightedAverageShsOutDil": 247000000,
    "link": "https://www.sec.gov/Archives/edgar/data/62996/000006299621000030/0000062996-21-000030-index.htm",
    "finalLink": "https://www.sec.gov/Archives/edgar/data/62996/000006299621000030/mas-20210930.htm"
  },
  {
    "date": "2021-06-30",
    "symbol": "MAS",
    "reportedCurrency": "USD",
    "cik": "0000062996",
    "fillingDate": "2021-07-29",
    "acceptedDate": "2021-07-29 16:07:26",
    "calendarYear": "2021",
    "period": "Q2",
    "revenue": 2179000000,
    "costOfRevenue": 1388000000,
    "grossProfit": 791000000,
    "grossProfitRatio": 0.3630105553,
    "researchAndDevelopmentExpenses": 0,
    "generalAndAdministrativeExpenses": 769000000,
    "sellingAndMarketingExpenses": 0,
    "sellingGeneralAndAdministrativeExpenses": 769000000,
    "otherExpenses": -415000000,
    "operatingExpenses": 354000000,
    "costAndExpenses": 1742000000,
    "interestIncome": 0,
    "interestExpense": 25000000,
    "depreciationAndAmortization": 0,
    "ebitda": 22000000,
    "ebitdaratio": 0.0100963745,
    "operatingIncome": 437000000,
    "operatingIncomeRatio": 0.2005507113,
    "totalOtherIncomeExpensesNet": -440000000,
    "incomeBeforeTax": -3000000,
    "incomeBeforeTaxRatio": -0.0013767783,
    "incomeTaxExpense": 12000000,
    "netIncome": -36000000,
    "netIncomeRatio": -0.0165213401,
    "eps": -0.14,
    "epsdiluted": -0.14,
    "weightedAverageShsOut": 252000000,
    "weightedAverageShsOutDil": 252000000,
    "link": "https://www.sec.gov/Archives/edgar/data/62996/000006299621000024/0000062996-21-000024-index.htm",
    "finalLink": "https://www.sec.gov/Archives/edgar/data/62996/000006299621000024/mas-20210630.htm"
  },
  {
    "date": "2021-03-31",
    "symbol": "MAS",
    "reportedCurrency": "USD",
    "cik": "0000062996",
    "fillingDate": "2021-04-28",
    "acceptedDate": "2021-04-28 16:51:10",
    "calendarYear": "2021",
    "period": "Q1",
    "revenue": 1970000000,
    "costOfRevenue": 1270000000,
    "grossProfit": 700000000,
    "grossProfitRatio": 0.3553299492,
    "researchAndDevelopmentExpenses": 0,
    "generalAndAdministrativeExpenses": 346000000,
    "sellingAndMarketingExpenses": 0,
    "sellingGeneralAndAdministrativeExpenses": 346000000,
    "otherExpenses": -11000000,
    "operatingExpenses": 335000000,
    "costAndExpenses": 1605000000,
    "interestIncome": 0,
    "interestExpense": 202000000,
    "depreciationAndAmortization": 0,
    "ebitda": 359000000,
    "ebitdaratio": 0.1822335025,
    "operatingIncome": 365000000,
    "operatingIncomeRatio": 0.1852791878,
    "totalOtherIncomeExpensesNet": -208000000,
    "incomeBeforeTax": 157000000,
    "incomeBeforeTaxRatio": 0.0796954315,
    "incomeTaxExpense": 43000000,
    "netIncome": 88000000,
    "netIncomeRatio": 0.0446700508,
    "eps": 0.34,
    "epsdiluted": 0.34,
    "weightedAverageShsOut": 256000000,
    "weightedAverageShsOutDil": 257000000,
    "link": "https://www.sec.gov/Archives/edgar/data/62996/000006299621000012/0000062996-21-000012-index.htm",
    "finalLink": "https://www.sec.gov/Archives/edgar/data/62996/000006299621000012/mas-20210331.htm"
  },
  {
    "date": "2020-12-31",
    "symbol": "MAS",
    "reportedCurrency": "USD",
    "cik": "0000062996",
    "fillingDate": "2021-02-09",
    "acceptedDate": "2021-02-09 16:25:23",
    "calendarYear": "2020",
    "period": "Q4",
    "revenue": 1860000000,
    "costOfRevenue": 1200000000,
    "grossProfit": 660000000,
    "grossProfitRatio": 0.3548387097,
    "researchAndDevelopmentExpenses": 0,
    "generalAndAdministrativeExpenses": 363000000,
    "sellingAndMarketingExpenses": 0,
    "sellingGeneralAndAdministrativeExpenses": 363000000,
    "otherExpenses": -10000000,
    "operatingExpenses": 353000000,
    "costAndExpenses": 1553000000,
    "interestIncome": 1000000,
    "interestExpense": 34000000,
    "depreciationAndAmortization": 0,
    "ebitda": 309000000,
    "ebitdaratio": 0.1661290323,
    "operatingIncome": 307000000,
    "operatingIncomeRatio": 0.1650537634,
    "totalOtherIncomeExpensesNet": -32000000,
    "incomeBeforeTax": 275000000,
    "incomeBeforeTaxRatio": 0.1478494624,
    "incomeTaxExpense": 67000000,
    "netIncome": 195000000,
    "netIncomeRatio": 0.1048387097,
    "eps": 0.76,
    "epsdiluted": 0.74,
    "weightedAverageShsOut": 258200000,
    "weightedAverageShsOutDil": 261000000,
    "link": "https://www.sec.gov/Archives/edgar/data/62996/000006299621000008/0000062996-21-000008-index.htm",
    "finalLink": "https://www.sec.gov/Archives/edgar/data/62996/000006299621000008/mas-20201231.htm"
  },
  {
    "date": "2020-09-30",
    "symbol": "MAS",
    "reportedCurrency": "USD",
    "cik": "0000062996",
    "fillingDate": "2020-10-28",
    "acceptedDate": "2020-10-28 16:01:48",
    "calendarYear": "2020",
    "period": "Q3",
    "revenue": 1983000000,
    "costOfRevenue": 1231000000,
    "grossProfit": 752000000,
    "grossProfitRatio": 0.3792233989,
    "researchAndDevelopmentExpenses": 0,
    "generalAndAdministrativeExpenses": 337000000,
    "sellingAndMarketingExpenses": 0,
    "sellingGeneralAndAdministrativeExpenses": 337000000,
    "otherExpenses": -9000000,
    "operatingExpenses": 328000000,
    "costAndExpenses": 1559000000,
    "interestIncome": 0,
    "interestExpense": 40000000,
    "depreciationAndAmortization": 0,
    "ebitda": 420000000,
    "ebitdaratio": 0.2118003026,
    "operatingIncome": 424000000,
    "operatingIncomeRatio": 0.2138174483,
    "totalOtherIncomeExpensesNet": -44000000,
    "incomeBeforeTax": 380000000,
    "incomeBeforeTaxRatio": 0.1916288452,
    "incomeTaxExpense": 87000000,
    "netIncome": 275000000,
    "netIncomeRatio": 0.1386787695,
    "eps": 1.05,
    "epsdiluted": 1.05,
    "weightedAverageShsOut": 261000000,
    "weightedAverageShsOutDil": 261000000,
    "link": "https://www.sec.gov/Archives/edgar/data/62996/000006299620000041/0000062996-20-000041-index.htm",
    "finalLink": "https://www.sec.gov/Archives/edgar/data/62996/000006299620000041/mas-20200930.htm"
  },
  {
    "date": "2020-06-30",
    "symbol": "MAS",
    "reportedCurrency": "USD",
    "cik": "0000062996",
    "fillingDate": "2020-07-30",
    "acceptedDate": "2020-07-30 18:55:53",
    "calendarYear": "2020",
    "period": "Q2",
    "revenue": 1764000000,
    "costOfRevenue": 1136000000,
    "grossProfit": 628000000,
    "grossProfitRatio": 0.3560090703,
    "researchAndDevelopmentExpenses": 0,
    "generalAndAdministrativeExpenses": 297000000,
    "sellingAndMarketingExpenses": 0,
    "sellingGeneralAndAdministrativeExpenses": 297000000,
    "otherExpenses": -8000000,
    "operatingExpenses": 289000000,
    "costAndExpenses": 1425000000,
    "interestIncome": 1000000,
    "interestExpense": 35000000,
    "depreciationAndAmortization": 0,
    "ebitda": 337000000,
    "ebitdaratio": 0.1910430839,
    "operatingIncome": 339000000,
    "operatingIncomeRatio": 0.1921768707,
    "totalOtherIncomeExpensesNet": -37000000,
    "incomeBeforeTax": 302000000,
    "incomeBeforeTaxRatio": 0.1712018141,
    "incomeTaxExpense": 82000000,
    "netIncome": 224000000,
    "netIncomeRatio": 0.126984127,
    "eps": 0.85,
    "epsdiluted": 0.85,
    "weightedAverageShsOut": 262000000,
    "weightedAverageShsOutDil": 263000000,
    "link": "https://www.sec.gov/Archives/edgar/data/62996/000006299620000034/0000062996-20-000034-index.htm",
    "finalLink": "https://www.sec.gov/Archives/edgar/data/62996/000006299620000034/mas-20200630.htm"
  },
  {
    "date": "2020-03-31",
    "symbol": "MAS",
    "reportedCurrency": "USD",
    "cik": "0000062996",
    "fillingDate": "2020-04-29",
    "acceptedDate": "2020-04-29 16:07:51",
    "calendarYear": "2020",
    "period": "Q1",
    "revenue": 1581000000,
    "costOfRevenue": 1034000000,
    "grossProfit": 547000000,
    "grossProfitRatio": 0.3459835547,
    "researchAndDevelopmentExpenses": 0,
    "generalAndAdministrativeExpenses": 330000000,
    "sellingAndMarketingExpenses": 0,
    "sellingGeneralAndAdministrativeExpenses": 330000000,
    "otherExpenses": -8000000,
    "operatingExpenses": 322000000,
    "costAndExpenses": 1356000000,
    "interestIncome": 1000000,
    "interestExpense": 35000000,
    "depreciationAndAmortization": 0,
    "ebitda": 209000000,
    "ebitdaratio": 0.1321948134,
    "operatingIncome": 225000000,
    "operatingIncomeRatio": 0.1423149905,
    "totalOtherIncomeExpensesNet": -51000000,
    "incomeBeforeTax": 174000000,
    "incomeBeforeTaxRatio": 0.110056926,
    "incomeTaxExpense": 33000000,
    "netIncome": 530000000,
    "netIncomeRatio": 0.3352308665,
    "eps": 1.93,
    "epsdiluted": 1.92,
    "weightedAverageShsOut": 273000000,
    "weightedAverageShsOutDil": 274000000,
    "link": "https://www.sec.gov/Archives/edgar/data/62996/000006299620000016/0000062996-20-000016-index.htm",
    "finalLink": "https://www.sec.gov/Archives/edgar/data/62996/000006299620000016/a2020q1masco10-q033120.htm"
  },
  {
    "date": "2019-12-31",
    "symbol": "MAS",
    "reportedCurrency": "USD",
    "cik": "0000062996",
    "fillingDate": "2020-02-11",
    "acceptedDate": "2020-02-11 16:00:49",
    "calendarYear": "2019",
    "period": "Q4",
    "revenue": 1639000000,
    "costOfRevenue": 1074000000,
    "grossProfit": 565000000,
    "grossProfitRatio": 0.3447223917,
    "researchAndDevelopmentExpenses": 0,
    "generalAndAdministrativeExpenses": 0,
    "sellingAndMarketingExpenses": 0,
    "sellingGeneralAndAdministrativeExpenses": 314000000,
    "otherExpenses": -4000000,
    "operatingExpenses": 310000000,
    "costAndExpenses": 1384000000,
    "interestIncome": 1000000,
    "interestExpense": 40000000,
    "depreciationAndAmortization": 33000000,
    "ebitda": 284000000,
    "ebitdaratio": 0.173276388,
    "operatingIncome": 255000000,
    "operatingIncomeRatio": 0.1555826724,
    "totalOtherIncomeExpensesNet": -38000000,
    "incomeBeforeTax": 217000000,
    "incomeBeforeTaxRatio": 0.1323978035,
    "incomeTaxExpense": 49000000,
    "netIncome": 453000000,
    "netIncomeRatio": 0.2763880415,
    "eps": 0.55,
    "epsdiluted": 0.55,
    "weightedAverageShsOut": 275600000,
    "weightedAverageShsOutDil": 282000000,
    "link": "https://www.sec.gov/Archives/edgar/data/62996/000006299620000006/0000062996-20-000006-index.htm",
    "finalLink": "https://www.sec.gov/Archives/edgar/data/62996/000006299620000006/mas2019123110k.htm"
  },
  {
    "date": "2019-09-30",
    "symbol": "MAS",
    "reportedCurrency": "USD",
    "cik": "0000062996",
    "fillingDate": "2019-10-30",
    "acceptedDate": "2019-10-30 16:07:44",
    "calendarYear": "2019",
    "period": "Q3",
    "revenue": 1716000000,
    "costOfRevenue": 1105000000,
    "grossProfit": 611000000,
    "grossProfitRatio": 0.3560606061,
    "researchAndDevelopmentExpenses": 0,
    "generalAndAdministrativeExpenses": 328000000,
    "sellingAndMarketingExpenses": 0,
    "sellingGeneralAndAdministrativeExpenses": 328000000,
    "otherExpenses": -6000000,
    "operatingExpenses": 322000000,
    "costAndExpenses": 1427000000,
    "interestIncome": 1000000,
    "interestExpense": 39000000,
    "depreciationAndAmortization": 0,
    "ebitda": 280000000,
    "ebitdaratio": 0.1631701632,
    "operatingIncome": 289000000,
    "operatingIncomeRatio": 0.1684149184,
    "totalOtherIncomeExpensesNet": -48000000,
    "incomeBeforeTax": 241000000,
    "incomeBeforeTaxRatio": 0.1404428904,
    "incomeTaxExpense": 66000000,
    "netIncome": 126000000,
    "netIncomeRatio": 0.0734265734,
    "eps": 0.44,
    "epsdiluted": 0.44,
    "weightedAverageShsOut": 286000000,
    "weightedAverageShsOutDil": 287000000,
    "link": "https://www.sec.gov/Archives/edgar/data/62996/000006299619000063/0000062996-19-000063-index.htm",
    "finalLink": "https://www.sec.gov/Archives/edgar/data/62996/000006299619000063/a2019q3masco10-q093020.htm"
  },
  {
    "date": "2019-06-30",
    "symbol": "MAS",
    "reportedCurrency": "USD",
    "cik": "0000062996",
    "fillingDate": "2019-07-25",
    "acceptedDate": "2019-07-25 15:59:42",
    "calendarYear": "2019",
    "period": "Q2",
    "revenue": 1839000000,
    "costOfRevenue": 1166000000,
    "grossProfit": 673000000,
    "grossProfitRatio": 0.3659597607,
    "researchAndDevelopmentExpenses": 0,
    "generalAndAdministrativeExpenses": 332000000,
    "sellingAndMarketingExpenses": 0,
    "sellingGeneralAndAdministrativeExpenses": 332000000,
    "otherExpenses": -6000000,
    "operatingExpenses": 326000000,
    "costAndExpenses": 1492000000,
    "interestIncome": 0,
    "interestExpense": 41000000,
    "depreciationAndAmortization": 0,
    "ebitda": 344000000,
    "ebitdaratio": 0.1870581838,
    "operatingIncome": 347000000,
    "operatingIncomeRatio": 0.1886895052,
    "totalOtherIncomeExpensesNet": -44000000,
    "incomeBeforeTax": 303000000,
    "incomeBeforeTaxRatio": 0.1647634584,
    "incomeTaxExpense": 80000000,
    "netIncome": 240000000,
    "netIncomeRatio": 0.1305057096,
    "eps": 0.82,
    "epsdiluted": 0.82,
    "weightedAverageShsOut": 289000000,
    "weightedAverageShsOutDil": 290000000,
    "link": "https://www.sec.gov/Archives/edgar/data/62996/000006299619000056/0000062996-19-000056-index.htm",
    "finalLink": "https://www.sec.gov/Archives/edgar/data/62996/000006299619000056/a2019q2masco10-q063020.htm"
  },
  {
    "date": "2019-03-31",
    "symbol": "MAS",
    "reportedCurrency": "USD",
    "cik": "0000062996",
    "fillingDate": "2019-04-25",
    "acceptedDate": "2019-04-25 16:03:15",
    "calendarYear": "2019",
    "period": "Q1",
    "revenue": 1513000000,
    "costOfRevenue": 991000000,
    "grossProfit": 522000000,
    "grossProfitRatio": 0.3450099141,
    "researchAndDevelopmentExpenses": 0,
    "generalAndAdministrativeExpenses": 321000000,
    "sellingAndMarketingExpenses": 0,
    "sellingGeneralAndAdministrativeExpenses": 321000000,
    "otherExpenses": 4000000,
    "operatingExpenses": 325000000,
    "costAndExpenses": 1316000000,
    "interestIncome": 1000000,
    "interestExpense": 39000000,
    "depreciationAndAmortization": 0,
    "ebitda": 192000000,
    "ebitdaratio": 0.1269001983,
    "operatingIncome": 197000000,
    "operatingIncomeRatio": 0.1302048909,
    "totalOtherIncomeExpensesNet": -44000000,
    "incomeBeforeTax": 153000000,
    "incomeBeforeTaxRatio": 0.1011235955,
    "incomeTaxExpense": 35000000,
    "netIncome": 116000000,
    "netIncomeRatio": 0.0766688698,
    "eps": 0.39,
    "epsdiluted": 0.39,
    "weightedAverageShsOut": 293000000,
    "weightedAverageShsOutDil": 294000000,
    "link": "https://www.sec.gov/Archives/edgar/data/62996/000006299619000024/0000062996-19-000024-index.htm",
    "finalLink": "https://www.sec.gov/Archives/edgar/data/62996/000006299619000024/a2019q1masco10-q033120.htm"
  },
  {
    "date": "2018-12-31",
    "symbol": "MAS",
    "reportedCurrency": "USD",
    "cik": "0000062996",
    "fillingDate": "2019-02-07",
    "acceptedDate": "2019-02-07 16:17:20",
    "calendarYear": "2018",
    "period": "Q4",
    "revenue": 911000000,
    "costOfRevenue": 455000000,
    "grossProfit": 456000000,
    "grossProfitRatio": 0.5005488474,
    "researchAndDevelopmentExpenses": 0,
    "generalAndAdministrativeExpenses": 0,
    "sellingAndMarketingExpenses": 0,
    "sellingGeneralAndAdministrativeExpenses": 212000000,
    "otherExpenses": 37000000,
    "operatingExpenses": 249000000,
    "costAndExpenses": 704000000,
    "interestIncome": 2000000,
    "interestExpense": 39000000,
    "depreciationAndAmortization": 0,
    "ebitda": 307000000,
    "ebitdaratio": 0.3369923161,
    "operatingIncome": 309000000,
    "operatingIncomeRatio": 0.3391877058,
    "totalOtherIncomeExpensesNet": -41000000,
    "incomeBeforeTax": 166000000,
    "incomeBeforeTaxRatio": 0.1822173436,
    "incomeTaxExpense": 33000000,
    "netIncome": 194000000,
    "netIncomeRatio": 0.2129527991,
    "eps": 0.66,
    "epsdiluted": 0.64,
    "weightedAverageShsOut": 293900000,
    "weightedAverageShsOutDil": 299000000,
    "link": "https://www.sec.gov/Archives/edgar/data/62996/000006299619000011/0000062996-19-000011-index.htm",
    "finalLink": "https://www.sec.gov/Archives/edgar/data/62996/000006299619000011/mas_20181231x10k.htm"
  },
  {
    "date": "2018-09-30",
    "symbol": "MAS",
    "reportedCurrency": "USD",
    "cik": "0000062996",
    "fillingDate": "2018-10-30",
    "acceptedDate": "2018-10-30 16:13:18",
    "calendarYear": "2018",
    "period": "Q3",
    "revenue": 1904000000,
    "costOfRevenue": 1281000000,
    "grossProfit": 623000000,
    "grossProfitRatio": 0.3272058824,
    "researchAndDevelopmentExpenses": 0,
    "generalAndAdministrativeExpenses": 339000000,
    "sellingAndMarketingExpenses": 0,
    "sellingGeneralAndAdministrativeExpenses": 339000000,
    "otherExpenses": -2000000,
    "operatingExpenses": 337000000,
    "costAndExpenses": 1618000000,
    "interestIncome": 1000000,
    "interestExpense": 38000000,
    "depreciationAndAmortization": 0,
    "ebitda": 286000000,
    "ebitdaratio": 0.150210084,
    "operatingIncome": 286000000,
    "operatingIncomeRatio": 0.150210084,
    "totalOtherIncomeExpensesNet": -38000000,
    "incomeBeforeTax": 248000000,
    "incomeBeforeTaxRatio": 0.1302521008,
    "incomeTaxExpense": 67000000,
    "netIncome": 180000000,
    "netIncomeRatio": 0.0945378151,
    "eps": 0.59,
    "epsdiluted": 0.58,
    "weightedAverageShsOut": 304000000,
    "weightedAverageShsOutDil": 306000000,
    "link": "https://www.sec.gov/Archives/edgar/data/62996/000006299618000062/0000062996-18-000062-index.htm",
    "finalLink": "https://www.sec.gov/Archives/edgar/data/62996/000006299618000062/a2018q3masco10-q09302018.htm"
  },
  {
    "date": "2018-06-30",
    "symbol": "MAS",
    "reportedCurrency": "USD",
    "cik": "0000062996",
    "fillingDate": "2018-07-31",
    "acceptedDate": "2018-07-31 16:34:39",
    "calendarYear": "2018",
    "period": "Q2",
    "revenue": 2297000000,
    "costOfRevenue": 1547000000,
    "grossProfit": 750000000,
    "grossProfitRatio": 0.3265128428,
    "researchAndDevelopmentExpenses": 0,
    "generalAndAdministrativeExpenses": 397000000,
    "sellingAndMarketingExpenses": 0,
    "sellingGeneralAndAdministrativeExpenses": 397000000,
    "otherExpenses": -5000000,
    "operatingExpenses": 392000000,
    "costAndExpenses": 1939000000,
    "interestIncome": 0,
    "interestExpense": 38000000,
    "depreciationAndAmortization": 0,
    "ebitda": 350000000,
    "ebitdaratio": 0.15237266,
    "operatingIncome": 358000000,
    "operatingIncomeRatio": 0.1558554636,
    "totalOtherIncomeExpensesNet": -46000000,
    "incomeBeforeTax": 312000000,
    "incomeBeforeTaxRatio": 0.1358293426,
    "incomeTaxExpense": 88000000,
    "netIncome": 211000000,
    "netIncomeRatio": 0.0918589465,
    "eps": 0.69,
    "epsdiluted": 0.68,
    "weightedAverageShsOut": 306000000,
    "weightedAverageShsOutDil": 309000000,
    "link": "https://www.sec.gov/Archives/edgar/data/62996/000006299618000053/0000062996-18-000053-index.htm",
    "finalLink": "https://www.sec.gov/Archives/edgar/data/62996/000006299618000053/a2018q2masco10-q06302018.htm"
  },
  {
    "date": "2018-03-31",
    "symbol": "MAS",
    "reportedCurrency": "USD",
    "cik": "0000062996",
    "fillingDate": "2018-04-24",
    "acceptedDate": "2018-04-24 16:37:24",
    "calendarYear": "2018",
    "period": "Q1",
    "revenue": 1920000000,
    "costOfRevenue": 1301000000,
    "grossProfit": 619000000,
    "grossProfitRatio": 0.3223958333,
    "researchAndDevelopmentExpenses": 0,
    "generalAndAdministrativeExpenses": 379000000,
    "sellingAndMarketingExpenses": 0,
    "sellingGeneralAndAdministrativeExpenses": 379000000,
    "otherExpenses": -4000000,
    "operatingExpenses": 375000000,
    "costAndExpenses": 1676000000,
    "interestIncome": 2000000,
    "interestExpense": 41000000,
    "depreciationAndAmortization": 0,
    "ebitda": 241000000,
    "ebitdaratio": 0.1255208333,
    "operatingIncome": 244000000,
    "operatingIncomeRatio": 0.1270833333,
    "totalOtherIncomeExpensesNet": -44000000,
    "incomeBeforeTax": 200000000,
    "incomeBeforeTaxRatio": 0.1041666667,
    "incomeTaxExpense": 39000000,
    "netIncome": 149000000,
    "netIncomeRatio": 0.0776041667,
    "eps": 0.48,
    "epsdiluted": 0.47,
    "weightedAverageShsOut": 310490824,
    "weightedAverageShsOutDil": 313000000,
    "link": "https://www.sec.gov/Archives/edgar/data/62996/000006299618000028/0000062996-18-000028-index.htm",
    "finalLink": "https://www.sec.gov/Archives/edgar/data/62996/000006299618000028/a2018q1masco10-q03312018.htm"
  },
  {
    "date": "2017-12-31",
    "symbol": "MAS",
    "reportedCurrency": "USD",
    "cik": "0000062996",
    "fillingDate": "2018-02-08",
    "acceptedDate": "2018-02-08 16:47:28",
    "calendarYear": "2017",
    "period": "Q4",
    "revenue": 1874000000,
    "costOfRevenue": 1258000000,
    "grossProfit": 616000000,
    "grossProfitRatio": 0.3287086446,
    "researchAndDevelopmentExpenses": 0,
    "generalAndAdministrativeExpenses": 352000000,
    "sellingAndMarketingExpenses": 0,
    "sellingGeneralAndAdministrativeExpenses": 352000000,
    "otherExpenses": 0,
    "operatingExpenses": 352000000,
    "costAndExpenses": 1610000000,
    "interestIncome": 1000000,
    "interestExpense": 39000000,
    "depreciationAndAmortization": 0,
    "ebitda": 200000000,
    "ebitdaratio": 0.1067235859,
    "operatingIncome": 264000000,
    "operatingIncomeRatio": 0.1408751334,
    "totalOtherIncomeExpensesNet": -103000000,
    "incomeBeforeTax": 161000000,
    "incomeBeforeTaxRatio": 0.0859124867,
    "incomeTaxExpense": 62000000,
    "netIncome": 87000000,
    "netIncomeRatio": 0.0464247599,
    "eps": 0.28,
    "epsdiluted": 0.27,
    "weightedAverageShsOut": 310400000,
    "weightedAverageShsOutDil": 314000000,
    "link": "https://www.sec.gov/Archives/edgar/data/62996/000006299618000015/0000062996-18-000015-index.htm",
    "finalLink": "https://www.sec.gov/Archives/edgar/data/62996/000006299618000015/mas_20171231x10k.htm"
  },
  {
    "date": "2017-09-30",
    "symbol": "MAS",
    "reportedCurrency": "USD",
    "cik": "0000062996",
    "fillingDate": "2017-10-24",
    "acceptedDate": "2017-10-24 16:21:30",
    "calendarYear": "2017",
    "period": "Q3",
    "revenue": 1936000000,
    "costOfRevenue": 1286000000,
    "grossProfit": 650000000,
    "grossProfitRatio": 0.3357438017,
    "researchAndDevelopmentExpenses": 0,
    "generalAndAdministrativeExpenses": 355000000,
    "sellingAndMarketingExpenses": 0,
    "sellingGeneralAndAdministrativeExpenses": 355000000,
    "otherExpenses": -7000000,
    "operatingExpenses": 348000000,
    "costAndExpenses": 1636000000,
    "interestIncome": 1000000,
    "interestExpense": 43000000,
    "depreciationAndAmortization": 0,
    "ebitda": 307000000,
    "ebitdaratio": 0.1585743802,
    "operatingIncome": 309000000,
    "operatingIncomeRatio": 0.159607438,
    "totalOtherIncomeExpensesNet": -45000000,
    "incomeBeforeTax": 256000000,
    "incomeBeforeTaxRatio": 0.132231405,
    "incomeTaxExpense": 96000000,
    "netIncome": 148000000,
    "netIncomeRatio": 0.076446281,
    "eps": 0.48,
    "epsdiluted": 0.48,
    "weightedAverageShsOut": 313000000,
    "weightedAverageShsOutDil": 316000000,
    "link": "https://www.sec.gov/Archives/edgar/data/62996/000006299617000055/0000062996-17-000055-index.htm",
    "finalLink": "https://www.sec.gov/Archives/edgar/data/62996/000006299617000055/a2017q3masco10-q09302017.htm"
  },
  {
    "date": "2017-06-30",
    "symbol": "MAS",
    "reportedCurrency": "USD",
    "cik": "0000062996",
    "fillingDate": "2017-07-27",
    "acceptedDate": "2017-07-27 16:37:34",
    "calendarYear": "2017",
    "period": "Q2",
    "revenue": 2057000000,
    "costOfRevenue": 1320000000,
    "grossProfit": 737000000,
    "grossProfitRatio": 0.3582887701,
    "researchAndDevelopmentExpenses": 0,
    "generalAndAdministrativeExpenses": 382000000,
    "sellingAndMarketingExpenses": 0,
    "sellingGeneralAndAdministrativeExpenses": 382000000,
    "otherExpenses": -8000000,
    "operatingExpenses": 374000000,
    "costAndExpenses": 1694000000,
    "interestIncome": 1000000,
    "interestExpense": 153000000,
    "depreciationAndAmortization": 0,
    "ebitda": 415000000,
    "ebitdaratio": 0.2017501215,
    "operatingIncome": 372000000,
    "operatingIncomeRatio": 0.1808458921,
    "totalOtherIncomeExpensesNet": -110000000,
    "incomeBeforeTax": 255000000,
    "incomeBeforeTaxRatio": 0.1239669421,
    "incomeTaxExpense": 84000000,
    "netIncome": 158000000,
    "netIncomeRatio": 0.0768108896,
    "eps": 0.51,
    "epsdiluted": 0.51,
    "weightedAverageShsOut": 315000000,
    "weightedAverageShsOutDil": 319000000,
    "link": "https://www.sec.gov/Archives/edgar/data/62996/000006299617000044/0000062996-17-000044-index.htm",
    "finalLink": "https://www.sec.gov/Archives/edgar/data/62996/000006299617000044/a2017q2masco10-q06302017.htm"
  },
  {
    "date": "2017-03-31",
    "symbol": "MAS",
    "reportedCurrency": "USD",
    "cik": "0000062996",
    "fillingDate": "2017-04-25",
    "acceptedDate": "2017-04-25 16:07:38",
    "calendarYear": "2017",
    "period": "Q1",
    "revenue": 1777000000,
    "costOfRevenue": 1169000000,
    "grossProfit": 608000000,
    "grossProfitRatio": 0.3421496905,
    "researchAndDevelopmentExpenses": 0,
    "generalAndAdministrativeExpenses": 355000000,
    "sellingAndMarketingExpenses": 0,
    "sellingGeneralAndAdministrativeExpenses": 355000000,
    "otherExpenses": -7000000,
    "operatingExpenses": 348000000,
    "costAndExpenses": 1521000000,
    "interestIncome": 1000000,
    "interestExpense": 43000000,
    "depreciationAndAmortization": 0,
    "ebitda": 253000000,
    "ebitdaratio": 0.142374789,
    "operatingIncome": 257000000,
    "operatingIncomeRatio": 0.1446257738,
    "totalOtherIncomeExpensesNet": -47000000,
    "incomeBeforeTax": 213000000,
    "incomeBeforeTaxRatio": 0.1198649409,
    "incomeTaxExpense": 63000000,
    "netIncome": 140000000,
    "netIncomeRatio": 0.0787844682,
    "eps": 0.43,
    "epsdiluted": 0.43,
    "weightedAverageShsOut": 317000000,
    "weightedAverageShsOutDil": 321000000,
    "link": "https://www.sec.gov/Archives/edgar/data/62996/000006299617000019/0000062996-17-000019-index.htm",
    "finalLink": "https://www.sec.gov/Archives/edgar/data/62996/000006299617000019/a2017q1masco10-q03312017.htm"
  },
  {
    "date": "2016-12-31",
    "symbol": "MAS",
    "reportedCurrency": "USD",
    "cik": "0000062996",
    "fillingDate": "2017-02-09",
    "acceptedDate": "2017-02-09 16:06:48",
    "calendarYear": "2016",
    "period": "Q4",
    "revenue": 1759000000,
    "costOfRevenue": 1186000000,
    "grossProfit": 573000000,
    "grossProfitRatio": 0.3257532689,
    "researchAndDevelopmentExpenses": 0,
    "generalAndAdministrativeExpenses": 358000000,
    "sellingAndMarketingExpenses": 0,
    "sellingGeneralAndAdministrativeExpenses": 358000000,
    "otherExpenses": 0,
    "operatingExpenses": 358000000,
    "costAndExpenses": 1544000000,
    "interestIncome": 1000000,
    "interestExpense": 43000000,
    "depreciationAndAmortization": 0,
    "ebitda": 216000000,
    "ebitdaratio": 0.1227970438,
    "operatingIncome": 215000000,
    "operatingIncomeRatio": 0.1222285389,
    "totalOtherIncomeExpensesNet": -42000000,
    "incomeBeforeTax": 173000000,
    "incomeBeforeTaxRatio": 0.098351336,
    "incomeTaxExpense": 67000000,
    "netIncome": 98000000,
    "netIncomeRatio": 0.0557134736,
    "eps": 0.31,
    "epsdiluted": 0.3,
    "weightedAverageShsOut": 318000000,
    "weightedAverageShsOutDil": 323000000,
    "link": "https://www.sec.gov/Archives/edgar/data/62996/000006299617000008/0000062996-17-000008-index.htm",
    "finalLink": "https://www.sec.gov/Archives/edgar/data/62996/000006299617000008/mas_20161231x10k.htm"
  },
  {
    "date": "2016-09-30",
    "symbol": "MAS",
    "reportedCurrency": "USD",
    "cik": "0000062996",
    "fillingDate": "2016-10-25",
    "acceptedDate": "2016-10-25 16:16:12",
    "calendarYear": "2016",
    "period": "Q3",
    "revenue": 1877000000,
    "costOfRevenue": 1263000000,
    "grossProfit": 614000000,
    "grossProfitRatio": 0.3271177411,
    "researchAndDevelopmentExpenses": 0,
    "generalAndAdministrativeExpenses": 345000000,
    "sellingAndMarketingExpenses": 0,
    "sellingGeneralAndAdministrativeExpenses": 345000000,
    "otherExpenses": 0,
    "operatingExpenses": 345000000,
    "costAndExpenses": 1608000000,
    "interestIncome": 1000000,
    "interestExpense": 43000000,
    "depreciationAndAmortization": 0,
    "ebitda": 270000000,
    "ebitdaratio": 0.1438465637,
    "operatingIncome": 269000000,
    "operatingIncomeRatio": 0.1433137986,
    "totalOtherIncomeExpensesNet": -42000000,
    "incomeBeforeTax": 227000000,
    "incomeBeforeTaxRatio": 0.1209376665,
    "incomeTaxExpense": 81000000,
    "netIncome": 134000000,
    "netIncomeRatio": 0.0713905168,
    "eps": 0.41,
    "epsdiluted": 0.4,
    "weightedAverageShsOut": 326000000,
    "weightedAverageShsOutDil": 329000000,
    "link": "https://www.sec.gov/Archives/edgar/data/62996/000006299616000049/0000062996-16-000049-index.htm",
    "finalLink": "https://www.sec.gov/Archives/edgar/data/62996/000006299616000049/masco_2016930x10q.htm"
  },
  {
    "date": "2016-06-30",
    "symbol": "MAS",
    "reportedCurrency": "USD",
    "cik": "0000062996",
    "fillingDate": "2016-07-26",
    "acceptedDate": "2016-07-26 16:21:14",
    "calendarYear": "2016",
    "period": "Q2",
    "revenue": 2001000000,
    "costOfRevenue": 1301000000,
    "grossProfit": 700000000,
    "grossProfitRatio": 0.3498250875,
    "researchAndDevelopmentExpenses": 0,
    "generalAndAdministrativeExpenses": 365000000,
    "sellingAndMarketingExpenses": 0,
    "sellingGeneralAndAdministrativeExpenses": 365000000,
    "otherExpenses": 0,
    "operatingExpenses": 365000000,
    "costAndExpenses": 1666000000,
    "interestIncome": 1000000,
    "interestExpense": 87000000,
    "depreciationAndAmortization": 0,
    "ebitda": 340000000,
    "ebitdaratio": 0.1699150425,
    "operatingIncome": 335000000,
    "operatingIncomeRatio": 0.1674162919,
    "totalOtherIncomeExpensesNet": -82000000,
    "incomeBeforeTax": 253000000,
    "incomeBeforeTaxRatio": 0.1264367816,
    "incomeTaxExpense": 90000000,
    "netIncome": 150000000,
    "netIncomeRatio": 0.0749625187,
    "eps": 0.45,
    "epsdiluted": 0.45,
    "weightedAverageShsOut": 328000000,
    "weightedAverageShsOutDil": 331000000,
    "link": "https://www.sec.gov/Archives/edgar/data/62996/000006299616000041/0000062996-16-000041-index.htm",
    "finalLink": "https://www.sec.gov/Archives/edgar/data/62996/000006299616000041/masco_2016630x10q.htm"
  },
  {
    "date": "2016-03-31",
    "symbol": "MAS",
    "reportedCurrency": "USD",
    "cik": "0000062996",
    "fillingDate": "2016-04-26",
    "acceptedDate": "2016-04-26 16:32:15",
    "calendarYear": "2016",
    "period": "Q1",
    "revenue": 1720000000,
    "costOfRevenue": 1151000000,
    "grossProfit": 569000000,
    "grossProfitRatio": 0.3308139535,
    "researchAndDevelopmentExpenses": 0,
    "generalAndAdministrativeExpenses": 335000000,
    "sellingAndMarketingExpenses": 0,
    "sellingGeneralAndAdministrativeExpenses": 335000000,
    "otherExpenses": 0,
    "operatingExpenses": 335000000,
    "costAndExpenses": 1486000000,
    "interestIncome": 1000000,
    "interestExpense": 56000000,
    "depreciationAndAmortization": 0,
    "ebitda": 233000000,
    "ebitdaratio": 0.1354651163,
    "operatingIncome": 234000000,
    "operatingIncomeRatio": 0.1360465116,
    "totalOtherIncomeExpensesNet": -57000000,
    "incomeBeforeTax": 177000000,
    "incomeBeforeTaxRatio": 0.1029069767,
    "incomeTaxExpense": 58000000,
    "netIncome": 109000000,
    "netIncomeRatio": 0.063372093,
    "eps": 0.33,
    "epsdiluted": 0.32,
    "weightedAverageShsOut": 330000000,
    "weightedAverageShsOutDil": 333000000,
    "link": "https://www.sec.gov/Archives/edgar/data/62996/000006299616000008/0000062996-16-000008-index.htm",
    "finalLink": "https://www.sec.gov/Archives/edgar/data/62996/000006299616000008/masco_2016331x10q.htm"
  },
  {
    "date": "2015-12-31",
    "symbol": "MAS",
    "reportedCurrency": "USD",
    "cik": "0000062996",
    "fillingDate": "2016-02-12",
    "acceptedDate": "2016-02-12 16:15:33",
    "calendarYear": "2015",
    "period": "Q4",
    "revenue": 1715000000,
    "costOfRevenue": 1183000000,
    "grossProfit": 532000000,
    "grossProfitRatio": 0.3102040816,
    "researchAndDevelopmentExpenses": 0,
    "generalAndAdministrativeExpenses": 320000000,
    "sellingAndMarketingExpenses": 0,
    "sellingGeneralAndAdministrativeExpenses": 320000000,
    "otherExpenses": 0,
    "operatingExpenses": 320000000,
    "costAndExpenses": 1503000000,
    "interestIncome": 1000000,
    "interestExpense": 54000000,
    "depreciationAndAmortization": 0,
    "ebitda": 214000000,
    "ebitdaratio": 0.1247813411,
    "operatingIncome": 212000000,
    "operatingIncomeRatio": 0.1236151603,
    "totalOtherIncomeExpensesNet": -52000000,
    "incomeBeforeTax": 160000000,
    "incomeBeforeTaxRatio": 0.0932944606,
    "incomeTaxExpense": 74000000,
    "netIncome": 75000000,
    "netIncomeRatio": 0.0437317784,
    "eps": 0.23,
    "epsdiluted": 0.22,
    "weightedAverageShsOut": 330500000,
    "weightedAverageShsOutDil": 335000000,
    "link": "https://www.sec.gov/Archives/edgar/data/62996/000104746916010135/0001047469-16-010135-index.htm",
    "finalLink": "https://www.sec.gov/Archives/edgar/data/62996/000104746916010135/a2227221z10-k.htm"
  },
  {
    "date": "2015-09-30",
    "symbol": "MAS",
    "reportedCurrency": "USD",
    "cik": "0000062996",
    "fillingDate": "2015-10-27",
    "acceptedDate": "2015-10-27 16:35:22",
    "calendarYear": "2015",
    "period": "Q3",
    "revenue": 1839000000,
    "costOfRevenue": 1250000000,
    "grossProfit": 589000000,
    "grossProfitRatio": 0.3202827624,
    "researchAndDevelopmentExpenses": 0,
    "generalAndAdministrativeExpenses": 331000000,
    "sellingAndMarketingExpenses": 0,
    "sellingGeneralAndAdministrativeExpenses": 331000000,
    "otherExpenses": 0,
    "operatingExpenses": 331000000,
    "costAndExpenses": 1581000000,
    "interestIncome": 1000000,
    "interestExpense": 54000000,
    "depreciationAndAmortization": 0,
    "ebitda": 252000000,
    "ebitdaratio": 0.1370309951,
    "operatingIncome": 258000000,
    "operatingIncomeRatio": 0.1402936378,
    "totalOtherIncomeExpensesNet": -60000000,
    "incomeBeforeTax": 198000000,
    "incomeBeforeTaxRatio": 0.1076672104,
    "incomeTaxExpense": 77000000,
    "netIncome": 111000000,
    "netIncomeRatio": 0.0603588907,
    "eps": 0.33,
    "epsdiluted": 0.32,
    "weightedAverageShsOut": 335000000,
    "weightedAverageShsOutDil": 338000000,
    "link": "https://www.sec.gov/Archives/edgar/data/62996/000110465915073124/0001104659-15-073124-index.htm",
    "finalLink": "https://www.sec.gov/Archives/edgar/data/62996/000110465915073124/a15-17818_110q.htm"
  },
  {
    "date": "2015-06-30",
    "symbol": "MAS",
    "reportedCurrency": "USD",
    "cik": "0000062996",
    "fillingDate": "2015-07-28",
    "acceptedDate": "2015-07-28 16:35:39",
    "calendarYear": "2015",
    "period": "Q2",
    "revenue": 1929000000,
    "costOfRevenue": 1292000000,
    "grossProfit": 637000000,
    "grossProfitRatio": 0.3302229134,
    "researchAndDevelopmentExpenses": 0,
    "generalAndAdministrativeExpenses": 358000000,
    "sellingAndMarketingExpenses": 0,
    "sellingGeneralAndAdministrativeExpenses": 358000000,
    "otherExpenses": 0,
    "operatingExpenses": 358000000,
    "costAndExpenses": 1650000000,
    "interestIncome": 1000000,
    "interestExpense": 61000000,
    "depreciationAndAmortization": 0,
    "ebitda": 282000000,
    "ebitdaratio": 0.1461897356,
    "operatingIncome": 279000000,
    "operatingIncomeRatio": 0.1446345257,
    "totalOtherIncomeExpensesNet": -58000000,
    "incomeBeforeTax": 221000000,
    "incomeBeforeTaxRatio": 0.1145671332,
    "incomeTaxExpense": 102000000,
    "netIncome": 105000000,
    "netIncomeRatio": 0.0544323484,
    "eps": 0.3,
    "epsdiluted": 0.3,
    "weightedAverageShsOut": 340000000,
    "weightedAverageShsOutDil": 344000000,
    "link": "https://www.sec.gov/Archives/edgar/data/62996/000110465915053853/0001104659-15-053853-index.htm",
    "finalLink": "https://www.sec.gov/Archives/edgar/data/62996/000110465915053853/a15-11884_110q.htm"
  },
  {
    "date": "2015-03-31",
    "symbol": "MAS",
    "reportedCurrency": "USD",
    "cik": "0000062996",
    "fillingDate": "2015-04-28",
    "acceptedDate": "2015-04-28 15:10:00",
    "calendarYear": "2015",
    "period": "Q1",
    "revenue": 2018000000,
    "costOfRevenue": 1450000000,
    "grossProfit": 568000000,
    "grossProfitRatio": 0.2814667988,
    "researchAndDevelopmentExpenses": 0,
    "generalAndAdministrativeExpenses": 330000000,
    "sellingAndMarketingExpenses": 0,
    "sellingGeneralAndAdministrativeExpenses": 330000000,
    "otherExpenses": 0,
    "operatingExpenses": 330000000,
    "costAndExpenses": 1494000000,
    "interestIncome": 0,
    "interestExpense": 56000000,
    "depreciationAndAmortization": 0,
    "ebitda": 166000000,
    "ebitdaratio": 0.082259663,
    "operatingIncome": 165000000,
    "operatingIncomeRatio": 0.0817641229,
    "totalOtherIncomeExpensesNet": -55000000,
    "incomeBeforeTax": 116000000,
    "incomeBeforeTaxRatio": 0.0574826561,
    "incomeTaxExpense": 43000000,
    "netIncome": 64000000,
    "netIncomeRatio": 0.0317145689,
    "eps": 0.18,
    "epsdiluted": 0.18,
    "weightedAverageShsOut": 344000000,
    "weightedAverageShsOutDil": 347000000,
    "link": "https://www.sec.gov/Archives/edgar/data/62996/000110465915030939/0001104659-15-030939-index.htm",
    "finalLink": "https://www.sec.gov/Archives/edgar/data/62996/000110465915030939/a15-6896_110q.htm"
  },
  {
    "date": "2014-12-31",
    "symbol": "MAS",
    "reportedCurrency": "USD",
    "cik": "0000062996",
    "fillingDate": "2015-02-13",
    "acceptedDate": "2015-02-13 13:45:45",
    "calendarYear": "2014",
    "period": "Q4",
    "revenue": 2064000000,
    "costOfRevenue": 1496000000,
    "grossProfit": 568000000,
    "grossProfitRatio": 0.2751937984,
    "researchAndDevelopmentExpenses": 0,
    "generalAndAdministrativeExpenses": 382000000,
    "sellingAndMarketingExpenses": 0,
    "sellingGeneralAndAdministrativeExpenses": 382000000,
    "otherExpenses": -8000000,
    "operatingExpenses": 374000000,
    "costAndExpenses": 1870000000,
    "interestIncome": 2000000,
    "interestExpense": 56000000,
    "depreciationAndAmortization": 0,
    "ebitda": 196000000,
    "ebitdaratio": 0.0949612403,
    "operatingIncome": 194000000,
    "operatingIncomeRatio": 0.0939922481,
    "totalOtherIncomeExpensesNet": -54000000,
    "incomeBeforeTax": 140000000,
    "incomeBeforeTaxRatio": 0.0678294574,
    "incomeTaxExpense": 28000000,
    "netIncome": 100000000,
    "netIncomeRatio": 0.0484496124,
    "eps": 0.29,
    "epsdiluted": 0.28,
    "weightedAverageShsOut": 345000000,
    "weightedAverageShsOutDil": 351000000,
    "link": "https://www.sec.gov/Archives/edgar/data/62996/000104746915000803/0001047469-15-000803-index.htm",
    "finalLink": "https://www.sec.gov/Archives/edgar/data/62996/000104746915000803/a2222936z10-k.htm"
  },
  {
    "date": "2014-09-30",
    "symbol": "MAS",
    "reportedCurrency": "USD",
    "cik": "0000062996",
    "fillingDate": "2014-10-28",
    "acceptedDate": "2014-10-28 13:59:09",
    "calendarYear": "2014",
    "period": "Q3",
    "revenue": 2232000000,
    "costOfRevenue": 1621000000,
    "grossProfit": 611000000,
    "grossProfitRatio": 0.2737455197,
    "researchAndDevelopmentExpenses": 0,
    "generalAndAdministrativeExpenses": 341000000,
    "sellingAndMarketingExpenses": 0,
    "sellingGeneralAndAdministrativeExpenses": 341000000,
    "otherExpenses": 0,
    "operatingExpenses": 341000000,
    "costAndExpenses": 1653000000,
    "interestIncome": 1000000,
    "interestExpense": 57000000,
    "depreciationAndAmortization": 0,
    "ebitda": 188000000,
    "ebitdaratio": 0.0842293907,
    "operatingIncome": 181000000,
    "operatingIncomeRatio": 0.08109319,
    "totalOtherIncomeExpensesNet": -50000000,
    "incomeBeforeTax": 152000000,
    "incomeBeforeTaxRatio": 0.0681003584,
    "incomeTaxExpense": -403000000,
    "netIncome": 543000000,
    "netIncomeRatio": 0.2432795699,
    "eps": 1.52,
    "epsdiluted": 1.51,
    "weightedAverageShsOut": 350000000,
    "weightedAverageShsOutDil": 353000000,
    "link": "https://www.sec.gov/Archives/edgar/data/62996/000110465914074312/0001104659-14-074312-index.htm",
    "finalLink": "https://www.sec.gov/Archives/edgar/data/62996/000110465914074312/a14-19693_110q.htm"
  },
  {
    "date": "2014-06-30",
    "symbol": "MAS",
    "reportedCurrency": "USD",
    "cik": "0000062996",
    "fillingDate": "2014-07-29",
    "acceptedDate": "2014-07-29 13:33:18",
    "calendarYear": "2014",
    "period": "Q2",
    "revenue": 2260000000,
    "costOfRevenue": 1599000000,
    "grossProfit": 661000000,
    "grossProfitRatio": 0.2924778761,
    "researchAndDevelopmentExpenses": 0,
    "generalAndAdministrativeExpenses": 354000000,
    "sellingAndMarketingExpenses": 0,
    "sellingGeneralAndAdministrativeExpenses": 354000000,
    "otherExpenses": 0,
    "operatingExpenses": 354000000,
    "costAndExpenses": 1655000000,
    "interestIncome": 0,
    "interestExpense": 56000000,
    "depreciationAndAmortization": 0,
    "ebitda": 227000000,
    "ebitdaratio": 0.1004424779,
    "operatingIncome": 221000000,
    "operatingIncomeRatio": 0.0977876106,
    "totalOtherIncomeExpensesNet": -50000000,
    "incomeBeforeTax": 190000000,
    "incomeBeforeTaxRatio": 0.0840707965,
    "incomeTaxExpense": 37000000,
    "netIncome": 139000000,
    "netIncomeRatio": 0.0615044248,
    "eps": 0.39,
    "epsdiluted": 0.39,
    "weightedAverageShsOut": 349000000,
    "weightedAverageShsOutDil": 352000000,
    "link": "https://www.sec.gov/Archives/edgar/data/62996/000110465914054330/0001104659-14-054330-index.htm",
    "finalLink": "https://www.sec.gov/Archives/edgar/data/62996/000110465914054330/a14-13953_110q.htm"
  },
  {
    "date": "2014-03-31",
    "symbol": "MAS",
    "reportedCurrency": "USD",
    "cik": "0000062996",
    "fillingDate": "2014-04-30",
    "acceptedDate": "2014-04-30 15:36:05",
    "calendarYear": "2014",
    "period": "Q1",
    "revenue": 1965000000,
    "costOfRevenue": 1418000000,
    "grossProfit": 547000000,
    "grossProfitRatio": 0.2783715013,
    "researchAndDevelopmentExpenses": 0,
    "generalAndAdministrativeExpenses": 395000000,
    "sellingAndMarketingExpenses": 0,
    "sellingGeneralAndAdministrativeExpenses": 395000000,
    "otherExpenses": 0,
    "operatingExpenses": 395000000,
    "costAndExpenses": 1813000000,
    "interestIncome": 1000000,
    "interestExpense": 56000000,
    "depreciationAndAmortization": 0,
    "ebitda": 149000000,
    "ebitdaratio": 0.075826972,
    "operatingIncome": 152000000,
    "operatingIncomeRatio": 0.0773536896,
    "totalOtherIncomeExpensesNet": -59000000,
    "incomeBeforeTax": 93000000,
    "incomeBeforeTaxRatio": 0.0473282443,
    "incomeTaxExpense": 5000000,
    "netIncome": 74000000,
    "netIncomeRatio": 0.0376590331,
    "eps": 0.21,
    "epsdiluted": 0.21,
    "weightedAverageShsOut": 351000000,
    "weightedAverageShsOutDil": 354000000,
    "link": "https://www.sec.gov/Archives/edgar/data/62996/000110465914032611/0001104659-14-032611-index.htm",
    "finalLink": "https://www.sec.gov/Archives/edgar/data/62996/000110465914032611/a14-9075_110q.htm"
  },
  {
    "date": "2013-12-31",
    "symbol": "MAS",
    "reportedCurrency": "USD",
    "cik": "0000062996",
    "fillingDate": "2014-02-14",
    "acceptedDate": "2014-02-14 15:47:06",
    "calendarYear": "2013",
    "period": "Q4",
    "revenue": 1998000000,
    "costOfRevenue": 1467000000,
    "grossProfit": 531000000,
    "grossProfitRatio": 0.2657657658,
    "researchAndDevelopmentExpenses": 0,
    "generalAndAdministrativeExpenses": 390000000,
    "sellingAndMarketingExpenses": 0,
    "sellingGeneralAndAdministrativeExpenses": 390000000,
    "otherExpenses": 0,
    "operatingExpenses": 390000000,
    "costAndExpenses": 1857000000,
    "interestIncome": 2000000,
    "interestExpense": 57000000,
    "depreciationAndAmortization": 0,
    "ebitda": 127000000,
    "ebitdaratio": 0.0635635636,
    "operatingIncome": 141000000,
    "operatingIncomeRatio": 0.0705705706,
    "totalOtherIncomeExpensesNet": -71000000,
    "incomeBeforeTax": 70000000,
    "incomeBeforeTaxRatio": 0.035035035,
    "incomeTaxExpense": 20000000,
    "netIncome": 45000000,
    "netIncomeRatio": 0.0225225225,
    "eps": 0.13,
    "epsdiluted": 0.12,
    "weightedAverageShsOut": 349500000,
    "weightedAverageShsOutDil": 352000000,
    "link": "https://www.sec.gov/Archives/edgar/data/62996/000104746914000923/0001047469-14-000923-index.htm",
    "finalLink": "https://www.sec.gov/Archives/edgar/data/62996/000104746914000923/a2218121z10-k.htm"
  },
  {
    "date": "2013-09-30",
    "symbol": "MAS",
    "reportedCurrency": "USD",
    "cik": "0000062996",
    "fillingDate": "2013-10-29",
    "acceptedDate": "2013-10-29 15:54:23",
    "calendarYear": "2013",
    "period": "Q3",
    "revenue": 2150000000,
    "costOfRevenue": 1543000000,
    "grossProfit": 607000000,
    "grossProfitRatio": 0.2823255814,
    "researchAndDevelopmentExpenses": 0,
    "generalAndAdministrativeExpenses": 395000000,
    "sellingAndMarketingExpenses": 0,
    "sellingGeneralAndAdministrativeExpenses": 395000000,
    "otherExpenses": 0,
    "operatingExpenses": 395000000,
    "costAndExpenses": 1938000000,
    "interestIncome": 1000000,
    "interestExpense": 58000000,
    "depreciationAndAmortization": 0,
    "ebitda": 218000000,
    "ebitdaratio": 0.1013953488,
    "operatingIncome": 212000000,
    "operatingIncomeRatio": 0.0986046512,
    "totalOtherIncomeExpensesNet": -52000000,
    "incomeBeforeTax": 154000000,
    "incomeBeforeTaxRatio": 0.071627907,
    "incomeTaxExpense": 38000000,
    "netIncome": 103000000,
    "netIncomeRatio": 0.0479069767,
    "eps": 0.29,
    "epsdiluted": 0.29,
    "weightedAverageShsOut": 349400000,
    "weightedAverageShsOutDil": 352000000,
    "link": "https://www.sec.gov/Archives/edgar/data/62996/000119312513415880/0001193125-13-415880-index.htm",
    "finalLink": "https://www.sec.gov/Archives/edgar/data/62996/000119312513415880/d612154d10q.htm"
  },
  {
    "date": "2013-06-30",
    "symbol": "MAS",
    "reportedCurrency": "USD",
    "cik": "0000062996",
    "fillingDate": "2013-07-31",
    "acceptedDate": "2013-07-31 13:27:31",
    "calendarYear": "2013",
    "period": "Q2",
    "revenue": 2149000000,
    "costOfRevenue": 1540000000,
    "grossProfit": 609000000,
    "grossProfitRatio": 0.2833876221,
    "researchAndDevelopmentExpenses": 0,
    "generalAndAdministrativeExpenses": 421000000,
    "sellingAndMarketingExpenses": 0,
    "sellingGeneralAndAdministrativeExpenses": 421000000,
    "otherExpenses": 0,
    "operatingExpenses": 421000000,
    "costAndExpenses": 1961000000,
    "interestIncome": 1000000,
    "interestExpense": 60000000,
    "depreciationAndAmortization": 0,
    "ebitda": 192000000,
    "ebitdaratio": 0.0893438809,
    "operatingIncome": 188000000,
    "operatingIncomeRatio": 0.08748255,
    "totalOtherIncomeExpensesNet": -56000000,
    "incomeBeforeTax": 131000000,
    "incomeBeforeTaxRatio": 0.0609585854,
    "incomeTaxExpense": 39000000,
    "netIncome": 77000000,
    "netIncomeRatio": 0.0358306189,
    "eps": 0.22,
    "epsdiluted": 0.21,
    "weightedAverageShsOut": 349200000,
    "weightedAverageShsOutDil": 352000000,
    "link": "https://www.sec.gov/Archives/edgar/data/62996/000119312513312136/0001193125-13-312136-index.htm",
    "finalLink": "https://www.sec.gov/Archives/edgar/data/62996/000119312513312136/d564131d10q.htm"
  },
  {
    "date": "2013-03-31",
    "symbol": "MAS",
    "reportedCurrency": "USD",
    "cik": "0000062996",
    "fillingDate": "2013-05-02",
    "acceptedDate": "2013-05-02 13:37:44",
    "calendarYear": "2013",
    "period": "Q1",
    "revenue": 1876000000,
    "costOfRevenue": 1368000000,
    "grossProfit": 508000000,
    "grossProfitRatio": 0.2707889126,
    "researchAndDevelopmentExpenses": 0,
    "generalAndAdministrativeExpenses": 376000000,
    "sellingAndMarketingExpenses": 0,
    "sellingGeneralAndAdministrativeExpenses": 376000000,
    "otherExpenses": 0,
    "operatingExpenses": 376000000,
    "costAndExpenses": 1744000000,
    "interestIncome": 1000000,
    "interestExpense": 60000000,
    "depreciationAndAmortization": 0,
    "ebitda": 145000000,
    "ebitdaratio": 0.0772921109,
    "operatingIncome": 132000000,
    "operatingIncomeRatio": 0.0703624733,
    "totalOtherIncomeExpensesNet": -47000000,
    "incomeBeforeTax": 79000000,
    "incomeBeforeTaxRatio": 0.0421108742,
    "incomeTaxExpense": 14000000,
    "netIncome": 56000000,
    "netIncomeRatio": 0.0298507463,
    "eps": 0.16,
    "epsdiluted": 0.13,
    "weightedAverageShsOut": 349100000,
    "weightedAverageShsOutDil": 352000000,
    "link": "https://www.sec.gov/Archives/edgar/data/62996/000119312513195470/0001193125-13-195470-index.htm",
    "finalLink": "https://www.sec.gov/Archives/edgar/data/62996/000119312513195470/d515568d10q.htm"
  },
  {
    "date": "2012-12-31",
    "symbol": "MAS",
    "reportedCurrency": "USD",
    "cik": "0000062996",
    "fillingDate": "2013-02-15",
    "acceptedDate": "2013-02-15 16:49:57",
    "calendarYear": "2012",
    "period": "Q4",
    "revenue": 1890000000,
    "costOfRevenue": 1444000000,
    "grossProfit": 446000000,
    "grossProfitRatio": 0.235978836,
    "researchAndDevelopmentExpenses": 0,
    "generalAndAdministrativeExpenses": 0,
    "sellingAndMarketingExpenses": 0,
    "sellingGeneralAndAdministrativeExpenses": 375000000,
    "otherExpenses": 45000000,
    "operatingExpenses": 420000000,
    "costAndExpenses": 1869000000,
    "interestIncome": 6000000,
    "interestExpense": 60000000,
    "depreciationAndAmortization": 0,
    "ebitda": 23000000,
    "ebitdaratio": 0.0121693122,
    "operatingIncome": 21000000,
    "operatingIncomeRatio": 0.0111111111,
    "totalOtherIncomeExpensesNet": -58000000,
    "incomeBeforeTax": -37000000,
    "incomeBeforeTaxRatio": -0.0195767196,
    "incomeTaxExpense": 35000000,
    "netIncome": -87000000,
    "netIncomeRatio": -0.046031746,
    "eps": -0.25,
    "epsdiluted": -0.25,
    "weightedAverageShsOut": 349000000,
    "weightedAverageShsOutDil": 349000000,
    "link": "https://www.sec.gov/Archives/edgar/data/62996/000119312513062852/0001193125-13-062852-index.htm",
    "finalLink": "https://www.sec.gov/Archives/edgar/data/62996/000119312513062852/d456978d10k.htm"
  },
  {
    "date": "2012-09-30",
    "symbol": "MAS",
    "reportedCurrency": "USD",
    "cik": "0000062996",
    "fillingDate": "2012-10-31",
    "acceptedDate": "2012-10-31 15:08:44",
    "calendarYear": "2012",
    "period": "Q3",
    "revenue": 1976000000,
    "costOfRevenue": 1476000000,
    "grossProfit": 500000000,
    "grossProfitRatio": 0.2530364372,
    "researchAndDevelopmentExpenses": 0,
    "generalAndAdministrativeExpenses": 391000000,
    "sellingAndMarketingExpenses": 0,
    "sellingGeneralAndAdministrativeExpenses": 391000000,
    "otherExpenses": 1000000,
    "operatingExpenses": 392000000,
    "costAndExpenses": 1805000000,
    "interestIncome": 1000000,
    "interestExpense": 62000000,
    "depreciationAndAmortization": 0,
    "ebitda": 113000000,
    "ebitdaratio": 0.0571862348,
    "operatingIncome": 108000000,
    "operatingIncomeRatio": 0.0546558704,
    "totalOtherIncomeExpensesNet": -57000000,
    "incomeBeforeTax": 45000000,
    "incomeBeforeTaxRatio": 0.0227732794,
    "incomeTaxExpense": 14000000,
    "netIncome": 15000000,
    "netIncomeRatio": 0.0075910931,
    "eps": 0.04,
    "epsdiluted": 0.04,
    "weightedAverageShsOut": 350000000,
    "weightedAverageShsOutDil": 350000000,
    "link": "https://www.sec.gov/Archives/edgar/data/62996/000119312512443542/0001193125-12-443542-index.htm",
    "finalLink": "https://www.sec.gov/Archives/edgar/data/62996/000119312512443542/d412717d10q.htm"
  },
  {
    "date": "2012-06-30",
    "symbol": "MAS",
    "reportedCurrency": "USD",
    "cik": "0000062996",
    "fillingDate": "2012-07-31",
    "acceptedDate": "2012-07-31 16:08:18",
    "calendarYear": "2012",
    "period": "Q2",
    "revenue": 2004000000,
    "costOfRevenue": 1479000000,
    "grossProfit": 525000000,
    "grossProfitRatio": 0.2619760479,
    "researchAndDevelopmentExpenses": 0,
    "generalAndAdministrativeExpenses": 392000000,
    "sellingAndMarketingExpenses": 0,
    "sellingGeneralAndAdministrativeExpenses": 392000000,
    "otherExpenses": 75000000,
    "operatingExpenses": 467000000,
    "costAndExpenses": 1891000000,
    "interestIncome": 2000000,
    "interestExpense": 68000000,
    "depreciationAndAmortization": 0,
    "ebitda": 56000000,
    "ebitdaratio": 0.0279441118,
    "operatingIncome": 54000000,
    "operatingIncomeRatio": 0.0269461078,
    "totalOtherIncomeExpensesNet": -66000000,
    "incomeBeforeTax": -19000000,
    "incomeBeforeTaxRatio": -0.0094810379,
    "incomeTaxExpense": 30000000,
    "netIncome": -75000000,
    "netIncomeRatio": -0.0374251497,
    "eps": -0.21,
    "epsdiluted": -0.21,
    "weightedAverageShsOut": 349000000,
    "weightedAverageShsOutDil": 349000000,
    "link": "https://www.sec.gov/Archives/edgar/data/62996/000119312512325839/0001193125-12-325839-index.htm",
    "finalLink": "https://www.sec.gov/Archives/edgar/data/62996/000119312512325839/d367736d10q.htm"
  },
  {
    "date": "2012-03-31",
    "symbol": "MAS",
    "reportedCurrency": "USD",
    "cik": "0000062996",
    "fillingDate": "2012-05-02",
    "acceptedDate": "2012-05-02 15:00:03",
    "calendarYear": "2012",
    "period": "Q1",
    "revenue": 1875000000,
    "costOfRevenue": 1390000000,
    "grossProfit": 485000000,
    "grossProfitRatio": 0.2586666667,
    "researchAndDevelopmentExpenses": 0,
    "generalAndAdministrativeExpenses": 377000000,
    "sellingAndMarketingExpenses": 0,
    "sellingGeneralAndAdministrativeExpenses": 377000000,
    "otherExpenses": -2000000,
    "operatingExpenses": 375000000,
    "costAndExpenses": 1697000000,
    "interestIncome": 2000000,
    "interestExpense": 64000000,
    "depreciationAndAmortization": 0,
    "ebitda": 124000000,
    "ebitdaratio": 0.0661333333,
    "operatingIncome": 109000000,
    "operatingIncomeRatio": 0.0581333333,
    "totalOtherIncomeExpensesNet": -49000000,
    "incomeBeforeTax": 53000000,
    "incomeBeforeTaxRatio": 0.0282666667,
    "incomeTaxExpense": 0,
    "netIncome": 33000000,
    "netIncomeRatio": 0.0176,
    "eps": 0.09,
    "epsdiluted": 0.09,
    "weightedAverageShsOut": 350000000,
    "weightedAverageShsOutDil": 350000000,
    "link": "https://www.sec.gov/Archives/edgar/data/62996/000119312512204147/0001193125-12-204147-index.htm",
    "finalLink": "https://www.sec.gov/Archives/edgar/data/62996/000119312512204147/d320219d10q.htm"
  },
  {
    "date": "2011-12-31",
    "symbol": "MAS",
    "reportedCurrency": "USD",
    "cik": "0000062996",
    "fillingDate": "2012-02-21",
    "acceptedDate": "2012-02-21 16:51:13",
    "calendarYear": "2011",
    "period": "Q4",
    "revenue": 1667000000,
    "costOfRevenue": 1335000000,
    "grossProfit": 332000000,
    "grossProfitRatio": 0.199160168,
    "researchAndDevelopmentExpenses": 0,
    "generalAndAdministrativeExpenses": 0,
    "sellingAndMarketingExpenses": 0,
    "sellingGeneralAndAdministrativeExpenses": 347000000,
    "otherExpenses": 494000000,
    "operatingExpenses": 841000000,
    "costAndExpenses": 2176000000,
    "interestIncome": 0,
    "interestExpense": 64000000,
    "depreciationAndAmortization": 0,
    "ebitda": -506000000,
    "ebitdaratio": -0.3035392921,
    "operatingIncome": -509000000,
    "operatingIncomeRatio": -0.3053389322,
    "totalOtherIncomeExpensesNet": -61000000,
    "incomeBeforeTax": -570000000,
    "incomeBeforeTaxRatio": -0.3419316137,
    "incomeTaxExpense": -112000000,
    "netIncome": -573000000,
    "netIncomeRatio": -0.3437312537,
    "eps": -1.65,
    "epsdiluted": -1.64,
    "weightedAverageShsOut": 348000000,
    "weightedAverageShsOutDil": 350000000,
    "link": "https://www.sec.gov/Archives/edgar/data/62996/000119312512070524/0001193125-12-070524-index.htm",
    "finalLink": "https://www.sec.gov/Archives/edgar/data/62996/000119312512070524/d276684d10k.htm"
  },
  {
    "date": "2011-09-30",
    "symbol": "MAS",
    "reportedCurrency": "USD",
    "cik": "0000062996",
    "fillingDate": "2011-10-28",
    "acceptedDate": "2011-10-28 12:05:46",
    "calendarYear": "2011",
    "period": "Q3",
    "revenue": 2006000000,
    "costOfRevenue": 1511000000,
    "grossProfit": 495000000,
    "grossProfitRatio": 0.2467597208,
    "researchAndDevelopmentExpenses": 0,
    "generalAndAdministrativeExpenses": 0,
    "sellingAndMarketingExpenses": 0,
    "sellingGeneralAndAdministrativeExpenses": 380000000,
    "otherExpenses": 1000000,
    "operatingExpenses": 381000000,
    "costAndExpenses": 1864000000,
    "interestIncome": 1000000,
    "interestExpense": 63000000,
    "depreciationAndAmortization": 0,
    "ebitda": 136000000,
    "ebitdaratio": 0.0677966102,
    "operatingIncome": 114000000,
    "operatingIncomeRatio": 0.0568295115,
    "totalOtherIncomeExpensesNet": -41000000,
    "incomeBeforeTax": 61000000,
    "incomeBeforeTaxRatio": 0.0304087737,
    "incomeTaxExpense": 12000000,
    "netIncome": 36000000,
    "netIncomeRatio": 0.0179461615,
    "eps": 0.1,
    "epsdiluted": 0.1,
    "weightedAverageShsOut": 347800000,
    "weightedAverageShsOutDil": 348000000,
    "link": "https://www.sec.gov/Archives/edgar/data/62996/000095012311092810/0000950123-11-092810-index.htm",
    "finalLink": "https://www.sec.gov/Archives/edgar/data/62996/000095012311092810/k50714e10vq.htm"
  },
  {
    "date": "2011-06-30",
    "symbol": "MAS",
    "reportedCurrency": "USD",
    "cik": "0000062996",
    "fillingDate": "2011-07-28",
    "acceptedDate": "2011-07-28 16:16:21",
    "calendarYear": "2011",
    "period": "Q2",
    "revenue": 2022000000,
    "costOfRevenue": 1490000000,
    "grossProfit": 532000000,
    "grossProfitRatio": 0.2631058358,
    "researchAndDevelopmentExpenses": 0,
    "generalAndAdministrativeExpenses": 0,
    "sellingAndMarketingExpenses": 0,
    "sellingGeneralAndAdministrativeExpenses": 431000000,
    "otherExpenses": 5000000,
    "operatingExpenses": 436000000,
    "costAndExpenses": 1902000000,
    "interestIncome": 0,
    "interestExpense": 64000000,
    "depreciationAndAmortization": 0,
    "ebitda": 128000000,
    "ebitdaratio": 0.0633036597,
    "operatingIncome": 96000000,
    "operatingIncomeRatio": 0.0474777448,
    "totalOtherIncomeExpensesNet": -32000000,
    "incomeBeforeTax": 58000000,
    "incomeBeforeTaxRatio": 0.0286844708,
    "incomeTaxExpense": 38000000,
    "netIncome": 8000000,
    "netIncomeRatio": 0.0039564787,
    "eps": 0.023,
    "epsdiluted": 0.02,
    "weightedAverageShsOut": 347500000,
    "weightedAverageShsOutDil": 349000000,
    "link": "https://www.sec.gov/Archives/edgar/data/62996/000095012311069598/0000950123-11-069598-index.htm",
    "finalLink": "https://www.sec.gov/Archives/edgar/data/62996/000095012311069598/k50415e10vq.htm"
  },
  {
    "date": "2011-03-31",
    "symbol": "MAS",
    "reportedCurrency": "USD",
    "cik": "0000062996",
    "fillingDate": "2011-04-28",
    "acceptedDate": "2011-04-28 15:42:49",
    "calendarYear": "2011",
    "period": "Q1",
    "revenue": 1772000000,
    "costOfRevenue": 1347000000,
    "grossProfit": 425000000,
    "grossProfitRatio": 0.2398419865,
    "researchAndDevelopmentExpenses": 0,
    "generalAndAdministrativeExpenses": 0,
    "sellingAndMarketingExpenses": 0,
    "sellingGeneralAndAdministrativeExpenses": 399000000,
    "otherExpenses": 0,
    "operatingExpenses": 399000000,
    "costAndExpenses": 1727000000,
    "interestIncome": 0,
    "interestExpense": 63000000,
    "depreciationAndAmortization": 0,
    "ebitda": 47000000,
    "ebitdaratio": 0.026523702,
    "operatingIncome": 26000000,
    "operatingIncomeRatio": 0.0146726862,
    "totalOtherIncomeExpensesNet": -42000000,
    "incomeBeforeTax": -21000000,
    "incomeBeforeTaxRatio": -0.0118510158,
    "incomeTaxExpense": 13000000,
    "netIncome": -46000000,
    "netIncomeRatio": -0.0259593679,
    "eps": -0.13,
    "epsdiluted": -0.13,
    "weightedAverageShsOut": 347500000,
    "weightedAverageShsOutDil": 349000000,
    "link": "https://www.sec.gov/Archives/edgar/data/62996/000095012311040901/0000950123-11-040901-index.htm",
    "finalLink": "https://www.sec.gov/Archives/edgar/data/62996/000095012311040901/k50223e10vq.htm"
  },
  {
    "date": "2010-12-31",
    "symbol": "MAS",
    "reportedCurrency": "USD",
    "cik": "0000062996",
    "fillingDate": "2011-02-18",
    "acceptedDate": "2011-02-18 16:17:00",
    "calendarYear": "2010",
    "period": "Q4",
    "revenue": 1735000000,
    "costOfRevenue": 1427000000,
    "grossProfit": 308000000,
    "grossProfitRatio": 0.1775216138,
    "researchAndDevelopmentExpenses": 0,
    "generalAndAdministrativeExpenses": 0,
    "sellingAndMarketingExpenses": 0,
    "sellingGeneralAndAdministrativeExpenses": 385000000,
    "otherExpenses": 721000000,
    "operatingExpenses": 1106000000,
    "costAndExpenses": 2533000000,
    "interestIncome": -1000000,
    "interestExpense": 63000000,
    "depreciationAndAmortization": 0,
    "ebitda": -790000000,
    "ebitdaratio": -0.4553314121,
    "operatingIncome": -798000000,
    "operatingIncomeRatio": -0.4599423631,
    "totalOtherIncomeExpensesNet": -55000000,
    "incomeBeforeTax": -853000000,
    "incomeBeforeTaxRatio": -0.4916426513,
    "incomeTaxExpense": 172000000,
    "netIncome": -1034000000,
    "netIncomeRatio": -0.5959654179,
    "eps": -2.98,
    "epsdiluted": -2.98,
    "weightedAverageShsOut": 347500000,
    "weightedAverageShsOutDil": 347500000,
    "link": "https://www.sec.gov/Archives/edgar/data/62996/000095012311015716/0000950123-11-015716-index.htm",
    "finalLink": "https://www.sec.gov/Archives/edgar/data/62996/000095012311015716/k49882e10vk.htm"
  },
  {
    "date": "2010-09-30",
    "symbol": "MAS",
    "reportedCurrency": "USD",
    "cik": "0000062996",
    "fillingDate": "2010-10-28",
    "acceptedDate": "2010-10-28 13:16:28",
    "calendarYear": "2010",
    "period": "Q3",
    "revenue": 1957000000,
    "costOfRevenue": 1463000000,
    "grossProfit": 494000000,
    "grossProfitRatio": 0.2524271845,
    "researchAndDevelopmentExpenses": 0,
    "generalAndAdministrativeExpenses": 0,
    "sellingAndMarketingExpenses": 0,
    "sellingGeneralAndAdministrativeExpenses": 392000000,
    "otherExpenses": 0,
    "operatingExpenses": 392000000,
    "costAndExpenses": 1855000000,
    "interestIncome": 0,
    "interestExpense": 63000000,
    "depreciationAndAmortization": 0,
    "ebitda": 101000000,
    "ebitdaratio": 0.0516096065,
    "operatingIncome": 102000000,
    "operatingIncomeRatio": 0.0521205927,
    "totalOtherIncomeExpensesNet": -64000000,
    "incomeBeforeTax": 38000000,
    "incomeBeforeTaxRatio": 0.0194174757,
    "incomeTaxExpense": 31000000,
    "netIncome": -5000000,
    "netIncomeRatio": -0.002554931,
    "eps": -0.0144,
    "epsdiluted": -0.0143,
    "weightedAverageShsOut": 348400000,
    "weightedAverageShsOutDil": 349000000,
    "link": "https://www.sec.gov/Archives/edgar/data/62996/000095012310097280/0000950123-10-097280-index.htm",
    "finalLink": "https://www.sec.gov/Archives/edgar/data/62996/000095012310097280/k49628e10vq.htm"
  },
  {
    "date": "2010-06-30",
    "symbol": "MAS",
    "reportedCurrency": "USD",
    "cik": "0000062996",
    "fillingDate": "2010-07-29",
    "acceptedDate": "2010-07-29 14:29:31",
    "calendarYear": "2010",
    "period": "Q2",
    "revenue": 2048000000,
    "costOfRevenue": 1502000000,
    "grossProfit": 546000000,
    "grossProfitRatio": 0.2666015625,
    "researchAndDevelopmentExpenses": 0,
    "generalAndAdministrativeExpenses": 0,
    "sellingAndMarketingExpenses": 0,
    "sellingGeneralAndAdministrativeExpenses": 427000000,
    "otherExpenses": 0,
    "operatingExpenses": 427000000,
    "costAndExpenses": 1929000000,
    "interestIncome": 0,
    "interestExpense": 67000000,
    "depreciationAndAmortization": 0,
    "ebitda": 83000000,
    "ebitdaratio": 0.0405273438,
    "operatingIncome": 119000000,
    "operatingIncomeRatio": 0.0581054688,
    "totalOtherIncomeExpensesNet": -103000000,
    "incomeBeforeTax": 16000000,
    "incomeBeforeTaxRatio": 0.0078125,
    "incomeTaxExpense": 4000000,
    "netIncome": 3000000,
    "netIncomeRatio": 0.0014648438,
    "eps": 0.0086,
    "epsdiluted": 0.0086,
    "weightedAverageShsOut": 350000000,
    "weightedAverageShsOutDil": 350000000,
    "link": "https://www.sec.gov/Archives/edgar/data/62996/000095012310069687/0000950123-10-069687-index.htm",
    "finalLink": "https://www.sec.gov/Archives/edgar/data/62996/000095012310069687/k49338e10vq.htm"
  },
  {
    "date": "2010-03-31",
    "symbol": "MAS",
    "reportedCurrency": "USD",
    "cik": "0000062996",
    "fillingDate": "2010-04-30",
    "acceptedDate": "2010-04-30 09:05:17",
    "calendarYear": "2010",
    "period": "Q1",
    "revenue": 1852000000,
    "costOfRevenue": 1360000000,
    "grossProfit": 492000000,
    "grossProfitRatio": 0.2656587473,
    "researchAndDevelopmentExpenses": 0,
    "generalAndAdministrativeExpenses": 0,
    "sellingAndMarketingExpenses": 0,
    "sellingGeneralAndAdministrativeExpenses": 414000000,
    "otherExpenses": 0,
    "operatingExpenses": 414000000,
    "costAndExpenses": 1774000000,
    "interestIncome": 0,
    "interestExpense": 58000000,
    "depreciationAndAmortization": 0,
    "ebitda": 80000000,
    "ebitdaratio": 0.0431965443,
    "operatingIncome": 78000000,
    "operatingIncomeRatio": 0.0421166307,
    "totalOtherIncomeExpensesNet": -56000000,
    "incomeBeforeTax": 22000000,
    "incomeBeforeTaxRatio": 0.0118790497,
    "incomeTaxExpense": 18000000,
    "netIncome": -7000000,
    "netIncomeRatio": -0.0037796976,
    "eps": -0.0201,
    "epsdiluted": -0.02,
    "weightedAverageShsOut": 348100000,
    "weightedAverageShsOutDil": 350000000,
    "link": "https://www.sec.gov/Archives/edgar/data/62996/000095012310041229/0000950123-10-041229-index.htm",
    "finalLink": "https://www.sec.gov/Archives/edgar/data/62996/000095012310041229/k49121e10vq.htm"
  },
  {
    "date": "2009-12-31",
    "symbol": "MAS",
    "reportedCurrency": "USD",
    "cik": "0000062996",
    "fillingDate": "2010-02-16",
    "acceptedDate": "2010-02-16 17:29:39",
    "calendarYear": "2009",
    "period": "Q4",
    "revenue": 1869000000,
    "costOfRevenue": 1382000000,
    "grossProfit": 487000000,
    "grossProfitRatio": 0.2605671482,
    "researchAndDevelopmentExpenses": 0,
    "generalAndAdministrativeExpenses": 0,
    "sellingAndMarketingExpenses": 0,
    "sellingGeneralAndAdministrativeExpenses": 421000000,
    "otherExpenses": 262000000,
    "operatingExpenses": 683000000,
    "costAndExpenses": 2065000000,
    "interestIncome": 0,
    "interestExpense": 56000000,
    "depreciationAndAmortization": 0,
    "ebitda": -189000000,
    "ebitdaratio": -0.1011235955,
    "operatingIncome": -196000000,
    "operatingIncomeRatio": -0.1048689139,
    "totalOtherIncomeExpensesNet": -49000000,
    "incomeBeforeTax": -245000000,
    "incomeBeforeTaxRatio": -0.1310861423,
    "incomeTaxExpense": -84000000,
    "netIncome": -185000000,
    "netIncomeRatio": -0.0989834136,
    "eps": -0.53,
    "epsdiluted": -0.53,
    "weightedAverageShsOut": 348100000,
    "weightedAverageShsOutDil": 348100000,
    "link": "https://www.sec.gov/Archives/edgar/data/62996/000095012310013437/0000950123-10-013437-index.htm",
    "finalLink": "https://www.sec.gov/Archives/edgar/data/62996/000095012310013437/k48823e10vk.htm"
  },
  {
    "date": "2009-09-30",
    "symbol": "MAS",
    "reportedCurrency": "USD",
    "cik": "0000062996",
    "fillingDate": "2009-10-29",
    "acceptedDate": "2009-10-29 14:41:39",
    "calendarYear": "2009",
    "period": "Q3",
    "revenue": 2094000000,
    "costOfRevenue": 1524000000,
    "grossProfit": 570000000,
    "grossProfitRatio": 0.2722063037,
    "researchAndDevelopmentExpenses": 0,
    "generalAndAdministrativeExpenses": 0,
    "sellingAndMarketingExpenses": 0,
    "sellingGeneralAndAdministrativeExpenses": 429000000,
    "otherExpenses": 0,
    "operatingExpenses": 429000000,
    "costAndExpenses": 1946000000,
    "interestIncome": 1000000,
    "interestExpense": 56000000,
    "depreciationAndAmortization": 0,
    "ebitda": 145000000,
    "ebitdaratio": 0.0692454632,
    "operatingIncome": 138000000,
    "operatingIncomeRatio": 0.0659025788,
    "totalOtherIncomeExpensesNet": -49000000,
    "incomeBeforeTax": 89000000,
    "incomeBeforeTaxRatio": 0.0425023878,
    "incomeTaxExpense": 26000000,
    "netIncome": 28000000,
    "netIncomeRatio": 0.0133715377,
    "eps": 0.0799,
    "epsdiluted": 0.0799,
    "weightedAverageShsOut": 351000000,
    "weightedAverageShsOutDil": 351000000,
    "link": "https://www.sec.gov/Archives/edgar/data/62996/000095012309054773/0000950123-09-054773-index.htm",
    "finalLink": "https://www.sec.gov/Archives/edgar/data/62996/000095012309054773/k48417e10vq.htm"
  },
  {
    "date": "2009-06-30",
    "symbol": "MAS",
    "reportedCurrency": "USD",
    "cik": "0000062996",
    "fillingDate": "2009-07-30",
    "acceptedDate": "2009-07-30 17:28:22",
    "calendarYear": "2009",
    "period": "Q2",
    "revenue": 2036000000,
    "costOfRevenue": 1490000000,
    "grossProfit": 546000000,
    "grossProfitRatio": 0.268172888,
    "researchAndDevelopmentExpenses": 0,
    "generalAndAdministrativeExpenses": 0,
    "sellingAndMarketingExpenses": 0,
    "sellingGeneralAndAdministrativeExpenses": 427000000,
    "otherExpenses": 0,
    "operatingExpenses": 427000000,
    "costAndExpenses": 1897000000,
    "interestIncome": 0,
    "interestExpense": 57000000,
    "depreciationAndAmortization": 0,
    "ebitda": 124000000,
    "ebitdaratio": 0.0609037328,
    "operatingIncome": 116000000,
    "operatingIncomeRatio": 0.0569744597,
    "totalOtherIncomeExpensesNet": -49000000,
    "incomeBeforeTax": 63000000,
    "incomeBeforeTaxRatio": 0.0309430255,
    "incomeTaxExpense": 1000000,
    "netIncome": 63000000,
    "netIncomeRatio": 0.0309430255,
    "eps": 0.16,
    "epsdiluted": 0.15,
    "weightedAverageShsOut": 351000000,
    "weightedAverageShsOutDil": 351000000,
    "link": "https://www.sec.gov/Archives/edgar/data/62996/000095012309027815/0000950123-09-027815-index.htm",
    "finalLink": "https://www.sec.gov/Archives/edgar/data/62996/000095012309027815/k48075e10vq.htm"
  },
  {
    "date": "2009-03-31",
    "symbol": "MAS",
    "reportedCurrency": "USD",
    "cik": "0000062996",
    "fillingDate": "2009-04-30",
    "acceptedDate": "2009-04-30 15:24:51",
    "calendarYear": "2009",
    "period": "Q1",
    "revenue": 1819000000,
    "costOfRevenue": 1403000000,
    "grossProfit": 416000000,
    "grossProfitRatio": 0.2286970863,
    "researchAndDevelopmentExpenses": 0,
    "generalAndAdministrativeExpenses": 0,
    "sellingAndMarketingExpenses": 0,
    "sellingGeneralAndAdministrativeExpenses": 415000000,
    "otherExpenses": 0,
    "operatingExpenses": 415000000,
    "costAndExpenses": 1799000000,
    "interestIncome": 0,
    "interestExpense": 56000000,
    "depreciationAndAmortization": 0,
    "ebitda": -5000000,
    "ebitdaratio": -0.0027487631,
    "operatingIncome": -2000000,
    "operatingIncomeRatio": -0.0010995052,
    "totalOtherIncomeExpensesNet": -59000000,
    "incomeBeforeTax": -66000000,
    "incomeBeforeTaxRatio": -0.0362836723,
    "incomeTaxExpense": 8000000,
    "netIncome": -81000000,
    "netIncomeRatio": -0.0445299615,
    "eps": -0.23,
    "epsdiluted": -0.23,
    "weightedAverageShsOut": 351000000,
    "weightedAverageShsOutDil": 351000000,
    "link": "https://www.sec.gov/Archives/edgar/data/62996/000095015209004466/0000950152-09-004466-index.htm",
    "finalLink": "https://www.sec.gov/Archives/edgar/data/62996/000095015209004466/k47735e10vq.htm"
  },
  {
    "date": "2008-12-31",
    "symbol": "MAS",
    "reportedCurrency": "USD",
    "cik": "0000062996",
    "fillingDate": "2009-02-17",
    "acceptedDate": "2009-02-17 15:19:41",
    "calendarYear": "2008",
    "period": "Q4",
    "revenue": 1979000000,
    "costOfRevenue": 1581000000,
    "grossProfit": 398000000,
    "grossProfitRatio": 0.2011116726,
    "researchAndDevelopmentExpenses": 0,
    "generalAndAdministrativeExpenses": 0,
    "sellingAndMarketingExpenses": 0,
    "sellingGeneralAndAdministrativeExpenses": 422000000,
    "otherExpenses": 467000000,
    "operatingExpenses": 889000000,
    "costAndExpenses": 2470000000,
    "interestIncome": 0,
    "interestExpense": 0,
    "depreciationAndAmortization": 0,
    "ebitda": -548000000,
    "ebitdaratio": -0.2769075291,
    "operatingIncome": -491000000,
    "operatingIncomeRatio": -0.2481051036,
    "totalOtherIncomeExpensesNet": -88000000,
    "incomeBeforeTax": -579000000,
    "incomeBeforeTaxRatio": -0.2925720061,
    "incomeTaxExpense": -75000000,
    "netIncome": -508000000,
    "netIncomeRatio": -0.2566953007,
    "eps": -1.45,
    "epsdiluted": -1.45,
    "weightedAverageShsOut": 350000000,
    "weightedAverageShsOutDil": 351000000,
    "link": "https://www.sec.gov/Archives/edgar/data/62996/000095015209001494/0000950152-09-001494-index.htm",
    "finalLink": "https://www.sec.gov/Archives/edgar/data/62996/000095015209001494/k47366e10vk.htm"
  },
  {
    "date": "2008-09-30",
    "symbol": "MAS",
    "reportedCurrency": "USD",
    "cik": "0000062996",
    "fillingDate": "2008-10-29",
    "acceptedDate": "2008-10-29 14:46:32",
    "calendarYear": "2008",
    "period": "Q3",
    "revenue": 2528000000,
    "costOfRevenue": 1880000000,
    "grossProfit": 648000000,
    "grossProfitRatio": 0.2563291139,
    "researchAndDevelopmentExpenses": 0,
    "generalAndAdministrativeExpenses": 0,
    "sellingAndMarketingExpenses": 0,
    "sellingGeneralAndAdministrativeExpenses": 454000000,
    "otherExpenses": 0,
    "operatingExpenses": 454000000,
    "costAndExpenses": 2317000000,
    "interestIncome": 0,
    "interestExpense": 59000000,
    "depreciationAndAmortization": 0,
    "ebitda": 197000000,
    "ebitdaratio": 0.0779272152,
    "operatingIncome": 194000000,
    "operatingIncomeRatio": 0.0767405063,
    "totalOtherIncomeExpensesNet": -56000000,
    "incomeBeforeTax": 139000000,
    "incomeBeforeTaxRatio": 0.0549841772,
    "incomeTaxExpense": 92000000,
    "netIncome": 33000000,
    "netIncomeRatio": 0.0130537975,
    "eps": 0.09,
    "epsdiluted": 0.09,
    "weightedAverageShsOut": 352000000,
    "weightedAverageShsOutDil": 352000000,
    "link": "https://www.sec.gov/Archives/edgar/data/62996/000095015208008338/0000950152-08-008338-index.htm",
    "finalLink": "https://www.sec.gov/Archives/edgar/data/62996/000095015208008338/k46841e10vq.htm"
  },
  {
    "date": "2008-06-30",
    "symbol": "MAS",
    "reportedCurrency": "USD",
    "cik": "0000062996",
    "fillingDate": "2008-07-30",
    "acceptedDate": "2008-07-30 14:28:36",
    "calendarYear": "2008",
    "period": "Q2",
    "revenue": 2640000000,
    "costOfRevenue": 1941000000,
    "grossProfit": 699000000,
    "grossProfitRatio": 0.2647727273,
    "researchAndDevelopmentExpenses": 0,
    "generalAndAdministrativeExpenses": 0,
    "sellingAndMarketingExpenses": 0,
    "sellingGeneralAndAdministrativeExpenses": 485000000,
    "otherExpenses": 0,
    "operatingExpenses": 485000000,
    "costAndExpenses": 2428000000,
    "interestIncome": 0,
    "interestExpense": 57000000,
    "depreciationAndAmortization": 0,
    "ebitda": 216000000,
    "ebitdaratio": 0.0818181818,
    "operatingIncome": 215000000,
    "operatingIncomeRatio": 0.0814393939,
    "totalOtherIncomeExpensesNet": -56000000,
    "incomeBeforeTax": 159000000,
    "incomeBeforeTaxRatio": 0.0602272727,
    "incomeTaxExpense": 75000000,
    "netIncome": 82000000,
    "netIncomeRatio": 0.0310606061,
    "eps": 0.23,
    "epsdiluted": 0.23,
    "weightedAverageShsOut": 354000000,
    "weightedAverageShsOutDil": 354000000,
    "link": "https://www.sec.gov/Archives/edgar/data/62996/000095015208005770/0000950152-08-005770-index.htm",
    "finalLink": "https://www.sec.gov/Archives/edgar/data/62996/000095015208005770/k33781e10vq.htm"
  },
  {
    "date": "2008-03-31",
    "symbol": "MAS",
    "reportedCurrency": "USD",
    "cik": "0000062996",
    "fillingDate": "2008-04-30",
    "acceptedDate": "2008-04-30 15:15:25",
    "calendarYear": "2008",
    "period": "Q1",
    "revenue": 2446000000,
    "costOfRevenue": 1818000000,
    "grossProfit": 628000000,
    "grossProfitRatio": 0.2567457073,
    "researchAndDevelopmentExpenses": 0,
    "generalAndAdministrativeExpenses": 0,
    "sellingAndMarketingExpenses": 0,
    "sellingGeneralAndAdministrativeExpenses": 476000000,
    "otherExpenses": 0,
    "operatingExpenses": 476000000,
    "costAndExpenses": 2296000000,
    "interestIncome": 0,
    "interestExpense": 56000000,
    "depreciationAndAmortization": 0,
    "ebitda": 126000000,
    "ebitdaratio": 0.0515126738,
    "operatingIncome": 154000000,
    "operatingIncomeRatio": 0.0629599346,
    "totalOtherIncomeExpensesNet": -84000000,
    "incomeBeforeTax": 76000000,
    "incomeBeforeTaxRatio": 0.0310711365,
    "incomeTaxExpense": 40000000,
    "netIncome": 2000000,
    "netIncomeRatio": 0.0008176615,
    "eps": 0.01,
    "epsdiluted": 0.01,
    "weightedAverageShsOut": 356000000,
    "weightedAverageShsOutDil": 356000000,
    "link": "https://www.sec.gov/Archives/edgar/data/62996/000095012408002152/0000950124-08-002152-index.htm",
    "finalLink": "https://www.sec.gov/Archives/edgar/data/62996/000095012408002152/k26260e10vq.htm"
  },
  {
    "date": "2007-12-31",
    "symbol": "MAS",
    "reportedCurrency": "USD",
    "cik": "0000062996",
    "fillingDate": "2008-02-22",
    "acceptedDate": "2008-02-22 17:23:00",
    "calendarYear": "2007",
    "period": "Q4",
    "revenue": 2698000000,
    "costOfRevenue": 2008000000,
    "grossProfit": 690000000,
    "grossProfitRatio": 0.2557449963,
    "researchAndDevelopmentExpenses": 0,
    "generalAndAdministrativeExpenses": 0,
    "sellingAndMarketingExpenses": 0,
    "sellingGeneralAndAdministrativeExpenses": 500000000,
    "otherExpenses": 227000000,
    "operatingExpenses": 727000000,
    "costAndExpenses": 2735000000,
    "interestIncome": 0,
    "interestExpense": 0,
    "depreciationAndAmortization": 0,
    "ebitda": -37000000,
    "ebitdaratio": -0.0137138621,
    "operatingIncome": -37000000,
    "operatingIncomeRatio": -0.0137138621,
    "totalOtherIncomeExpensesNet": -59000000,
    "incomeBeforeTax": -96000000,
    "incomeBeforeTaxRatio": -0.0355819125,
    "incomeTaxExpense": 34000000,
    "netIncome": -151000000,
    "netIncomeRatio": -0.0559673832,
    "eps": -0.43,
    "epsdiluted": -0.43,
    "weightedAverageShsOut": 354500000,
    "weightedAverageShsOutDil": 354500000,
    "link": "https://www.sec.gov/Archives/edgar/data/62996/000095012408000792/0000950124-08-000792-index.htm",
    "finalLink": "https://www.sec.gov/Archives/edgar/data/62996/000095012408000792/k22937e10vk.htm"
  },
  {
    "date": "2007-09-30",
    "symbol": "MAS",
    "reportedCurrency": "USD",
    "cik": "0000062996",
    "fillingDate": "2007-10-31",
    "acceptedDate": "2007-10-31 14:30:37",
    "calendarYear": "2007",
    "period": "Q3",
    "revenue": 3059000000,
    "costOfRevenue": 2197000000,
    "grossProfit": 862000000,
    "grossProfitRatio": 0.2817914351,
    "researchAndDevelopmentExpenses": 0,
    "generalAndAdministrativeExpenses": 0,
    "sellingAndMarketingExpenses": 0,
    "sellingGeneralAndAdministrativeExpenses": 488000000,
    "otherExpenses": 0,
    "operatingExpenses": 488000000,
    "costAndExpenses": 2685000000,
    "interestIncome": 0,
    "interestExpense": 0,
    "depreciationAndAmortization": 0,
    "ebitda": 374000000,
    "ebitdaratio": 0.1222621772,
    "operatingIncome": 374000000,
    "operatingIncomeRatio": 0.1222621772,
    "totalOtherIncomeExpensesNet": -45000000,
    "incomeBeforeTax": 329000000,
    "incomeBeforeTaxRatio": 0.1075514874,
    "incomeTaxExpense": 109000000,
    "netIncome": 205000000,
    "netIncomeRatio": 0.0670153645,
    "eps": 0.56,
    "epsdiluted": 0.56,
    "weightedAverageShsOut": 366071429,
    "weightedAverageShsOutDil": 366071429,
    "link": "https://www.sec.gov/Archives/edgar/data/62996/000095012407005478/0000950124-07-005478-index.htm",
    "finalLink": "https://www.sec.gov/Archives/edgar/data/62996/000095012407005478/k21076e10vq.htm"
  },
  {
    "date": "2007-06-30",
    "symbol": "MAS",
    "reportedCurrency": "USD",
    "cik": "0000062996",
    "fillingDate": "2007-08-01",
    "acceptedDate": "2007-08-01 14:34:25",
    "calendarYear": "2007",
    "period": "Q2",
    "revenue": 3148000000,
    "costOfRevenue": 2241000000,
    "grossProfit": 907000000,
    "grossProfitRatio": 0.2881194409,
    "researchAndDevelopmentExpenses": 0,
    "generalAndAdministrativeExpenses": 0,
    "sellingAndMarketingExpenses": 0,
    "sellingGeneralAndAdministrativeExpenses": 530000000,
    "otherExpenses": 0,
    "operatingExpenses": 530000000,
    "costAndExpenses": 2728000000,
    "interestIncome": 0,
    "interestExpense": 0,
    "depreciationAndAmortization": 0,
    "ebitda": 361000000,
    "ebitdaratio": 0.1146759848,
    "operatingIncome": 361000000,
    "operatingIncomeRatio": 0.1146759848,
    "totalOtherIncomeExpensesNet": -64000000,
    "incomeBeforeTax": 301000000,
    "incomeBeforeTaxRatio": 0.0956162643,
    "incomeTaxExpense": 108000000,
    "netIncome": 189000000,
    "netIncomeRatio": 0.0600381194,
    "eps": 0.51,
    "epsdiluted": 0.51,
    "weightedAverageShsOut": 370588235,
    "weightedAverageShsOutDil": 370588235,
    "link": "https://www.sec.gov/Archives/edgar/data/62996/000095012407003906/0000950124-07-003906-index.htm",
    "finalLink": "https://www.sec.gov/Archives/edgar/data/62996/000095012407003906/k17223e10vq.htm"
  },
  {
    "date": "2007-03-31",
    "symbol": "MAS",
    "reportedCurrency": "USD",
    "cik": "0000062996",
    "fillingDate": "2007-05-03",
    "acceptedDate": "2007-05-03 14:14:36",
    "calendarYear": "2007",
    "period": "Q1",
    "revenue": 2881000000,
    "costOfRevenue": 2125000000,
    "grossProfit": 756000000,
    "grossProfitRatio": 0.2624088858,
    "researchAndDevelopmentExpenses": 0,
    "generalAndAdministrativeExpenses": 0,
    "sellingAndMarketingExpenses": 0,
    "sellingGeneralAndAdministrativeExpenses": 484000000,
    "otherExpenses": 0,
    "operatingExpenses": 484000000,
    "costAndExpenses": 2551000000,
    "interestIncome": 0,
    "interestExpense": 0,
    "depreciationAndAmortization": 0,
    "ebitda": 252000000,
    "ebitdaratio": 0.0874696286,
    "operatingIncome": 252000000,
    "operatingIncomeRatio": 0.0874696286,
    "totalOtherIncomeExpensesNet": -21000000,
    "incomeBeforeTax": 236000000,
    "incomeBeforeTaxRatio": 0.0819160014,
    "incomeTaxExpense": 85000000,
    "netIncome": 143000000,
    "netIncomeRatio": 0.0496355432,
    "eps": 0.37,
    "epsdiluted": 0.37,
    "weightedAverageShsOut": 386486486,
    "weightedAverageShsOutDil": 386486486,
    "link": "https://www.sec.gov/Archives/edgar/data/62996/000095012407002657/0000950124-07-002657-index.htm",
    "finalLink": "https://www.sec.gov/Archives/edgar/data/62996/000095012407002657/k14701e10vq.htm"
  },
  {
    "date": "2006-12-31",
    "symbol": "MAS",
    "reportedCurrency": "USD",
    "cik": "0000062996",
    "fillingDate": "2007-02-27",
    "acceptedDate": "2007-02-27 17:26:53",
    "calendarYear": "2006",
    "period": "Q4",
    "revenue": 2946000000,
    "costOfRevenue": 2203000000,
    "grossProfit": 743000000,
    "grossProfitRatio": 0.2522063815,
    "researchAndDevelopmentExpenses": 0,
    "generalAndAdministrativeExpenses": 0,
    "sellingAndMarketingExpenses": 0,
    "sellingGeneralAndAdministrativeExpenses": 492000000,
    "otherExpenses": 320000000,
    "operatingExpenses": 812000000,
    "costAndExpenses": 3015000000,
    "interestIncome": 0,
    "interestExpense": 0,
    "depreciationAndAmortization": 0,
    "ebitda": -69000000,
    "ebitdaratio": -0.0234215886,
    "operatingIncome": -69000000,
    "operatingIncomeRatio": -0.0234215886,
    "totalOtherIncomeExpensesNet": -53000000,
    "incomeBeforeTax": -122000000,
    "incomeBeforeTaxRatio": -0.0414120842,
    "incomeTaxExpense": 58000000,
    "netIncome": -187000000,
    "netIncomeRatio": -0.0634758995,
    "eps": -0.49,
    "epsdiluted": -0.48,
    "weightedAverageShsOut": 384823529,
    "weightedAverageShsOutDil": 386486486,
    "link": "https://www.sec.gov/Archives/edgar/data/62996/000095012407001157/0000950124-07-001157-index.htm",
    "finalLink": "https://www.sec.gov/Archives/edgar/data/62996/000095012407001157/k12528e10vk.htm"
  },
  {
    "date": "2006-09-30",
    "symbol": "MAS",
    "reportedCurrency": "USD",
    "cik": "0000062996",
    "fillingDate": "2006-11-02",
    "acceptedDate": "2006-11-02 12:55:41",
    "calendarYear": "2006",
    "period": "Q3",
    "revenue": 3295000000,
    "costOfRevenue": 2372000000,
    "grossProfit": 923000000,
    "grossProfitRatio": 0.2801213961,
    "researchAndDevelopmentExpenses": 0,
    "generalAndAdministrativeExpenses": 0,
    "sellingAndMarketingExpenses": 0,
    "sellingGeneralAndAdministrativeExpenses": 520000000,
    "otherExpenses": 0,
    "operatingExpenses": 520000000,
    "costAndExpenses": 2880000000,
    "interestIncome": 0,
    "interestExpense": 0,
    "depreciationAndAmortization": 0,
    "ebitda": 399000000,
    "ebitdaratio": 0.1210925645,
    "operatingIncome": 399000000,
    "operatingIncomeRatio": 0.1210925645,
    "totalOtherIncomeExpensesNet": -43000000,
    "incomeBeforeTax": 356000000,
    "incomeBeforeTaxRatio": 0.1080424886,
    "incomeTaxExpense": 124000000,
    "netIncome": 252000000,
    "netIncomeRatio": 0.0764795144,
    "eps": 0.65,
    "epsdiluted": 0.64,
    "weightedAverageShsOut": 387692308,
    "weightedAverageShsOutDil": 393750000,
    "link": "https://www.sec.gov/Archives/edgar/data/62996/000095012406006376/0000950124-06-006376-index.htm",
    "finalLink": "https://www.sec.gov/Archives/edgar/data/62996/000095012406006376/k09573e10vq.htm"
  },
  {
    "date": "2006-06-30",
    "symbol": "MAS",
    "reportedCurrency": "USD",
    "cik": "0000062996",
    "fillingDate": "2006-08-03",
    "acceptedDate": "2006-08-03 11:42:48",
    "calendarYear": "2006",
    "period": "Q2",
    "revenue": 3389000000,
    "costOfRevenue": 2403000000,
    "grossProfit": 986000000,
    "grossProfitRatio": 0.2909412806,
    "researchAndDevelopmentExpenses": 0,
    "generalAndAdministrativeExpenses": 0,
    "sellingAndMarketingExpenses": 0,
    "sellingGeneralAndAdministrativeExpenses": 525000000,
    "otherExpenses": 10000000,
    "operatingExpenses": 535000000,
    "costAndExpenses": 2913000000,
    "interestIncome": 0,
    "interestExpense": 0,
    "depreciationAndAmortization": 0,
    "ebitda": 441000000,
    "ebitdaratio": 0.1301268811,
    "operatingIncome": 441000000,
    "operatingIncomeRatio": 0.1301268811,
    "totalOtherIncomeExpensesNet": -99000000,
    "incomeBeforeTax": 345000000,
    "incomeBeforeTaxRatio": 0.101799941,
    "incomeTaxExpense": 120000000,
    "netIncome": 219000000,
    "netIncomeRatio": 0.0646208321,
    "eps": 0.55,
    "epsdiluted": 0.54,
    "weightedAverageShsOut": 398181818,
    "weightedAverageShsOutDil": 405555556,
    "link": "https://www.sec.gov/Archives/edgar/data/62996/000095012406004139/0000950124-06-004139-index.htm",
    "finalLink": "https://www.sec.gov/Archives/edgar/data/62996/000095012406004139/k07341e10vq.htm"
  },
  {
    "date": "2006-03-31",
    "symbol": "MAS",
    "reportedCurrency": "USD",
    "cik": "0000062996",
    "fillingDate": "2006-05-05",
    "acceptedDate": "2006-05-05 14:00:47",
    "calendarYear": "2006",
    "period": "Q1",
    "revenue": 3186000000,
    "costOfRevenue": 2306000000,
    "grossProfit": 880000000,
    "grossProfitRatio": 0.2762084118,
    "researchAndDevelopmentExpenses": 0,
    "generalAndAdministrativeExpenses": 0,
    "sellingAndMarketingExpenses": 0,
    "sellingGeneralAndAdministrativeExpenses": 519000000,
    "otherExpenses": 0,
    "operatingExpenses": 519000000,
    "costAndExpenses": 2812000000,
    "interestIncome": 0,
    "interestExpense": 0,
    "depreciationAndAmortization": 0,
    "ebitda": 355000000,
    "ebitdaratio": 0.1114249843,
    "operatingIncome": 355000000,
    "operatingIncomeRatio": 0.1114249843,
    "totalOtherIncomeExpensesNet": -30000000,
    "incomeBeforeTax": 327000000,
    "incomeBeforeTaxRatio": 0.1026365348,
    "incomeTaxExpense": 113000000,
    "netIncome": 204000000,
    "netIncomeRatio": 0.0640301318,
    "eps": 0.5,
    "epsdiluted": 0.5,
    "weightedAverageShsOut": 408000000,
    "weightedAverageShsOutDil": 408000000,
    "link": "https://www.sec.gov/Archives/edgar/data/62996/000095012406002528/0000950124-06-002528-index.htm",
    "finalLink": "https://www.sec.gov/Archives/edgar/data/62996/000095012406002528/k05021e10vq.txt"
  },
  {
    "date": "2005-12-31",
    "symbol": "MAS",
    "reportedCurrency": "USD",
    "cik": "0000062996",
    "fillingDate": "2006-03-02",
    "acceptedDate": "2006-03-02 17:08:04",
    "calendarYear": "2005",
    "period": "Q4",
    "revenue": 2965000000,
    "costOfRevenue": 2146000000,
    "grossProfit": 819000000,
    "grossProfitRatio": 0.276222597,
    "researchAndDevelopmentExpenses": 0,
    "generalAndAdministrativeExpenses": 0,
    "sellingAndMarketingExpenses": 0,
    "sellingGeneralAndAdministrativeExpenses": 458000000,
    "otherExpenses": 69000000,
    "operatingExpenses": 527000000,
    "costAndExpenses": 2673000000,
    "interestIncome": 0,
    "interestExpense": 0,
    "depreciationAndAmortization": 0,
    "ebitda": 292000000,
    "ebitdaratio": 0.0984822934,
    "operatingIncome": 292000000,
    "operatingIncomeRatio": 0.0984822934,
    "totalOtherIncomeExpensesNet": -42000000,
    "incomeBeforeTax": 250000000,
    "incomeBeforeTaxRatio": 0.084317032,
    "incomeTaxExpense": 120000000,
    "netIncome": 173000000,
    "netIncomeRatio": 0.0583473862,
    "eps": 0.42,
    "epsdiluted": 0.42,
    "weightedAverageShsOut": 408000000,
    "weightedAverageShsOutDil": 408000000,
    "link": "https://www.sec.gov/Archives/edgar/data/62996/000095012406000949/0000950124-06-000949-index.htm",
    "finalLink": "https://www.sec.gov/Archives/edgar/data/62996/000095012406000949/k01210e10vk.txt"
  },
  {
    "date": "2005-09-30",
    "symbol": "MAS",
    "reportedCurrency": "USD",
    "cik": "0000062996",
    "fillingDate": "2005-11-03",
    "acceptedDate": "2005-11-03 15:35:04",
    "calendarYear": "2005",
    "period": "Q3",
    "revenue": 3360000000,
    "costOfRevenue": 2396000000,
    "grossProfit": 964000000,
    "grossProfitRatio": 0.2869047619,
    "researchAndDevelopmentExpenses": 0,
    "generalAndAdministrativeExpenses": 0,
    "sellingAndMarketingExpenses": 0,
    "sellingGeneralAndAdministrativeExpenses": 486000000,
    "otherExpenses": -1000000,
    "operatingExpenses": 485000000,
    "costAndExpenses": 2823000000,
    "interestIncome": 0,
    "interestExpense": 0,
    "depreciationAndAmortization": 0,
    "ebitda": 455000000,
    "ebitdaratio": 0.1354166667,
    "operatingIncome": 455000000,
    "operatingIncomeRatio": 0.1354166667,
    "totalOtherIncomeExpensesNet": -59000000,
    "incomeBeforeTax": 409000000,
    "incomeBeforeTaxRatio": 0.1217261905,
    "incomeTaxExpense": 141000000,
    "netIncome": 262000000,
    "netIncomeRatio": 0.0779761905,
    "eps": 0.62,
    "epsdiluted": 0.61,
    "weightedAverageShsOut": 422580645,
    "weightedAverageShsOutDil": 429508197,
    "link": "https://www.sec.gov/Archives/edgar/data/62996/000095012405006120/0000950124-05-006120-index.htm",
    "finalLink": "https://www.sec.gov/Archives/edgar/data/62996/000095012405006120/k99352e10vq.txt"
  },
  {
    "date": "2005-06-30",
    "symbol": "MAS",
    "reportedCurrency": "USD",
    "cik": "0000062996",
    "fillingDate": "2005-08-04",
    "acceptedDate": "2005-08-04 11:35:48",
    "calendarYear": "2005",
    "period": "Q2",
    "revenue": 3348000000,
    "costOfRevenue": 2363000000,
    "grossProfit": 985000000,
    "grossProfitRatio": 0.2942054958,
    "researchAndDevelopmentExpenses": 0,
    "generalAndAdministrativeExpenses": 0,
    "sellingAndMarketingExpenses": 0,
    "sellingGeneralAndAdministrativeExpenses": 508000000,
    "otherExpenses": -3000000,
    "operatingExpenses": 505000000,
    "costAndExpenses": 2823000000,
    "interestIncome": 0,
    "interestExpense": 0,
    "depreciationAndAmortization": 0,
    "ebitda": 463000000,
    "ebitdaratio": 0.1382915173,
    "operatingIncome": 463000000,
    "operatingIncomeRatio": 0.1382915173,
    "totalOtherIncomeExpensesNet": -41000000,
    "incomeBeforeTax": 432000000,
    "incomeBeforeTaxRatio": 0.1290322581,
    "incomeTaxExpense": 153000000,
    "netIncome": 274000000,
    "netIncomeRatio": 0.0818399044,
    "eps": 0.65,
    "epsdiluted": 0.64,
    "weightedAverageShsOut": 421538462,
    "weightedAverageShsOutDil": 428125000,
    "link": "https://www.sec.gov/Archives/edgar/data/62996/000095012405004671/0000950124-05-004671-index.htm",
    "finalLink": "https://www.sec.gov/Archives/edgar/data/62996/000095012405004671/k96938e10vq.txt"
  },
  {
    "date": "2005-03-31",
    "symbol": "MAS",
    "reportedCurrency": "USD",
    "cik": "0000062996",
    "fillingDate": "2005-05-10",
    "acceptedDate": "2005-05-10 13:39:40",
    "calendarYear": "2005",
    "period": "Q1",
    "revenue": 2969000000,
    "costOfRevenue": 2128000000,
    "grossProfit": 841000000,
    "grossProfitRatio": 0.283260357,
    "researchAndDevelopmentExpenses": 0,
    "generalAndAdministrativeExpenses": 0,
    "sellingAndMarketingExpenses": 0,
    "sellingGeneralAndAdministrativeExpenses": 500000000,
    "otherExpenses": -2000000,
    "operatingExpenses": 498000000,
    "costAndExpenses": 2626000000,
    "interestIncome": 0,
    "interestExpense": 0,
    "depreciationAndAmortization": 0,
    "ebitda": 343000000,
    "ebitdaratio": 0.1155271135,
    "operatingIncome": 343000000,
    "operatingIncomeRatio": 0.1155271135,
    "totalOtherIncomeExpensesNet": -22000000,
    "incomeBeforeTax": 321000000,
    "incomeBeforeTaxRatio": 0.1081172112,
    "incomeTaxExpense": 104000000,
    "netIncome": 231000000,
    "netIncomeRatio": 0.0778039744,
    "eps": 0.53,
    "epsdiluted": 0.52,
    "weightedAverageShsOut": 435849057,
    "weightedAverageShsOutDil": 444230769,
    "link": "https://www.sec.gov/Archives/edgar/data/62996/000095012405003165/0000950124-05-003165-index.htm",
    "finalLink": "https://www.sec.gov/Archives/edgar/data/62996/000095012405003165/k94798e10vq.txt"
  },
  {
    "date": "2004-12-31",
    "symbol": "MAS",
    "reportedCurrency": "USD",
    "cik": "0000062996",
    "fillingDate": "2005-03-16",
    "acceptedDate": "2005-03-16 17:24:30",
    "calendarYear": "2004",
    "period": "Q4",
    "revenue": 3034000000,
    "costOfRevenue": 2132000000,
    "grossProfit": 902000000,
    "grossProfitRatio": 0.2972972973,
    "researchAndDevelopmentExpenses": 0,
    "generalAndAdministrativeExpenses": 0,
    "sellingAndMarketingExpenses": 0,
    "sellingGeneralAndAdministrativeExpenses": 520000000,
    "otherExpenses": 168000000,
    "operatingExpenses": 688000000,
    "costAndExpenses": 2820000000,
    "interestIncome": 0,
    "interestExpense": 0,
    "depreciationAndAmortization": 0,
    "ebitda": 214000000,
    "ebitdaratio": 0.0705339486,
    "operatingIncome": 214000000,
    "operatingIncomeRatio": 0.0705339486,
    "totalOtherIncomeExpensesNet": -8000000,
    "incomeBeforeTax": 206000000,
    "incomeBeforeTaxRatio": 0.0678971655,
    "incomeTaxExpense": 95000000,
    "netIncome": 105000000,
    "netIncomeRatio": 0.0346077785,
    "eps": 0.24,
    "epsdiluted": 0.24,
    "weightedAverageShsOut": 435849057,
    "weightedAverageShsOutDil": 435849057,
    "link": "https://www.sec.gov/Archives/edgar/data/62996/000095012405001611/0000950124-05-001611-index.htm",
    "finalLink": "https://www.sec.gov/Archives/edgar/data/62996/000095012405001611/k90992e10vk.txt"
  },
  {
    "date": "2004-09-30",
    "symbol": "MAS",
    "reportedCurrency": "USD",
    "cik": "0000062996",
    "fillingDate": "2004-11-04",
    "acceptedDate": "2004-11-04 16:48:30",
    "calendarYear": "2004",
    "period": "Q3",
    "revenue": 3173000000,
    "costOfRevenue": 2182000000,
    "grossProfit": 991000000,
    "grossProfitRatio": 0.312322723,
    "researchAndDevelopmentExpenses": 0,
    "generalAndAdministrativeExpenses": 0,
    "sellingAndMarketingExpenses": 0,
    "sellingGeneralAndAdministrativeExpenses": 502000000,
    "otherExpenses": -2000000,
    "operatingExpenses": 500000000,
    "costAndExpenses": 2682000000,
    "interestIncome": 0,
    "interestExpense": 0,
    "depreciationAndAmortization": 0,
    "ebitda": 491000000,
    "ebitdaratio": 0.1547431453,
    "operatingIncome": 491000000,
    "operatingIncomeRatio": 0.1547431453,
    "totalOtherIncomeExpensesNet": -31000000,
    "incomeBeforeTax": 460000000,
    "incomeBeforeTaxRatio": 0.1449732115,
    "incomeTaxExpense": 167000000,
    "netIncome": 359000000,
    "netIncomeRatio": 0.1131421368,
    "eps": 0.82,
    "epsdiluted": 0.8,
    "weightedAverageShsOut": 437804878,
    "weightedAverageShsOutDil": 448750000,
    "link": "https://www.sec.gov/Archives/edgar/data/62996/000095012404005321/0000950124-04-005321-index.htm",
    "finalLink": "https://www.sec.gov/Archives/edgar/data/62996/000095012404005321/k88683e10vq.txt"
  },
  {
    "date": "2004-06-30",
    "symbol": "MAS",
    "reportedCurrency": "USD",
    "cik": "0000062996",
    "fillingDate": "2004-08-05",
    "acceptedDate": "2004-08-05 14:13:55",
    "calendarYear": "2004",
    "period": "Q2",
    "revenue": 3061000000,
    "costOfRevenue": 2087000000,
    "grossProfit": 974000000,
    "grossProfitRatio": 0.3181966678,
    "researchAndDevelopmentExpenses": 0,
    "generalAndAdministrativeExpenses": 0,
    "sellingAndMarketingExpenses": 0,
    "sellingGeneralAndAdministrativeExpenses": 504000000,
    "otherExpenses": -7000000,
    "operatingExpenses": 497000000,
    "costAndExpenses": 2584000000,
    "interestIncome": 0,
    "interestExpense": 0,
    "depreciationAndAmortization": 0,
    "ebitda": 477000000,
    "ebitdaratio": 0.1558314276,
    "operatingIncome": 477000000,
    "operatingIncomeRatio": 0.1558314276,
    "totalOtherIncomeExpensesNet": -11000000,
    "incomeBeforeTax": 466000000,
    "incomeBeforeTaxRatio": 0.1522378308,
    "incomeTaxExpense": 167000000,
    "netIncome": 261000000,
    "netIncomeRatio": 0.0852662529,
    "eps": 0.59,
    "epsdiluted": 0.58,
    "weightedAverageShsOut": 442372881,
    "weightedAverageShsOutDil": 450000000,
    "link": "https://www.sec.gov/Archives/edgar/data/62996/000095012404003585/0000950124-04-003585-index.htm",
    "finalLink": "https://www.sec.gov/Archives/edgar/data/62996/000095012404003585/k86643e10vq.txt"
  },
  {
    "date": "2004-03-31",
    "symbol": "MAS",
    "reportedCurrency": "USD",
    "cik": "0000062996",
    "fillingDate": "2004-05-05",
    "acceptedDate": "2004-05-05 16:10:02",
    "calendarYear": "2004",
    "period": "Q1",
    "revenue": 2806000000,
    "costOfRevenue": 1955000000,
    "grossProfit": 851000000,
    "grossProfitRatio": 0.3032786885,
    "researchAndDevelopmentExpenses": 0,
    "generalAndAdministrativeExpenses": 0,
    "sellingAndMarketingExpenses": 0,
    "sellingGeneralAndAdministrativeExpenses": 485000000,
    "otherExpenses": -21000000,
    "operatingExpenses": 464000000,
    "costAndExpenses": 2419000000,
    "interestIncome": 0,
    "interestExpense": 0,
    "depreciationAndAmortization": 0,
    "ebitda": 387000000,
    "ebitdaratio": 0.1379187455,
    "operatingIncome": 387000000,
    "operatingIncomeRatio": 0.1379187455,
    "totalOtherIncomeExpensesNet": -1000000,
    "incomeBeforeTax": 386000000,
    "incomeBeforeTaxRatio": 0.1375623664,
    "incomeTaxExpense": 140000000,
    "netIncome": 168000000,
    "netIncomeRatio": 0.0598717035,
    "eps": 0.37,
    "epsdiluted": 0.36,
    "weightedAverageShsOut": 454054054,
    "weightedAverageShsOutDil": 466666667,
    "link": "https://www.sec.gov/Archives/edgar/data/62996/000095012404002050/0000950124-04-002050-index.htm",
    "finalLink": "https://www.sec.gov/Archives/edgar/data/62996/000095012404002050/k84947e10vq.txt"
  },
  {
    "date": "2003-12-31",
    "symbol": "MAS",
    "reportedCurrency": "USD",
    "cik": "0000062996",
    "fillingDate": "2004-02-27",
    "acceptedDate": "2004-02-27 16:56:37",
    "calendarYear": "2003",
    "period": "Q4",
    "revenue": 2862210000,
    "costOfRevenue": 1982340000,
    "grossProfit": 879870000,
    "grossProfitRatio": 0.3074093096,
    "researchAndDevelopmentExpenses": 0,
    "generalAndAdministrativeExpenses": 0,
    "sellingAndMarketingExpenses": 0,
    "sellingGeneralAndAdministrativeExpenses": 484510000,
    "otherExpenses": 141120000,
    "operatingExpenses": 625630000,
    "costAndExpenses": 2607970000,
    "interestIncome": 0,
    "interestExpense": 0,
    "depreciationAndAmortization": 0,
    "ebitda": 254240000,
    "ebitdaratio": 0.0888264663,
    "operatingIncome": 254240000,
    "operatingIncomeRatio": 0.0888264663,
    "totalOtherIncomeExpensesNet": -57310000,
    "incomeBeforeTax": 196930000,
    "incomeBeforeTaxRatio": 0.068803477,
    "incomeTaxExpense": 99320000,
    "netIncome": 91880000,
    "netIncomeRatio": 0.0321010688,
    "eps": 0.2,
    "epsdiluted": 0.2,
    "weightedAverageShsOut": 454054054,
    "weightedAverageShsOutDil": 454054054,
    "link": "https://www.sec.gov/Archives/edgar/data/62996/000095012404000587/0000950124-04-000587-index.htm",
    "finalLink": "https://www.sec.gov/Archives/edgar/data/62996/000095012404000587/k82538e10vk.txt"
  },
  {
    "date": "2003-09-30",
    "symbol": "MAS",
    "reportedCurrency": "USD",
    "cik": "0000062996",
    "fillingDate": "2003-11-06",
    "acceptedDate": "2003-11-06 16:59:15",
    "calendarYear": "2003",
    "period": "Q3",
    "revenue": 2917900000,
    "costOfRevenue": 2014980000,
    "grossProfit": 902920000,
    "grossProfitRatio": 0.3094417218,
    "researchAndDevelopmentExpenses": 0,
    "generalAndAdministrativeExpenses": 0,
    "sellingAndMarketingExpenses": 0,
    "sellingGeneralAndAdministrativeExpenses": 459000000,
    "otherExpenses": -58000000,
    "operatingExpenses": 401000000,
    "costAndExpenses": 2350000000,
    "interestIncome": 0,
    "interestExpense": 0,
    "depreciationAndAmortization": 0,
    "ebitda": 473000000,
    "ebitdaratio": 0.1621028822,
    "operatingIncome": 473000000,
    "operatingIncomeRatio": 0.1621028822,
    "totalOtherIncomeExpensesNet": -60000000,
    "incomeBeforeTax": 419090000,
    "incomeBeforeTaxRatio": 0.1436272662,
    "incomeTaxExpense": 155200000,
    "netIncome": 318770000,
    "netIncomeRatio": 0.1092463758,
    "eps": 0.67,
    "epsdiluted": 0.65,
    "weightedAverageShsOut": 476119403,
    "weightedAverageShsOutDil": 490769231,
    "link": "https://www.sec.gov/Archives/edgar/data/62996/000095012403003462/0000950124-03-003462-index.htm",
    "finalLink": "https://www.sec.gov/Archives/edgar/data/62996/000095012403003462/k80660e10vq.txt"
  },
  {
    "date": "2003-06-30",
    "symbol": "MAS",
    "reportedCurrency": "USD",
    "cik": "0000062996",
    "fillingDate": "2003-08-07",
    "acceptedDate": "2003-08-07 15:57:11",
    "calendarYear": "2003",
    "period": "Q2",
    "revenue": 2787650000,
    "costOfRevenue": 1934360000,
    "grossProfit": 853290000,
    "grossProfitRatio": 0.3060965329,
    "researchAndDevelopmentExpenses": 0,
    "generalAndAdministrativeExpenses": 0,
    "sellingAndMarketingExpenses": 0,
    "sellingGeneralAndAdministrativeExpenses": 433000000,
    "otherExpenses": 0,
    "operatingExpenses": 433000000,
    "costAndExpenses": 2254000000,
    "interestIncome": 0,
    "interestExpense": 0,
    "depreciationAndAmortization": 0,
    "ebitda": 374000000,
    "ebitdaratio": 0.134163184,
    "operatingIncome": 374000000,
    "operatingIncomeRatio": 0.134163184,
    "totalOtherIncomeExpensesNet": -33000000,
    "incomeBeforeTax": 355390000,
    "incomeBeforeTaxRatio": 0.1274873101,
    "incomeTaxExpense": 123700000,
    "netIncome": 229550000,
    "netIncomeRatio": 0.0823453446,
    "eps": 0.48,
    "epsdiluted": 0.46,
    "weightedAverageShsOut": 477083333,
    "weightedAverageShsOutDil": 497826087,
    "link": "https://www.sec.gov/Archives/edgar/data/62996/000095013703004143/0000950137-03-004143-index.htm",
    "finalLink": "https://www.sec.gov/Archives/edgar/data/62996/000095013703004143/k78819e10vq.txt"
  },
  {
    "date": "2003-03-31",
    "symbol": "MAS",
    "reportedCurrency": "USD",
    "cik": "0000062996",
    "fillingDate": "2003-05-09",
    "acceptedDate": "2003-05-09 15:52:10",
    "calendarYear": "2003",
    "period": "Q1",
    "revenue": 2498300000,
    "costOfRevenue": 1744540000,
    "grossProfit": 753760000,
    "grossProfitRatio": 0.3017091622,
    "researchAndDevelopmentExpenses": 0,
    "generalAndAdministrativeExpenses": 0,
    "sellingAndMarketingExpenses": 0,
    "sellingGeneralAndAdministrativeExpenses": 452380000,
    "otherExpenses": -13520000,
    "operatingExpenses": 438860000,
    "costAndExpenses": 2183400000,
    "interestIncome": 0,
    "interestExpense": 0,
    "depreciationAndAmortization": 0,
    "ebitda": 314900000,
    "ebitdaratio": 0.1260457111,
    "operatingIncome": 314900000,
    "operatingIncomeRatio": 0.1260457111,
    "totalOtherIncomeExpensesNet": -55050000,
    "incomeBeforeTax": 259850000,
    "incomeBeforeTaxRatio": 0.1040107273,
    "incomeTaxExpense": 90400000,
    "netIncome": 165800000,
    "netIncomeRatio": 0.0663651283,
    "eps": 0.34,
    "epsdiluted": 0.32,
    "weightedAverageShsOut": 487647059,
    "weightedAverageShsOutDil": 518125000,
    "link": "https://www.sec.gov/Archives/edgar/data/62996/000095012403001620/0000950124-03-001620-index.htm",
    "finalLink": "https://www.sec.gov/Archives/edgar/data/62996/000095012403001620/k76797e10vq.txt"
  },
  {
    "date": "2002-12-31",
    "symbol": "MAS",
    "reportedCurrency": "USD",
    "cik": "0000062996",
    "fillingDate": "2003-03-14",
    "acceptedDate": "2003-03-14 17:29:25",
    "calendarYear": "2002",
    "period": "Q4",
    "revenue": 2487400000,
    "costOfRevenue": 1729850000,
    "grossProfit": 757550000,
    "grossProfitRatio": 0.304554957,
    "researchAndDevelopmentExpenses": 0,
    "generalAndAdministrativeExpenses": 0,
    "sellingAndMarketingExpenses": 0,
    "sellingGeneralAndAdministrativeExpenses": 402480000,
    "otherExpenses": -34830000,
    "operatingExpenses": 367650000,
    "costAndExpenses": 2097500000,
    "interestIncome": 0,
    "interestExpense": 0,
    "depreciationAndAmortization": 0,
    "ebitda": 389900000,
    "ebitdaratio": 0.1567500201,
    "operatingIncome": 389900000,
    "operatingIncomeRatio": 0.1567500201,
    "totalOtherIncomeExpensesNet": -90400000,
    "incomeBeforeTax": 299500000,
    "incomeBeforeTaxRatio": 0.1204068505,
    "incomeTaxExpense": 104700000,
    "netIncome": 194800000,
    "netIncomeRatio": 0.0783147061,
    "eps": 0.4,
    "epsdiluted": 0.4,
    "weightedAverageShsOut": 487647059,
    "weightedAverageShsOutDil": 487647059,
    "link": "https://www.sec.gov/Archives/edgar/data/62996/000095012403000656/0000950124-03-000656-index.htm",
    "finalLink": "https://www.sec.gov/Archives/edgar/data/62996/000095012403000656/k74353e10vk.txt"
  },
  {
    "date": "2002-09-30",
    "symbol": "MAS",
    "reportedCurrency": "USD",
    "cik": "0000062996",
    "fillingDate": "2002-11-14",
    "acceptedDate": "2002-11-14 19:46:54",
    "calendarYear": "2002",
    "period": "Q3",
    "revenue": 2518000000,
    "costOfRevenue": 1717040000,
    "grossProfit": 800960000,
    "grossProfitRatio": 0.3180937252,
    "researchAndDevelopmentExpenses": 0,
    "generalAndAdministrativeExpenses": 0,
    "sellingAndMarketingExpenses": 0,
    "sellingGeneralAndAdministrativeExpenses": 368850000,
    "otherExpenses": 166000000,
    "operatingExpenses": 534850000,
    "costAndExpenses": 2201050000,
    "interestIncome": 0,
    "interestExpense": 0,
    "depreciationAndAmortization": 0,
    "ebitda": 245650000,
    "ebitdaratio": 0.0975575854,
    "operatingIncome": 245650000,
    "operatingIncomeRatio": 0.0975575854,
    "totalOtherIncomeExpensesNet": -76280000,
    "incomeBeforeTax": 179200000,
    "incomeBeforeTaxRatio": 0.0711675933,
    "incomeTaxExpense": 56400000,
    "netIncome": 122800000,
    "netIncomeRatio": 0.0487688642,
    "eps": 0.25,
    "epsdiluted": 0.23,
    "weightedAverageShsOut": 494700000,
    "weightedAverageShsOutDil": 521900000,
    "link": "https://www.sec.gov/Archives/edgar/data/62996/000095012402003562/0000950124-02-003562-index.htm",
    "finalLink": "https://www.sec.gov/Archives/edgar/data/62996/000095012402003562/k72403e10vq.txt"
  },
  {
    "date": "2002-06-30",
    "symbol": "MAS",
    "reportedCurrency": "USD",
    "cik": "0000062996",
    "fillingDate": "2002-08-13",
    "acceptedDate": "2002-08-13 17:07:02",
    "calendarYear": "2002",
    "period": "Q2",
    "revenue": 2314000000,
    "costOfRevenue": 1549650000,
    "grossProfit": 764350000,
    "grossProfitRatio": 0.330315471,
    "researchAndDevelopmentExpenses": 0,
    "generalAndAdministrativeExpenses": 0,
    "sellingAndMarketingExpenses": 0,
    "sellingGeneralAndAdministrativeExpenses": 369250000,
    "otherExpenses": 0,
    "operatingExpenses": 369250000,
    "costAndExpenses": 1918900000,
    "interestIncome": 0,
    "interestExpense": 0,
    "depreciationAndAmortization": 0,
    "ebitda": 395100000,
    "ebitdaratio": 0.1707433016,
    "operatingIncome": 395100000,
    "operatingIncomeRatio": 0.1707433016,
    "totalOtherIncomeExpensesNet": -70400000,
    "incomeBeforeTax": 324700000,
    "incomeBeforeTaxRatio": 0.1403197926,
    "incomeTaxExpense": 110400000,
    "netIncome": 214300000,
    "netIncomeRatio": 0.0926101988,
    "eps": 0.45,
    "epsdiluted": 0.43,
    "weightedAverageShsOut": 476222222,
    "weightedAverageShsOutDil": 498372093,
    "link": "https://www.sec.gov/Archives/edgar/data/62996/000095012402002686/0000950124-02-002686-index.htm",
    "finalLink": "https://www.sec.gov/Archives/edgar/data/62996/000095012402002686/k71162e10vq.txt"
  },
  {
    "date": "2002-03-31",
    "symbol": "MAS",
    "reportedCurrency": "USD",
    "cik": "0000062996",
    "fillingDate": "2002-05-15",
    "acceptedDate": "2002-05-15 16:05:55",
    "calendarYear": "2002",
    "period": "Q1",
    "revenue": 2100000000,
    "costOfRevenue": 1454050000,
    "grossProfit": 645950000,
    "grossProfitRatio": 0.3075952381,
    "researchAndDevelopmentExpenses": 0,
    "generalAndAdministrativeExpenses": 0,
    "sellingAndMarketingExpenses": 0,
    "sellingGeneralAndAdministrativeExpenses": 355350000,
    "otherExpenses": 0,
    "operatingExpenses": 355350000,
    "costAndExpenses": 1809400000,
    "interestIncome": 0,
    "interestExpense": 0,
    "depreciationAndAmortization": 0,
    "ebitda": 290600000,
    "ebitdaratio": 0.1383809524,
    "operatingIncome": 290600000,
    "operatingIncomeRatio": 0.1383809524,
    "totalOtherIncomeExpensesNet": -63000000,
    "incomeBeforeTax": 227600000,
    "incomeBeforeTaxRatio": 0.1083809524,
    "incomeTaxExpense": 77400000,
    "netIncome": 150200000,
    "netIncomeRatio": 0.0715238095,
    "eps": 0.32,
    "epsdiluted": 0.31,
    "weightedAverageShsOut": 469375000,
    "weightedAverageShsOutDil": 484516129,
    "link": "https://www.sec.gov/Archives/edgar/data/62996/000095012402001852/0000950124-02-001852-index.htm",
    "finalLink": "https://www.sec.gov/Archives/edgar/data/62996/000095012402001852/k69700e10-q.txt"
  },
  {
    "date": "2001-12-31",
    "symbol": "MAS",
    "reportedCurrency": "USD",
    "cik": "0000062996",
    "fillingDate": "2002-03-28",
    "acceptedDate": "2002-03-28 00:00:00",
    "calendarYear": "2001",
    "period": "Q4",
    "revenue": 2115000000,
    "costOfRevenue": 1509900000,
    "grossProfit": 605100000,
    "grossProfitRatio": 0.2860992908,
    "researchAndDevelopmentExpenses": 0,
    "generalAndAdministrativeExpenses": 0,
    "sellingAndMarketingExpenses": 0,
    "sellingGeneralAndAdministrativeExpenses": 368300000,
    "otherExpenses": 23200000,
    "operatingExpenses": 391500000,
    "costAndExpenses": 1901400000,
    "interestIncome": 0,
    "interestExpense": 0,
    "depreciationAndAmortization": 199490000,
    "ebitda": 413090000,
    "ebitdaratio": 0.1953144208,
    "operatingIncome": 213600000,
    "operatingIncomeRatio": 0.1009929078,
    "totalOtherIncomeExpensesNet": -22100000,
    "incomeBeforeTax": 191500000,
    "incomeBeforeTaxRatio": 0.0905437352,
    "incomeTaxExpense": 64000000,
    "netIncome": 127500000,
    "netIncomeRatio": 0.0602836879,
    "eps": 0.27,
    "epsdiluted": 0.27,
    "weightedAverageShsOut": 459050000,
    "weightedAverageShsOutDil": 469375000,
    "link": "https://www.sec.gov/Archives/edgar/data/62996/000095012402001084/0000950124-02-001084-index.htm",
    "finalLink": "https://www.sec.gov/Archives/edgar/data/62996/000095012402001084/k67904e10-k405.txt"
  },
  {
    "date": "2001-09-30",
    "symbol": "MAS",
    "reportedCurrency": "USD",
    "cik": "0000062996",
    "fillingDate": "2001-11-13",
    "acceptedDate": "2001-11-13 00:00:00",
    "calendarYear": "2001",
    "period": "Q3",
    "revenue": 2247000000,
    "costOfRevenue": 1530300000,
    "grossProfit": 716700000,
    "grossProfitRatio": 0.3189586115,
    "researchAndDevelopmentExpenses": 0,
    "generalAndAdministrativeExpenses": 0,
    "sellingAndMarketingExpenses": 0,
    "sellingGeneralAndAdministrativeExpenses": 361900000,
    "otherExpenses": 23900000,
    "operatingExpenses": 385800000,
    "costAndExpenses": 1916100000,
    "interestIncome": 0,
    "interestExpense": 0,
    "depreciationAndAmortization": 23900000,
    "ebitda": 354800000,
    "ebitdaratio": 0.1578994215,
    "operatingIncome": 330900000,
    "operatingIncomeRatio": 0.1472630174,
    "totalOtherIncomeExpensesNet": -612700000,
    "incomeBeforeTax": -281800000,
    "incomeBeforeTaxRatio": -0.12541166,
    "incomeTaxExpense": -98800000,
    "netIncome": -183000000,
    "netIncomeRatio": -0.0814419226,
    "eps": -0.39,
    "epsdiluted": -0.39,
    "weightedAverageShsOut": 469230769,
    "weightedAverageShsOutDil": 469230769,
    "link": "https://www.sec.gov/Archives/edgar/data/62996/000095012401503973/0000950124-01-503973-index.htm",
    "finalLink": "https://www.sec.gov/Archives/edgar/data/62996/000095012401503973/k66076e10-q.txt"
  },
  {
    "date": "2001-06-30",
    "symbol": "MAS",
    "reportedCurrency": "USD",
    "cik": "0000062996",
    "fillingDate": "2001-08-07",
    "acceptedDate": "2001-08-07 00:00:00",
    "calendarYear": "2001",
    "period": "Q2",
    "revenue": 2085000000,
    "costOfRevenue": 1429100000,
    "grossProfit": 655900000,
    "grossProfitRatio": 0.3145803357,
    "researchAndDevelopmentExpenses": 0,
    "generalAndAdministrativeExpenses": 0,
    "sellingAndMarketingExpenses": 0,
    "sellingGeneralAndAdministrativeExpenses": 333380000,
    "otherExpenses": 23100000,
    "operatingExpenses": 356480000,
    "costAndExpenses": 1791480000,
    "interestIncome": 0,
    "interestExpense": 0,
    "depreciationAndAmortization": 23100000,
    "ebitda": 295620000,
    "ebitdaratio": 0.1417841727,
    "operatingIncome": 272520000,
    "operatingIncomeRatio": 0.130705036,
    "totalOtherIncomeExpensesNet": -58520000,
    "incomeBeforeTax": 214000000,
    "incomeBeforeTaxRatio": 0.1026378897,
    "incomeTaxExpense": 75000000,
    "netIncome": 139000000,
    "netIncomeRatio": 0.0666666667,
    "eps": 0.31,
    "epsdiluted": 0.3,
    "weightedAverageShsOut": 451000000,
    "weightedAverageShsOutDil": 462800000,
    "link": "https://www.sec.gov/Archives/edgar/data/62996/000095012401502598/0000950124-01-502598-index.htm",
    "finalLink": "https://www.sec.gov/Archives/edgar/data/62996/000095012401502598/k64100e10-q.txt"
  },
  {
    "date": "2001-03-31",
    "symbol": "MAS",
    "reportedCurrency": "USD",
    "cik": "0000062996",
    "fillingDate": "2001-05-14",
    "acceptedDate": "2001-05-14 00:00:00",
    "calendarYear": "2001",
    "period": "Q1",
    "revenue": 1911000000,
    "costOfRevenue": 1337500000,
    "grossProfit": 573500000,
    "grossProfitRatio": 0.3001046572,
    "researchAndDevelopmentExpenses": 0,
    "generalAndAdministrativeExpenses": 0,
    "sellingAndMarketingExpenses": 0,
    "sellingGeneralAndAdministrativeExpenses": 333700000,
    "otherExpenses": 23000000,
    "operatingExpenses": 356700000,
    "costAndExpenses": 1694200000,
    "interestIncome": 0,
    "interestExpense": 0,
    "depreciationAndAmortization": 23000000,
    "ebitda": 239800000,
    "ebitdaratio": 0.1254840398,
    "operatingIncome": 216800000,
    "operatingIncomeRatio": 0.1134484563,
    "totalOtherIncomeExpensesNet": -39800000,
    "incomeBeforeTax": 177000000,
    "incomeBeforeTaxRatio": 0.0926216641,
    "incomeTaxExpense": 62000000,
    "netIncome": 115000000,
    "netIncomeRatio": 0.0601779173,
    "eps": 0.25,
    "epsdiluted": 0.25,
    "weightedAverageShsOut": 460000000,
    "weightedAverageShsOutDil": 460000000,
    "link": "https://www.sec.gov/Archives/edgar/data/62996/000095012401501115/0000950124-01-501115-index.htm",
    "finalLink": "https://www.sec.gov/Archives/edgar/data/62996/000095012401501115/k62290e10-q.txt"
  },
  {
    "date": "2000-12-31",
    "symbol": "MAS",
    "reportedCurrency": "USD",
    "cik": "0000062996",
    "fillingDate": "2001-03-29",
    "acceptedDate": "2001-03-29 00:00:00",
    "calendarYear": "2000",
    "period": "Q4",
    "revenue": 1733000000,
    "costOfRevenue": 1187530000,
    "grossProfit": 545470000,
    "grossProfitRatio": 0.3147547605,
    "researchAndDevelopmentExpenses": 0,
    "generalAndAdministrativeExpenses": 0,
    "sellingAndMarketingExpenses": 0,
    "sellingGeneralAndAdministrativeExpenses": 168240000,
    "otherExpenses": 190530000,
    "operatingExpenses": 358770000,
    "costAndExpenses": 1546300000,
    "interestIncome": 0,
    "interestExpense": 0,
    "depreciationAndAmortization": 190530000,
    "ebitda": 377230000,
    "ebitdaratio": 0.2176745528,
    "operatingIncome": 186700000,
    "operatingIncomeRatio": 0.1077322562,
    "totalOtherIncomeExpensesNet": -161200000,
    "incomeBeforeTax": 25500000,
    "incomeBeforeTaxRatio": 0.0147143681,
    "incomeTaxExpense": -19400000,
    "netIncome": 44900000,
    "netIncomeRatio": 0.0259088286,
    "eps": 0.0976,
    "epsdiluted": 0.0976,
    "weightedAverageShsOut": 443365431,
    "weightedAverageShsOutDil": 460000000,
    "link": "https://www.sec.gov/Archives/edgar/data/62996/000095012401001796/0000950124-01-001796-index.htm",
    "finalLink": "https://www.sec.gov/Archives/edgar/data/62996/000095012401001796/k60919e10-k.txt"
  },
  {
    "date": "2000-09-30",
    "symbol": "MAS",
    "reportedCurrency": "USD",
    "cik": "0000062996",
    "fillingDate": "2000-11-14",
    "acceptedDate": "2000-11-14 00:00:00",
    "calendarYear": "2000",
    "period": "Q3",
    "revenue": 1893000000,
    "costOfRevenue": 1215900000,
    "grossProfit": 677100000,
    "grossProfitRatio": 0.3576862124,
    "researchAndDevelopmentExpenses": 0,
    "generalAndAdministrativeExpenses": 0,
    "sellingAndMarketingExpenses": 0,
    "sellingGeneralAndAdministrativeExpenses": 359200000,
    "otherExpenses": 17700000,
    "operatingExpenses": 376900000,
    "costAndExpenses": 1592800000,
    "interestIncome": 0,
    "interestExpense": 0,
    "depreciationAndAmortization": 17700000,
    "ebitda": 317900000,
    "ebitdaratio": 0.1679344955,
    "operatingIncome": 300200000,
    "operatingIncomeRatio": 0.1585842578,
    "totalOtherIncomeExpensesNet": -2700000,
    "incomeBeforeTax": 297500000,
    "incomeBeforeTaxRatio": 0.1571579503,
    "incomeTaxExpense": 110100000,
    "netIncome": 187400000,
    "netIncomeRatio": 0.0989963022,
    "eps": 0.42,
    "epsdiluted": 0.41,
    "weightedAverageShsOut": 446190476,
    "weightedAverageShsOutDil": 457073171,
    "link": "https://www.sec.gov/Archives/edgar/data/62996/000095012400006931/0000950124-00-006931-index.htm",
    "finalLink": "https://www.sec.gov/Archives/edgar/data/62996/000095012400006931/k58507e10-q.txt"
  },
  {
    "date": "2000-06-30",
    "symbol": "MAS",
    "reportedCurrency": "USD",
    "cik": "0000062996",
    "fillingDate": "2000-08-10",
    "acceptedDate": "2000-08-10 00:00:00",
    "calendarYear": "2000",
    "period": "Q2",
    "revenue": 1871000000,
    "costOfRevenue": 1196700000,
    "grossProfit": 674300000,
    "grossProfitRatio": 0.3603955104,
    "researchAndDevelopmentExpenses": 0,
    "generalAndAdministrativeExpenses": 0,
    "sellingAndMarketingExpenses": 0,
    "sellingGeneralAndAdministrativeExpenses": 309600000,
    "otherExpenses": 15900000,
    "operatingExpenses": 325500000,
    "costAndExpenses": 1569700000,
    "interestIncome": 0,
    "interestExpense": 0,
    "depreciationAndAmortization": 15900000,
    "ebitda": 317200000,
    "ebitdaratio": 0.169535008,
    "operatingIncome": 301300000,
    "operatingIncomeRatio": 0.1610368787,
    "totalOtherIncomeExpensesNet": -6900000,
    "incomeBeforeTax": 294400000,
    "incomeBeforeTaxRatio": 0.1573490112,
    "incomeTaxExpense": 109000000,
    "netIncome": 185400000,
    "netIncomeRatio": 0.099091395,
    "eps": 0.42,
    "epsdiluted": 0.41,
    "weightedAverageShsOut": 441500000,
    "weightedAverageShsOutDil": 450200000,
    "link": "https://www.sec.gov/Archives/edgar/data/62996/000095012400004793/0000950124-00-004793-index.htm",
    "finalLink": "https://www.sec.gov/Archives/edgar/data/62996/000095012400004793/e10-q.txt"
  },
  {
    "date": "2000-03-31",
    "symbol": "MAS",
    "reportedCurrency": "USD",
    "cik": "0000062996",
    "fillingDate": "2000-11-01",
    "acceptedDate": "2000-11-01 00:00:00",
    "calendarYear": "2000",
    "period": "Q1",
    "revenue": 1746000000,
    "costOfRevenue": 1125900000,
    "grossProfit": 620100000,
    "grossProfitRatio": 0.3551546392,
    "researchAndDevelopmentExpenses": 0,
    "generalAndAdministrativeExpenses": 0,
    "sellingAndMarketingExpenses": 0,
    "sellingGeneralAndAdministrativeExpenses": 337400000,
    "otherExpenses": 14200000,
    "operatingExpenses": 351600000,
    "costAndExpenses": 1477500000,
    "interestIncome": 0,
    "interestExpense": 0,
    "depreciationAndAmortization": 14200000,
    "ebitda": 282700000,
    "ebitdaratio": 0.1619129439,
    "operatingIncome": 268500000,
    "operatingIncomeRatio": 0.1537800687,
    "totalOtherIncomeExpensesNet": 7500000,
    "incomeBeforeTax": 276000000,
    "incomeBeforeTaxRatio": 0.1580756014,
    "incomeTaxExpense": 102000000,
    "netIncome": 174000000,
    "netIncomeRatio": 0.0996563574,
    "eps": 0.4,
    "epsdiluted": 0.39,
    "weightedAverageShsOut": 435000000,
    "weightedAverageShsOutDil": 446153846,
    "link": "https://www.sec.gov/Archives/edgar/data/62996/000095012400006369/0000950124-00-006369-index.htm",
    "finalLink": "https://www.sec.gov/Archives/edgar/data/62996/000095012400006369/k58101e10-qa.txt"
  },
  {
    "date": "1999-12-31",
    "symbol": "MAS",
    "reportedCurrency": "USD",
    "cik": "0000062996",
    "fillingDate": "2000-03-30",
    "acceptedDate": "2000-03-30 00:00:00",
    "calendarYear": "1999",
    "period": "Q4",
    "revenue": 1645000000,
    "costOfRevenue": 916500000,
    "grossProfit": 728500000,
    "grossProfitRatio": 0.4428571429,
    "researchAndDevelopmentExpenses": 0,
    "generalAndAdministrativeExpenses": 0,
    "sellingAndMarketingExpenses": 0,
    "sellingGeneralAndAdministrativeExpenses": 313000000,
    "otherExpenses": 150100000,
    "operatingExpenses": 463100000,
    "costAndExpenses": 1379600000,
    "interestIncome": 0,
    "interestExpense": 0,
    "depreciationAndAmortization": 150100000,
    "ebitda": 415500000,
    "ebitdaratio": 0.2525835866,
    "operatingIncome": 265400000,
    "operatingIncomeRatio": 0.161337386,
    "totalOtherIncomeExpensesNet": 3300000,
    "incomeBeforeTax": 268700000,
    "incomeBeforeTaxRatio": 0.163343465,
    "incomeTaxExpense": 90000000,
    "netIncome": 178700000,
    "netIncomeRatio": 0.1086322188,
    "eps": 0.41,
    "epsdiluted": 0.41,
    "weightedAverageShsOut": 435000000,
    "weightedAverageShsOutDil": 435000000,
    "link": "https://www.sec.gov/Archives/edgar/data/62996/000095012400001746/0000950124-00-001746-index.html",
    "finalLink": "https://www.sec.gov/Archives/edgar/data/62996/000095012400001746/"
  },
  {
    "date": "1999-09-30",
    "symbol": "MAS",
    "reportedCurrency": "USD",
    "cik": "0000062996",
    "fillingDate": "1999-11-15",
    "acceptedDate": "1999-11-15 00:00:00",
    "calendarYear": "1999",
    "period": "Q3",
    "revenue": 1704000000,
    "costOfRevenue": 1082000000,
    "grossProfit": 622000000,
    "grossProfitRatio": 0.3650234742,
    "researchAndDevelopmentExpenses": 0,
    "generalAndAdministrativeExpenses": 0,
    "sellingAndMarketingExpenses": 0,
    "sellingGeneralAndAdministrativeExpenses": 463600000,
    "otherExpenses": 13100000,
    "operatingExpenses": 476700000,
    "costAndExpenses": 1558700000,
    "interestIncome": 0,
    "interestExpense": 0,
    "depreciationAndAmortization": 13400000,
    "ebitda": 158700000,
    "ebitdaratio": 0.0931338028,
    "operatingIncome": 145300000,
    "operatingIncomeRatio": 0.0852699531,
    "totalOtherIncomeExpensesNet": -32100000,
    "incomeBeforeTax": 113200000,
    "incomeBeforeTaxRatio": 0.0664319249,
    "incomeTaxExpense": 48300000,
    "netIncome": 64900000,
    "netIncomeRatio": 0.0380868545,
    "eps": 0.15,
    "epsdiluted": 0.15,
    "weightedAverageShsOut": 435300000,
    "weightedAverageShsOutDil": 445900000,
    "link": "https://www.sec.gov/Archives/edgar/data/62996/000095012499006141/0000950124-99-006141-index.html",
    "finalLink": "https://www.sec.gov/Archives/edgar/data/62996/000095012499006141/"
  },
  {
    "date": "1999-06-30",
    "symbol": "MAS",
    "reportedCurrency": "USD",
    "cik": "0000062996",
    "fillingDate": "1999-08-06",
    "acceptedDate": "1999-08-06 00:00:00",
    "calendarYear": "1999",
    "period": "Q2",
    "revenue": 1269000000,
    "costOfRevenue": 812600000,
    "grossProfit": 456400000,
    "grossProfitRatio": 0.3596532703,
    "researchAndDevelopmentExpenses": 0,
    "generalAndAdministrativeExpenses": 0,
    "sellingAndMarketingExpenses": 0,
    "sellingGeneralAndAdministrativeExpenses": 241300000,
    "otherExpenses": 10100000,
    "operatingExpenses": 251400000,
    "costAndExpenses": 1064000000,
    "interestIncome": 0,
    "interestExpense": 0,
    "depreciationAndAmortization": 10000000,
    "ebitda": 215100000,
    "ebitdaratio": 0.1695035461,
    "operatingIncome": 205000000,
    "operatingIncomeRatio": 0.1615445232,
    "totalOtherIncomeExpensesNet": 14900000,
    "incomeBeforeTax": 219900000,
    "incomeBeforeTaxRatio": 0.173286052,
    "incomeTaxExpense": 81300000,
    "netIncome": 138600000,
    "netIncomeRatio": 0.1092198582,
    "eps": 0.42,
    "epsdiluted": 0.41,
    "weightedAverageShsOut": 435000000,
    "weightedAverageShsOutDil": 446100000,
    "link": "https://www.sec.gov/Archives/edgar/data/62996/000095012499004479/0000950124-99-004479-index.html",
    "finalLink": "https://www.sec.gov/Archives/edgar/data/62996/000095012499004479/"
  },
  {
    "date": "1999-03-31",
    "symbol": "MAS",
    "reportedCurrency": "USD",
    "cik": "0000062996",
    "fillingDate": "1999-05-13",
    "acceptedDate": "1999-05-13 00:00:00",
    "calendarYear": "1999",
    "period": "Q1",
    "revenue": 1147000000,
    "costOfRevenue": 730300000,
    "grossProfit": 416700000,
    "grossProfitRatio": 0.3632955536,
    "researchAndDevelopmentExpenses": 0,
    "generalAndAdministrativeExpenses": 0,
    "sellingAndMarketingExpenses": 0,
    "sellingGeneralAndAdministrativeExpenses": 273500000,
    "otherExpenses": 8300000,
    "operatingExpenses": 281800000,
    "costAndExpenses": 1156200000,
    "interestIncome": 0,
    "interestExpense": 0,
    "depreciationAndAmortization": 8300000,
    "ebitda": 243100000,
    "ebitdaratio": 0.2119442023,
    "operatingIncome": 234800000,
    "operatingIncomeRatio": 0.2047079337,
    "totalOtherIncomeExpensesNet": 8500000,
    "incomeBeforeTax": 197300000,
    "incomeBeforeTaxRatio": 0.1720139494,
    "incomeTaxExpense": 73000000,
    "netIncome": 124300000,
    "netIncomeRatio": 0.10836966,
    "eps": 0.37,
    "epsdiluted": 0.36,
    "weightedAverageShsOut": 410540541,
    "weightedAverageShsOutDil": 421944444,
    "link": "https://www.sec.gov/Archives/edgar/data/62996/000006299699000011/0000062996-99-000011-index.html",
    "finalLink": "https://www.sec.gov/Archives/edgar/data/62996/"
  },
  {
    "date": "1998-12-31",
    "symbol": "MAS",
    "reportedCurrency": "USD",
    "cik": "0000062996",
    "fillingDate": "1999-03-26",
    "acceptedDate": "1999-03-26 00:00:00",
    "calendarYear": "1998",
    "period": "Q4",
    "revenue": 1099000000,
    "costOfRevenue": 618500000,
    "grossProfit": 480500000,
    "grossProfitRatio": 0.4372156506,
    "researchAndDevelopmentExpenses": 0,
    "generalAndAdministrativeExpenses": 0,
    "sellingAndMarketingExpenses": 0,
    "sellingGeneralAndAdministrativeExpenses": 204600000,
    "otherExpenses": 116100000,
    "operatingExpenses": 320700000,
    "costAndExpenses": 939200000,
    "interestIncome": 0,
    "interestExpense": 0,
    "depreciationAndAmortization": 116100000,
    "ebitda": 275900000,
    "ebitdaratio": 0.2510464058,
    "operatingIncome": 159800000,
    "operatingIncomeRatio": 0.1454049136,
    "totalOtherIncomeExpensesNet": 25000000,
    "incomeBeforeTax": 184800000,
    "incomeBeforeTaxRatio": 0.1681528662,
    "incomeTaxExpense": 62300000,
    "netIncome": 122500000,
    "netIncomeRatio": 0.1114649682,
    "eps": 0.36,
    "epsdiluted": 0.36,
    "weightedAverageShsOut": 335945946,
    "weightedAverageShsOutDil": 335945946,
    "link": "https://www.sec.gov/Archives/edgar/data/62996/000095012499002075/0000950124-99-002075-index.html",
    "finalLink": "https://www.sec.gov/Archives/edgar/data/62996/"
  },
  {
    "date": "1998-09-30",
    "symbol": "MAS",
    "reportedCurrency": "USD",
    "cik": "0000062996",
    "fillingDate": "1998-11-13",
    "acceptedDate": "1998-11-13 00:00:00",
    "calendarYear": "1998",
    "period": "Q3",
    "revenue": 1122000000,
    "costOfRevenue": 717100000,
    "grossProfit": 404900000,
    "grossProfitRatio": 0.3608734403,
    "researchAndDevelopmentExpenses": 0,
    "generalAndAdministrativeExpenses": 0,
    "sellingAndMarketingExpenses": 0,
    "sellingGeneralAndAdministrativeExpenses": 269200000,
    "otherExpenses": 7500000,
    "operatingExpenses": 276700000,
    "costAndExpenses": 1146300000,
    "interestIncome": 0,
    "interestExpense": 0,
    "depreciationAndAmortization": 7800000,
    "ebitda": 241500000,
    "ebitdaratio": 0.2152406417,
    "operatingIncome": 233700000,
    "operatingIncomeRatio": 0.2082887701,
    "totalOtherIncomeExpensesNet": 8100000,
    "incomeBeforeTax": 197100000,
    "incomeBeforeTaxRatio": 0.1756684492,
    "incomeTaxExpense": 71200000,
    "netIncome": 125900000,
    "netIncomeRatio": 0.1122103387,
    "eps": 0.35,
    "epsdiluted": 0.34,
    "weightedAverageShsOut": 436571429,
    "weightedAverageShsOutDil": 436571429,
    "link": "https://www.sec.gov/Archives/edgar/data/62996/000006299698000008/0000062996-98-000008-index.html",
    "finalLink": "https://www.sec.gov/Archives/edgar/data/62996/"
  },
  {
    "date": "1998-06-30",
    "symbol": "MAS",
    "reportedCurrency": "USD",
    "cik": "0000062996",
    "fillingDate": "1998-08-14",
    "acceptedDate": "1998-08-14 00:00:00",
    "calendarYear": "1998",
    "period": "Q2",
    "revenue": 1085000000,
    "costOfRevenue": 691400000,
    "grossProfit": 393600000,
    "grossProfitRatio": 0.362764977,
    "researchAndDevelopmentExpenses": 0,
    "generalAndAdministrativeExpenses": 0,
    "sellingAndMarketingExpenses": 0,
    "sellingGeneralAndAdministrativeExpenses": 213000000,
    "otherExpenses": 6800000,
    "operatingExpenses": 219800000,
    "costAndExpenses": 911200000,
    "interestIncome": 0,
    "interestExpense": 0,
    "depreciationAndAmortization": 6800000,
    "ebitda": 180600000,
    "ebitdaratio": 0.1664516129,
    "operatingIncome": 173800000,
    "operatingIncomeRatio": 0.1601843318,
    "totalOtherIncomeExpensesNet": 15000000,
    "incomeBeforeTax": 188800000,
    "incomeBeforeTaxRatio": 0.1740092166,
    "incomeTaxExpense": 71800000,
    "netIncome": 117000000,
    "netIncomeRatio": 0.1078341014,
    "eps": 0.35,
    "epsdiluted": 0.34,
    "weightedAverageShsOut": 334285714,
    "weightedAverageShsOutDil": 344117647,
    "link": "https://www.sec.gov/Archives/edgar/data/62996/000095012498004500/0000950124-98-004500-index.html",
    "finalLink": "https://www.sec.gov/Archives/edgar/data/62996/"
  },
  {
    "date": "1998-03-31",
    "symbol": "MAS",
    "reportedCurrency": "USD",
    "cik": "0000062996",
    "fillingDate": "1998-05-14",
    "acceptedDate": "1998-05-14 00:00:00",
    "calendarYear": "1998",
    "period": "Q1",
    "revenue": 1039000000,
    "costOfRevenue": 659200000,
    "grossProfit": 379800000,
    "grossProfitRatio": 0.3655437921,
    "researchAndDevelopmentExpenses": 0,
    "generalAndAdministrativeExpenses": 0,
    "sellingAndMarketingExpenses": 0,
    "sellingGeneralAndAdministrativeExpenses": 207500000,
    "otherExpenses": 6000000,
    "operatingExpenses": 213500000,
    "costAndExpenses": 872700000,
    "interestIncome": 0,
    "interestExpense": 0,
    "depreciationAndAmortization": 6000000,
    "ebitda": 172300000,
    "ebitdaratio": 0.1658325313,
    "operatingIncome": 166300000,
    "operatingIncomeRatio": 0.1600577478,
    "totalOtherIncomeExpensesNet": 18000000,
    "incomeBeforeTax": 184300000,
    "incomeBeforeTaxRatio": 0.1773820982,
    "incomeTaxExpense": 73700000,
    "netIncome": 110600000,
    "netIncomeRatio": 0.1064485082,
    "eps": 0.34,
    "epsdiluted": 0.33,
    "weightedAverageShsOut": 325294118,
    "weightedAverageShsOutDil": 335151515,
    "link": "https://www.sec.gov/Archives/edgar/data/62996/000006299698000006/0000062996-98-000006-index.html",
    "finalLink": "https://www.sec.gov/Archives/edgar/data/62996/"
  },
  {
    "date": "1997-12-31",
    "symbol": "MAS",
    "reportedCurrency": "USD",
    "cik": "0000062996",
    "fillingDate": "1998-03-27",
    "acceptedDate": "1998-03-27 00:00:00",
    "calendarYear": "1997",
    "period": "Q4",
    "revenue": 990000000,
    "costOfRevenue": 529200000,
    "grossProfit": 460800000,
    "grossProfitRatio": 0.4654545455,
    "researchAndDevelopmentExpenses": 0,
    "generalAndAdministrativeExpenses": 0,
    "sellingAndMarketingExpenses": 0,
    "sellingGeneralAndAdministrativeExpenses": 202600000,
    "otherExpenses": 103200000,
    "operatingExpenses": 305800000,
    "costAndExpenses": 835000000,
    "interestIncome": 0,
    "interestExpense": 0,
    "depreciationAndAmortization": 103200000,
    "ebitda": 258200000,
    "ebitdaratio": 0.2608080808,
    "operatingIncome": 155000000,
    "operatingIncomeRatio": 0.1565656566,
    "totalOtherIncomeExpensesNet": 14400000,
    "incomeBeforeTax": 169400000,
    "incomeBeforeTaxRatio": 0.1711111111,
    "incomeTaxExpense": 63900000,
    "netIncome": 105500000,
    "netIncomeRatio": 0.1065656566,
    "eps": 0.32,
    "epsdiluted": 0.32,
    "weightedAverageShsOut": 325294118,
    "weightedAverageShsOutDil": 325294118,
    "link": "https://www.sec.gov/Archives/edgar/data/62996/000095012498001648/0000950124-98-001648-index.html",
    "finalLink": "https://www.sec.gov/Archives/edgar/data/62996/"
  },
  {
    "date": "1997-09-30",
    "symbol": "MAS",
    "reportedCurrency": "USD",
    "cik": "0000062996",
    "fillingDate": "1997-11-13",
    "acceptedDate": "1997-11-13 00:00:00",
    "calendarYear": "1997",
    "period": "Q3",
    "revenue": 1003000000,
    "costOfRevenue": 634000000,
    "grossProfit": 369000000,
    "grossProfitRatio": 0.3678963111,
    "researchAndDevelopmentExpenses": 0,
    "generalAndAdministrativeExpenses": 0,
    "sellingAndMarketingExpenses": 0,
    "sellingGeneralAndAdministrativeExpenses": 205100000,
    "otherExpenses": 5400000,
    "operatingExpenses": 210500000,
    "costAndExpenses": 844500000,
    "interestIncome": 0,
    "interestExpense": 0,
    "depreciationAndAmortization": 5400000,
    "ebitda": 163900000,
    "ebitdaratio": 0.1634097707,
    "operatingIncome": 158500000,
    "operatingIncomeRatio": 0.1580259222,
    "totalOtherIncomeExpensesNet": 11400000,
    "incomeBeforeTax": 169900000,
    "incomeBeforeTaxRatio": 0.1693918245,
    "incomeTaxExpense": 68100000,
    "netIncome": 101800000,
    "netIncomeRatio": 0.1014955135,
    "eps": 0.32,
    "epsdiluted": 0.3,
    "weightedAverageShsOut": 318125000,
    "weightedAverageShsOutDil": 339333333,
    "link": "https://www.sec.gov/Archives/edgar/data/62996/000095012497005944/0000950124-97-005944-index.html",
    "finalLink": "https://www.sec.gov/Archives/edgar/data/62996/"
  },
  {
    "date": "1997-06-30",
    "symbol": "MAS",
    "reportedCurrency": "USD",
    "cik": "0000062996",
    "fillingDate": "1997-08-13",
    "acceptedDate": "1997-08-13 00:00:00",
    "calendarYear": "1997",
    "period": "Q2",
    "revenue": 913000000,
    "costOfRevenue": 578200000,
    "grossProfit": 334800000,
    "grossProfitRatio": 0.3667031763,
    "researchAndDevelopmentExpenses": 0,
    "generalAndAdministrativeExpenses": 0,
    "sellingAndMarketingExpenses": 0,
    "sellingGeneralAndAdministrativeExpenses": 187200000,
    "otherExpenses": 3800000,
    "operatingExpenses": 191000000,
    "costAndExpenses": 769200000,
    "interestIncome": 0,
    "interestExpense": 0,
    "depreciationAndAmortization": 3800000,
    "ebitda": 147600000,
    "ebitdaratio": 0.1616648412,
    "operatingIncome": 143800000,
    "operatingIncomeRatio": 0.1575027382,
    "totalOtherIncomeExpensesNet": 8600000,
    "incomeBeforeTax": 152400000,
    "incomeBeforeTaxRatio": 0.1669222344,
    "incomeTaxExpense": 60800000,
    "netIncome": 91600000,
    "netIncomeRatio": 0.1003285871,
    "eps": 0.29,
    "epsdiluted": 0.28,
    "weightedAverageShsOut": 315862069,
    "weightedAverageShsOutDil": 327142857,
    "link": "https://www.sec.gov/Archives/edgar/data/62996/000006299697000011/0000062996-97-000011-index.html",
    "finalLink": "https://www.sec.gov/Archives/edgar/data/62996/"
  },
  {
    "date": "1997-03-31",
    "symbol": "MAS",
    "reportedCurrency": "USD",
    "cik": "0000062996",
    "fillingDate": "1997-05-15",
    "acceptedDate": "1997-05-15 00:00:00",
    "calendarYear": "1997",
    "period": "Q1",
    "revenue": 854000000,
    "costOfRevenue": 539500000,
    "grossProfit": 314500000,
    "grossProfitRatio": 0.3682669789,
    "researchAndDevelopmentExpenses": 0,
    "generalAndAdministrativeExpenses": 0,
    "sellingAndMarketingExpenses": 0,
    "sellingGeneralAndAdministrativeExpenses": 181000000,
    "otherExpenses": 3700000,
    "operatingExpenses": 184700000,
    "costAndExpenses": 724200000,
    "interestIncome": 0,
    "interestExpense": 0,
    "depreciationAndAmortization": 3700000,
    "ebitda": 133500000,
    "ebitdaratio": 0.156323185,
    "operatingIncome": 129800000,
    "operatingIncomeRatio": 0.1519906323,
    "totalOtherIncomeExpensesNet": 9400000,
    "incomeBeforeTax": 139200000,
    "incomeBeforeTaxRatio": 0.1629976581,
    "incomeTaxExpense": 55700000,
    "netIncome": 83500000,
    "netIncomeRatio": 0.0977751756,
    "eps": 0.27,
    "epsdiluted": 0.26,
    "weightedAverageShsOut": 309259259,
    "weightedAverageShsOutDil": 321153846,
    "link": "https://www.sec.gov/Archives/edgar/data/62996/000006299697000004/0000062996-97-000004-index.html",
    "finalLink": "https://www.sec.gov/Archives/edgar/data/62996/"
  },
  {
    "date": "1996-12-31",
    "symbol": "MAS",
    "reportedCurrency": "USD",
    "cik": "0000062996",
    "fillingDate": "1997-03-28",
    "acceptedDate": "1997-03-28 00:00:00",
    "calendarYear": "1996",
    "period": "Q4",
    "revenue": 843000000,
    "costOfRevenue": 461600000,
    "grossProfit": 381400000,
    "grossProfitRatio": 0.4524317912,
    "researchAndDevelopmentExpenses": 0,
    "generalAndAdministrativeExpenses": 0,
    "sellingAndMarketingExpenses": 0,
    "sellingGeneralAndAdministrativeExpenses": 176100000,
    "otherExpenses": 91100000,
    "operatingExpenses": 267200000,
    "costAndExpenses": 728800000,
    "interestIncome": 0,
    "interestExpense": 0,
    "depreciationAndAmortization": 91100000,
    "ebitda": 205300000,
    "ebitdaratio": 0.2435349941,
    "operatingIncome": 114200000,
    "operatingIncomeRatio": 0.1354685647,
    "totalOtherIncomeExpensesNet": 35500000,
    "incomeBeforeTax": 149700000,
    "incomeBeforeTaxRatio": 0.1775800712,
    "incomeTaxExpense": 66300000,
    "netIncome": 83400000,
    "netIncomeRatio": 0.0989323843,
    "eps": 0.27,
    "epsdiluted": 0.27,
    "weightedAverageShsOut": 309259259,
    "weightedAverageShsOutDil": 309259259,
    "link": "https://www.sec.gov/Archives/edgar/data/62996/000095012497001858/0000950124-97-001858-index.html",
    "finalLink": "https://www.sec.gov/Archives/edgar/data/62996/"
  },
  {
    "date": "1996-09-30",
    "symbol": "MAS",
    "reportedCurrency": "USD",
    "cik": "0000062996",
    "fillingDate": "1996-11-14",
    "acceptedDate": "1996-11-14 00:00:00",
    "calendarYear": "1996",
    "period": "Q3",
    "revenue": 843000000,
    "costOfRevenue": 522000000,
    "grossProfit": 321000000,
    "grossProfitRatio": 0.3807829181,
    "researchAndDevelopmentExpenses": 0,
    "generalAndAdministrativeExpenses": 0,
    "sellingAndMarketingExpenses": 0,
    "sellingGeneralAndAdministrativeExpenses": 180900000,
    "otherExpenses": 3300000,
    "operatingExpenses": 184200000,
    "costAndExpenses": 706200000,
    "interestIncome": 0,
    "interestExpense": 0,
    "depreciationAndAmortization": 3300000,
    "ebitda": 140100000,
    "ebitdaratio": 0.1661921708,
    "operatingIncome": 136800000,
    "operatingIncomeRatio": 0.1622775801,
    "totalOtherIncomeExpensesNet": -500000,
    "incomeBeforeTax": 136300000,
    "incomeBeforeTaxRatio": 0.1616844603,
    "incomeTaxExpense": 54500000,
    "netIncome": 81800000,
    "netIncomeRatio": 0.0970344009,
    "eps": 0.13,
    "epsdiluted": 0.13,
    "weightedAverageShsOut": 320764000,
    "weightedAverageShsOutDil": 320764000,
    "link": "https://www.sec.gov/Archives/edgar/data/62996/000006299696000020/0000062996-96-000020-index.html",
    "finalLink": "https://www.sec.gov/Archives/edgar/data/62996/"
  },
  {
    "date": "1996-06-30",
    "symbol": "MAS",
    "reportedCurrency": "USD",
    "cik": "0000062996",
    "fillingDate": "1996-08-14",
    "acceptedDate": "1996-08-14 00:00:00",
    "calendarYear": "1996",
    "period": "Q2",
    "revenue": 787000000,
    "costOfRevenue": 496600000,
    "grossProfit": 290400000,
    "grossProfitRatio": 0.3689961881,
    "researchAndDevelopmentExpenses": 0,
    "generalAndAdministrativeExpenses": 0,
    "sellingAndMarketingExpenses": 0,
    "sellingGeneralAndAdministrativeExpenses": 169800000,
    "otherExpenses": 2700000,
    "operatingExpenses": 172500000,
    "costAndExpenses": 669100000,
    "interestIncome": 0,
    "interestExpense": 0,
    "depreciationAndAmortization": 2700000,
    "ebitda": 120600000,
    "ebitdaratio": 0.1532401525,
    "operatingIncome": 117900000,
    "operatingIncomeRatio": 0.1498094028,
    "totalOtherIncomeExpensesNet": -8000000,
    "incomeBeforeTax": 109900000,
    "incomeBeforeTaxRatio": 0.1396442186,
    "incomeTaxExpense": 41900000,
    "netIncome": 68000000,
    "netIncomeRatio": 0.0864040661,
    "eps": 0.11,
    "epsdiluted": 0.11,
    "weightedAverageShsOut": 320764000,
    "weightedAverageShsOutDil": 320764000,
    "link": "https://www.sec.gov/Archives/edgar/data/62996/000006299696000011/0000062996-96-000011-index.html",
    "finalLink": "https://www.sec.gov/Archives/edgar/data/62996/"
  },
  {
    "date": "1996-03-31",
    "symbol": "MAS",
    "reportedCurrency": "USD",
    "cik": "0000062996",
    "fillingDate": "1996-05-15",
    "acceptedDate": "1996-05-15 00:00:00",
    "calendarYear": "1996",
    "period": "Q1",
    "revenue": 764000000,
    "costOfRevenue": 480300000,
    "grossProfit": 283700000,
    "grossProfitRatio": 0.3713350785,
    "researchAndDevelopmentExpenses": 0,
    "generalAndAdministrativeExpenses": 0,
    "sellingAndMarketingExpenses": 0,
    "sellingGeneralAndAdministrativeExpenses": 172100000,
    "otherExpenses": 0,
    "operatingExpenses": 172100000,
    "costAndExpenses": 652400000,
    "interestIncome": 0,
    "interestExpense": 0,
    "depreciationAndAmortization": 0,
    "ebitda": 111600000,
    "ebitdaratio": 0.1460732984,
    "operatingIncome": 111600000,
    "operatingIncomeRatio": 0.1460732984,
    "totalOtherIncomeExpensesNet": -4800000,
    "incomeBeforeTax": 106800000,
    "incomeBeforeTaxRatio": 0.1397905759,
    "incomeTaxExpense": 44800000,
    "netIncome": 62000000,
    "netIncomeRatio": 0.0811518325,
    "eps": 0.1,
    "epsdiluted": 0.095,
    "weightedAverageShsOut": 320800000,
    "weightedAverageShsOutDil": 320800000,
    "link": "https://www.sec.gov/Archives/edgar/data/62996/000006299696000009/0000062996-96-000009-index.html",
    "finalLink": "https://www.sec.gov/Archives/edgar/data/62996/"
  },
  {
    "date": "1995-12-31",
    "symbol": "MAS",
    "reportedCurrency": "USD",
    "cik": "0000062996",
    "fillingDate": "1996-03-29",
    "acceptedDate": "1996-03-29 00:00:00",
    "calendarYear": "1995",
    "period": "Q4",
    "revenue": -742000000,
    "costOfRevenue": -723900000,
    "grossProfit": -18100000,
    "grossProfitRatio": 0.024393531,
    "researchAndDevelopmentExpenses": 0,
    "generalAndAdministrativeExpenses": 0,
    "sellingAndMarketingExpenses": 0,
    "sellingGeneralAndAdministrativeExpenses": -103000000,
    "otherExpenses": 90100000,
    "operatingExpenses": -12900000,
    "costAndExpenses": -736800000,
    "interestIncome": 0,
    "interestExpense": 0,
    "depreciationAndAmortization": 0,
    "ebitda": -5200000,
    "ebitdaratio": 0.0070080863,
    "operatingIncome": -5200000,
    "operatingIncomeRatio": 0.0070080863,
    "totalOtherIncomeExpensesNet": 15400000,
    "incomeBeforeTax": 10200000,
    "incomeBeforeTaxRatio": -0.0137466307,
    "incomeTaxExpense": 15000000,
    "netIncome": -646500000,
    "netIncomeRatio": 0.8712938005,
    "eps": -2.02,
    "epsdiluted": -2.02,
    "weightedAverageShsOut": 320800000,
    "weightedAverageShsOutDil": 320800000,
    "link": "https://www.sec.gov/Archives/edgar/data/62996/000095012496001430/0000950124-96-001430-index.html",
    "finalLink": "https://www.sec.gov/Archives/edgar/data/62996/"
  },
  {
    "date": "1995-09-30",
    "symbol": "MAS",
    "reportedCurrency": "USD",
    "cik": "0000062996",
    "fillingDate": "1995-11-13",
    "acceptedDate": "1995-11-13 00:00:00",
    "calendarYear": "1995",
    "period": "Q3",
    "revenue": 1235000000,
    "costOfRevenue": 842800000,
    "grossProfit": 392200000,
    "grossProfitRatio": 0.3175708502,
    "researchAndDevelopmentExpenses": 0,
    "generalAndAdministrativeExpenses": 0,
    "sellingAndMarketingExpenses": 0,
    "sellingGeneralAndAdministrativeExpenses": 258500000,
    "otherExpenses": 0,
    "operatingExpenses": 258500000,
    "costAndExpenses": 1101300000,
    "interestIncome": 0,
    "interestExpense": 0,
    "depreciationAndAmortization": 0,
    "ebitda": 133700000,
    "ebitdaratio": 0.1082591093,
    "operatingIncome": 133700000,
    "operatingIncomeRatio": 0.1082591093,
    "totalOtherIncomeExpensesNet": -21800000,
    "incomeBeforeTax": 111900000,
    "incomeBeforeTaxRatio": 0.0906072874,
    "incomeTaxExpense": 44800000,
    "netIncome": 67100000,
    "netIncomeRatio": 0.0543319838,
    "eps": 0.21,
    "epsdiluted": 0.21,
    "weightedAverageShsOut": 319523810,
    "weightedAverageShsOutDil": 319523810,
    "link": "https://www.sec.gov/Archives/edgar/data/62996/000006299695000022/0000062996-95-000022-index.html",
    "finalLink": "https://www.sec.gov/Archives/edgar/data/62996/"
  }
]