[
  {
    "date": "2025-06-30",
    "symbol": "MCHP",
    "reportedCurrency": "USD",
    "cik": "0000827054",
    "fillingDate": "2025-08-07",
    "acceptedDate": "2025-08-07 16:25:07",
    "calendarYear": "2026",
    "period": "Q1",
    "revenue": 1075500000,
    "costOfRevenue": 498800000,
    "grossProfit": 576700000,
    "grossProfitRatio": 0.5362157136,
    "researchAndDevelopmentExpenses": 255500000,
    "generalAndAdministrativeExpenses": 0,
    "sellingAndMarketingExpenses": 0,
    "sellingGeneralAndAdministrativeExpenses": 159300000,
    "otherExpenses": 129800000,
    "operatingExpenses": 544600000,
    "costAndExpenses": 1043400000,
    "interestIncome": 4900000,
    "interestExpense": 57400000,
    "depreciationAndAmortization": 171100000,
    "ebitda": 211300000,
    "ebitdaratio": 0.1964667596,
    "operatingIncome": 32100000,
    "operatingIncomeRatio": 0.029846583,
    "totalOtherIncomeExpensesNet": -47900000,
    "incomeBeforeTax": -15800000,
    "incomeBeforeTaxRatio": -0.0146908415,
    "incomeTaxExpense": 2800000,
    "netIncome": -18600000,
    "netIncomeRatio": -0.0172942817,
    "eps": -0.086,
    "epsdiluted": -0.086,
    "weightedAverageShsOut": 539200000,
    "weightedAverageShsOutDil": 539200000,
    "link": "https://www.sec.gov/Archives/edgar/data/827054/000082705425000133/0000827054-25-000133-index.htm",
    "finalLink": "https://www.sec.gov/Archives/edgar/data/827054/000082705425000133/mchp-20250630.htm"
  },
  {
    "date": "2025-03-31",
    "symbol": "MCHP",
    "reportedCurrency": "USD",
    "cik": "0000827054",
    "fillingDate": "2025-05-23",
    "acceptedDate": "2025-05-22 17:56:00",
    "calendarYear": "2025",
    "period": "Q4",
    "revenue": 970500000,
    "costOfRevenue": 469400000,
    "grossProfit": 501100000,
    "grossProfitRatio": 0.5163317877,
    "researchAndDevelopmentExpenses": 255200000,
    "generalAndAdministrativeExpenses": 0,
    "sellingAndMarketingExpenses": 0,
    "sellingGeneralAndAdministrativeExpenses": 152000000,
    "otherExpenses": 194200000,
    "operatingExpenses": 601400000,
    "costAndExpenses": 1070800000,
    "interestIncome": 2700000,
    "interestExpense": 67900000,
    "depreciationAndAmortization": 187000000,
    "ebitda": 86600000,
    "ebitdaratio": 0.0892323545,
    "operatingIncome": -100300000,
    "operatingIncomeRatio": -0.1033487893,
    "totalOtherIncomeExpensesNet": -68000000,
    "incomeBeforeTax": -168300000,
    "incomeBeforeTaxRatio": -0.1734157651,
    "incomeTaxExpense": -13700000,
    "netIncome": -154600000,
    "netIncomeRatio": -0.1592993302,
    "eps": -0.29,
    "epsdiluted": -0.29,
    "weightedAverageShsOut": 537400000,
    "weightedAverageShsOutDil": 537400000,
    "link": "https://www.sec.gov/Archives/edgar/data/827054/000082705425000077/0000827054-25-000077-index.htm",
    "finalLink": "https://www.sec.gov/Archives/edgar/data/827054/000082705425000077/mchp-20250331.htm"
  },
  {
    "date": "2024-12-31",
    "symbol": "MCHP",
    "reportedCurrency": "USD",
    "cik": "0000827054",
    "fillingDate": "2025-02-06",
    "acceptedDate": "2025-02-06 16:19:57",
    "calendarYear": "2025",
    "period": "Q3",
    "revenue": 1026000000,
    "costOfRevenue": 464600000,
    "grossProfit": 561400000,
    "grossProfitRatio": 0.5471734893,
    "researchAndDevelopmentExpenses": 246200000,
    "generalAndAdministrativeExpenses": 0,
    "sellingAndMarketingExpenses": 0,
    "sellingGeneralAndAdministrativeExpenses": 158200000,
    "otherExpenses": 126100000,
    "operatingExpenses": 530500000,
    "costAndExpenses": 995100000,
    "interestIncome": 1700000,
    "interestExpense": 66900000,
    "depreciationAndAmortization": 186800000,
    "ebitda": 207600000,
    "ebitdaratio": 0.2023391813,
    "operatingIncome": 30900000,
    "operatingIncomeRatio": 0.0301169591,
    "totalOtherIncomeExpensesNet": -77000000,
    "incomeBeforeTax": -46100000,
    "incomeBeforeTaxRatio": -0.0449317739,
    "incomeTaxExpense": 7500000,
    "netIncome": -53600000,
    "netIncomeRatio": -0.0522417154,
    "eps": -0.0997,
    "epsdiluted": -0.0997,
    "weightedAverageShsOut": 537400000,
    "weightedAverageShsOutDil": 537400000,
    "link": "https://www.sec.gov/Archives/edgar/data/827054/000082705425000019/0000827054-25-000019-index.htm",
    "finalLink": "https://www.sec.gov/Archives/edgar/data/827054/000082705425000019/mchp-20241231.htm"
  },
  {
    "date": "2024-09-30",
    "symbol": "MCHP",
    "reportedCurrency": "USD",
    "cik": "0000827054",
    "fillingDate": "2024-11-05",
    "acceptedDate": "2024-11-05 16:22:54",
    "calendarYear": "2025",
    "period": "Q2",
    "revenue": 1163800000,
    "costOfRevenue": 495300000,
    "grossProfit": 668500000,
    "grossProfitRatio": 0.5744114109,
    "researchAndDevelopmentExpenses": 240700000,
    "generalAndAdministrativeExpenses": 0,
    "sellingAndMarketingExpenses": 0,
    "sellingGeneralAndAdministrativeExpenses": 157000000,
    "otherExpenses": 124200000,
    "operatingExpenses": 521900000,
    "costAndExpenses": 1017200000,
    "interestIncome": 2000000,
    "interestExpense": 56800000,
    "depreciationAndAmortization": 187600000,
    "ebitda": 335900000,
    "ebitdaratio": 0.2886234748,
    "operatingIncome": 146600000,
    "operatingIncomeRatio": 0.1259666609,
    "totalOtherIncomeExpensesNet": -55100000,
    "incomeBeforeTax": 91500000,
    "incomeBeforeTaxRatio": 0.0786217563,
    "incomeTaxExpense": 13100000,
    "netIncome": 78400000,
    "netIncomeRatio": 0.0673655267,
    "eps": 0.15,
    "epsdiluted": 0.14,
    "weightedAverageShsOut": 536700000,
    "weightedAverageShsOutDil": 542000000,
    "link": "https://www.sec.gov/Archives/edgar/data/827054/000082705424000206/0000827054-24-000206-index.htm",
    "finalLink": "https://www.sec.gov/Archives/edgar/data/827054/000082705424000206/mchp-20240930.htm"
  },
  {
    "date": "2024-06-30",
    "symbol": "MCHP",
    "reportedCurrency": "USD",
    "cik": "0000827054",
    "fillingDate": "2024-08-01",
    "acceptedDate": "2024-08-01 16:13:52",
    "calendarYear": "2025",
    "period": "Q1",
    "revenue": 1241300000,
    "costOfRevenue": 504400000,
    "grossProfit": 736900000,
    "grossProfitRatio": 0.5936518166,
    "researchAndDevelopmentExpenses": 241700000,
    "generalAndAdministrativeExpenses": 0,
    "sellingAndMarketingExpenses": 0,
    "sellingGeneralAndAdministrativeExpenses": 150500000,
    "otherExpenses": 125600000,
    "operatingExpenses": 517800000,
    "costAndExpenses": 1022200000,
    "interestIncome": 2800000,
    "interestExpense": 59800000,
    "depreciationAndAmortization": 188700000,
    "ebitda": 410300000,
    "ebitdaratio": 0.3305405623,
    "operatingIncome": 219100000,
    "operatingIncomeRatio": 0.1765084992,
    "totalOtherIncomeExpensesNet": -57300000,
    "incomeBeforeTax": 161800000,
    "incomeBeforeTaxRatio": 0.1303472166,
    "incomeTaxExpense": 32500000,
    "netIncome": 129300000,
    "netIncomeRatio": 0.1041649883,
    "eps": 0.24,
    "epsdiluted": 0.24,
    "weightedAverageShsOut": 536700000,
    "weightedAverageShsOutDil": 542800000,
    "link": "https://www.sec.gov/Archives/edgar/data/827054/000082705424000139/0000827054-24-000139-index.htm",
    "finalLink": "https://www.sec.gov/Archives/edgar/data/827054/000082705424000139/mchp-20240630.htm"
  },
  {
    "date": "2024-03-31",
    "symbol": "MCHP",
    "reportedCurrency": "USD",
    "cik": "0000827054",
    "fillingDate": "2024-05-23",
    "acceptedDate": "2024-05-23 17:24:35",
    "calendarYear": "2024",
    "period": "Q4",
    "revenue": 1325800000,
    "costOfRevenue": 535900000,
    "grossProfit": 789900000,
    "grossProfitRatio": 0.5957912204,
    "researchAndDevelopmentExpenses": 240300000,
    "generalAndAdministrativeExpenses": 0,
    "sellingAndMarketingExpenses": 0,
    "sellingGeneralAndAdministrativeExpenses": 161800000,
    "otherExpenses": 134300000,
    "operatingExpenses": 536400000,
    "costAndExpenses": 1072300000,
    "interestIncome": 2500000,
    "interestExpense": 55100000,
    "depreciationAndAmortization": 218200000,
    "ebitda": 471400000,
    "ebitdaratio": 0.3555589078,
    "operatingIncome": 253500000,
    "operatingIncomeRatio": 0.19120531,
    "totalOtherIncomeExpensesNet": -53800000,
    "incomeBeforeTax": 199700000,
    "incomeBeforeTaxRatio": 0.1506260371,
    "incomeTaxExpense": 45000000,
    "netIncome": 154700000,
    "netIncomeRatio": 0.1166842661,
    "eps": 0.29,
    "epsdiluted": 0.28,
    "weightedAverageShsOut": 538900000,
    "weightedAverageShsOutDil": 544800000,
    "link": "https://www.sec.gov/Archives/edgar/data/827054/000082705424000098/0000827054-24-000098-index.htm",
    "finalLink": "https://www.sec.gov/Archives/edgar/data/827054/000082705424000098/mchp-20240331.htm"
  },
  {
    "date": "2023-12-31",
    "symbol": "MCHP",
    "reportedCurrency": "USD",
    "cik": "0000827054",
    "fillingDate": "2024-02-01",
    "acceptedDate": "2024-02-01 16:21:11",
    "calendarYear": "2024",
    "period": "Q3",
    "revenue": 1765700000,
    "costOfRevenue": 645700000,
    "grossProfit": 1120000000,
    "grossProfitRatio": 0.6343093391,
    "researchAndDevelopmentExpenses": 266000000,
    "generalAndAdministrativeExpenses": 0,
    "sellingAndMarketingExpenses": 0,
    "sellingGeneralAndAdministrativeExpenses": 172200000,
    "otherExpenses": 152400000,
    "operatingExpenses": 590600000,
    "costAndExpenses": 1236300000,
    "interestIncome": 2000000,
    "interestExpense": 49200000,
    "depreciationAndAmortization": 219400000,
    "ebitda": 751200000,
    "ebitdaratio": 0.4254403353,
    "operatingIncome": 529400000,
    "operatingIncomeRatio": 0.2998244322,
    "totalOtherIncomeExpensesNet": -45100000,
    "incomeBeforeTax": 484300000,
    "incomeBeforeTaxRatio": 0.2742821544,
    "incomeTaxExpense": 65100000,
    "netIncome": 419200000,
    "netIncomeRatio": 0.2374129241,
    "eps": 0.78,
    "epsdiluted": 0.77,
    "weightedAverageShsOut": 540800000,
    "weightedAverageShsOutDil": 546500000,
    "link": "https://www.sec.gov/Archives/edgar/data/827054/000082705424000024/0000827054-24-000024-index.htm",
    "finalLink": "https://www.sec.gov/Archives/edgar/data/827054/000082705424000024/mchp-20231231.htm"
  },
  {
    "date": "2023-09-30",
    "symbol": "MCHP",
    "reportedCurrency": "USD",
    "cik": "0000827054",
    "fillingDate": "2023-11-02",
    "acceptedDate": "2023-11-02 16:29:46",
    "calendarYear": "2024",
    "period": "Q2",
    "revenue": 2254300000,
    "costOfRevenue": 726900000,
    "grossProfit": 1527400000,
    "grossProfitRatio": 0.6775495719,
    "researchAndDevelopmentExpenses": 292600000,
    "generalAndAdministrativeExpenses": 0,
    "sellingAndMarketingExpenses": 0,
    "sellingGeneralAndAdministrativeExpenses": 196600000,
    "otherExpenses": 153200000,
    "operatingExpenses": 642400000,
    "costAndExpenses": 1369300000,
    "interestIncome": 1600000,
    "interestExpense": 46800000,
    "depreciationAndAmortization": 219000000,
    "ebitda": 1097600000,
    "ebitdaratio": 0.486891718,
    "operatingIncome": 885000000,
    "operatingIncomeRatio": 0.3925830635,
    "totalOtherIncomeExpensesNet": -51400000,
    "incomeBeforeTax": 833600000,
    "incomeBeforeTaxRatio": 0.369782194,
    "incomeTaxExpense": 167000000,
    "netIncome": 666600000,
    "netIncomeRatio": 0.2957015482,
    "eps": 1.23,
    "epsdiluted": 1.21,
    "weightedAverageShsOut": 543100000,
    "weightedAverageShsOutDil": 549200000,
    "link": "https://www.sec.gov/Archives/edgar/data/827054/000082705423000185/0000827054-23-000185-index.htm",
    "finalLink": "https://www.sec.gov/Archives/edgar/data/827054/000082705423000185/mchp-20230930.htm"
  },
  {
    "date": "2023-06-30",
    "symbol": "MCHP",
    "reportedCurrency": "USD",
    "cik": "0000827054",
    "fillingDate": "2023-08-03",
    "acceptedDate": "2023-08-03 16:28:10",
    "calendarYear": "2024",
    "period": "Q1",
    "revenue": 2288600000,
    "costOfRevenue": 730200000,
    "grossProfit": 1558400000,
    "grossProfitRatio": 0.6809403129,
    "researchAndDevelopmentExpenses": 298500000,
    "generalAndAdministrativeExpenses": 0,
    "sellingAndMarketingExpenses": 0,
    "sellingGeneralAndAdministrativeExpenses": 203600000,
    "otherExpenses": 153200000,
    "operatingExpenses": 655300000,
    "costAndExpenses": 1385500000,
    "interestIncome": 1500000,
    "interestExpense": 47200000,
    "depreciationAndAmortization": 222900000,
    "ebitda": 1116200000,
    "ebitdaratio": 0.4877217513,
    "operatingIncome": 903100000,
    "operatingIncomeRatio": 0.3946080573,
    "totalOtherIncomeExpensesNet": -54800000,
    "incomeBeforeTax": 848300000,
    "incomeBeforeTaxRatio": 0.3706632876,
    "incomeTaxExpense": 181900000,
    "netIncome": 666400000,
    "netIncomeRatio": 0.2911823822,
    "eps": 1.22,
    "epsdiluted": 1.21,
    "weightedAverageShsOut": 545100000,
    "weightedAverageShsOutDil": 551400000,
    "link": "https://www.sec.gov/Archives/edgar/data/827054/000082705423000132/0000827054-23-000132-index.htm",
    "finalLink": "https://www.sec.gov/Archives/edgar/data/827054/000082705423000132/mchp-20230630.htm"
  },
  {
    "date": "2023-03-31",
    "symbol": "MCHP",
    "reportedCurrency": "USD",
    "cik": "0000827054",
    "fillingDate": "2023-05-25",
    "acceptedDate": "2023-05-25 15:24:21",
    "calendarYear": "2023",
    "period": "Q4",
    "revenue": 2232700000,
    "costOfRevenue": 713400000,
    "grossProfit": 1519300000,
    "grossProfitRatio": 0.6804765531,
    "researchAndDevelopmentExpenses": 298300000,
    "generalAndAdministrativeExpenses": 0,
    "sellingAndMarketingExpenses": 0,
    "sellingGeneralAndAdministrativeExpenses": 203500000,
    "otherExpenses": 169500000,
    "operatingExpenses": 671300000,
    "costAndExpenses": 1384700000,
    "interestIncome": 1000000,
    "interestExpense": 47500000,
    "depreciationAndAmortization": 243200000,
    "ebitda": 1090100000,
    "ebitdaratio": 0.4882429346,
    "operatingIncome": 848000000,
    "operatingIncomeRatio": 0.3798091996,
    "totalOtherIncomeExpensesNet": -46200000,
    "incomeBeforeTax": 801800000,
    "incomeBeforeTaxRatio": 0.3591167645,
    "incomeTaxExpense": 197800000,
    "netIncome": 604000000,
    "netIncomeRatio": 0.2705244771,
    "eps": 1.1,
    "epsdiluted": 1.09,
    "weightedAverageShsOut": 546900000,
    "weightedAverageShsOutDil": 553900000,
    "link": "https://www.sec.gov/Archives/edgar/data/827054/000082705423000080/0000827054-23-000080-index.htm",
    "finalLink": "https://www.sec.gov/Archives/edgar/data/827054/000082705423000080/mchp-20230331.htm"
  },
  {
    "date": "2022-12-31",
    "symbol": "MCHP",
    "reportedCurrency": "USD",
    "cik": "0000827054",
    "fillingDate": "2023-02-02",
    "acceptedDate": "2023-02-02 16:25:03",
    "calendarYear": "2023",
    "period": "Q3",
    "revenue": 2169200000,
    "costOfRevenue": 698400000,
    "grossProfit": 1470800000,
    "grossProfitRatio": 0.6780379864,
    "researchAndDevelopmentExpenses": 282400000,
    "generalAndAdministrativeExpenses": 0,
    "sellingAndMarketingExpenses": 0,
    "sellingGeneralAndAdministrativeExpenses": 202900000,
    "otherExpenses": 173900000,
    "operatingExpenses": 659200000,
    "costAndExpenses": 1357600000,
    "interestIncome": 800000,
    "interestExpense": 52800000,
    "depreciationAndAmortization": 244000000,
    "ebitda": 1056600000,
    "ebitdaratio": 0.4870920155,
    "operatingIncome": 811600000,
    "operatingIncomeRatio": 0.374147151,
    "totalOtherIncomeExpensesNet": -49400000,
    "incomeBeforeTax": 762200000,
    "incomeBeforeTaxRatio": 0.3513737784,
    "incomeTaxExpense": 181900000,
    "netIncome": 580300000,
    "netIncomeRatio": 0.267517979,
    "eps": 1.06,
    "epsdiluted": 1.04,
    "weightedAverageShsOut": 549200000,
    "weightedAverageShsOutDil": 555400000,
    "link": "https://www.sec.gov/Archives/edgar/data/827054/000082705423000020/0000827054-23-000020-index.htm",
    "finalLink": "https://www.sec.gov/Archives/edgar/data/827054/000082705423000020/mchp-20221231.htm"
  },
  {
    "date": "2022-09-30",
    "symbol": "MCHP",
    "reportedCurrency": "USD",
    "cik": "0000827054",
    "fillingDate": "2022-11-03",
    "acceptedDate": "2022-11-03 16:42:50",
    "calendarYear": "2023",
    "period": "Q2",
    "revenue": 2073199999,
    "costOfRevenue": 675300000,
    "grossProfit": 1397900000,
    "grossProfitRatio": 0.6742716577,
    "researchAndDevelopmentExpenses": 268600000,
    "generalAndAdministrativeExpenses": 0,
    "sellingAndMarketingExpenses": 0,
    "sellingGeneralAndAdministrativeExpenses": 202400000,
    "otherExpenses": 171800000,
    "operatingExpenses": 642800000,
    "costAndExpenses": 1318100000,
    "interestIncome": 200000,
    "interestExpense": 53300000,
    "depreciationAndAmortization": 251800000,
    "ebitda": 1001800000,
    "ebitdaratio": 0.4832143549,
    "operatingIncome": 755100000,
    "operatingIncomeRatio": 0.3642195641,
    "totalOtherIncomeExpensesNet": -56000000,
    "incomeBeforeTax": 699100000,
    "incomeBeforeTaxRatio": 0.3372081808,
    "incomeTaxExpense": 152900000,
    "netIncome": 546200000,
    "netIncomeRatio": 0.2634574572,
    "eps": 0.99,
    "epsdiluted": 0.98,
    "weightedAverageShsOut": 551500000,
    "weightedAverageShsOutDil": 558300000,
    "link": "https://www.sec.gov/Archives/edgar/data/827054/000082705422000193/0000827054-22-000193-index.htm",
    "finalLink": "https://www.sec.gov/Archives/edgar/data/827054/000082705422000193/mchp-20220930.htm"
  },
  {
    "date": "2022-06-30",
    "symbol": "MCHP",
    "reportedCurrency": "USD",
    "cik": "0000827054",
    "fillingDate": "2022-08-02",
    "acceptedDate": "2022-08-02 16:34:28",
    "calendarYear": "2023",
    "period": "Q1",
    "revenue": 1963600000,
    "costOfRevenue": 653700000,
    "grossProfit": 1309900000,
    "grossProfitRatio": 0.6670910572,
    "researchAndDevelopmentExpenses": 269000000,
    "generalAndAdministrativeExpenses": 0,
    "sellingAndMarketingExpenses": 0,
    "sellingGeneralAndAdministrativeExpenses": 188900000,
    "otherExpenses": 150700000,
    "operatingExpenses": 608600000,
    "costAndExpenses": 1262300000,
    "interestIncome": 100000,
    "interestExpense": 50300000,
    "depreciationAndAmortization": 259400000,
    "ebitda": 954000000,
    "ebitdaratio": 0.4858423304,
    "operatingIncome": 701300000,
    "operatingIncomeRatio": 0.3571501324,
    "totalOtherIncomeExpensesNet": -54700000,
    "incomeBeforeTax": 646600000,
    "incomeBeforeTaxRatio": 0.3292931351,
    "incomeTaxExpense": 139400000,
    "netIncome": 507200000,
    "netIncomeRatio": 0.2583010796,
    "eps": 0.92,
    "epsdiluted": 0.9,
    "weightedAverageShsOut": 553800000,
    "weightedAverageShsOutDil": 561500000,
    "link": "https://www.sec.gov/Archives/edgar/data/827054/000082705422000148/0000827054-22-000148-index.htm",
    "finalLink": "https://www.sec.gov/Archives/edgar/data/827054/000082705422000148/mchp-20220630.htm"
  },
  {
    "date": "2022-03-31",
    "symbol": "MCHP",
    "reportedCurrency": "USD",
    "cik": "0000827054",
    "fillingDate": "2022-05-20",
    "acceptedDate": "2022-05-20 15:17:15",
    "calendarYear": "2022",
    "period": "Q4",
    "revenue": 1844200000,
    "costOfRevenue": 623800000,
    "grossProfit": 1220400000,
    "grossProfitRatio": 0.6617503525,
    "researchAndDevelopmentExpenses": 259100000,
    "generalAndAdministrativeExpenses": 0,
    "sellingAndMarketingExpenses": 0,
    "sellingGeneralAndAdministrativeExpenses": 187200000,
    "otherExpenses": 224600000,
    "operatingExpenses": 670900000,
    "costAndExpenses": 1294700000,
    "interestIncome": 0,
    "interestExpense": 57800000,
    "depreciationAndAmortization": 293200000,
    "ebitda": 827900000,
    "ebitdaratio": 0.4489209413,
    "operatingIncome": 549500000,
    "operatingIncomeRatio": 0.2979611756,
    "totalOtherIncomeExpensesNet": -70300000,
    "incomeBeforeTax": 479200000,
    "incomeBeforeTaxRatio": 0.2598416658,
    "incomeTaxExpense": 41300000,
    "netIncome": 437900000,
    "netIncomeRatio": 0.2374471315,
    "eps": 0.79,
    "epsdiluted": 0.77,
    "weightedAverageShsOut": 555600000,
    "weightedAverageShsOutDil": 565100000,
    "link": "https://www.sec.gov/Archives/edgar/data/827054/000082705422000094/0000827054-22-000094-index.htm",
    "finalLink": "https://www.sec.gov/Archives/edgar/data/827054/000082705422000094/mchp-20220331.htm"
  },
  {
    "date": "2021-12-31",
    "symbol": "MCHP",
    "reportedCurrency": "USD",
    "cik": "0000827054",
    "fillingDate": "2022-02-03",
    "acceptedDate": "2022-02-03 16:23:44",
    "calendarYear": "2022",
    "period": "Q3",
    "revenue": 1757500000,
    "costOfRevenue": 604200000,
    "grossProfit": 1153300000,
    "grossProfitRatio": 0.6562162162,
    "researchAndDevelopmentExpenses": 245400000,
    "generalAndAdministrativeExpenses": 0,
    "sellingAndMarketingExpenses": 0,
    "sellingGeneralAndAdministrativeExpenses": 177500000,
    "otherExpenses": 215400000,
    "operatingExpenses": 638300000,
    "costAndExpenses": 1242500000,
    "interestIncome": 100000,
    "interestExpense": 62100000,
    "depreciationAndAmortization": 300600000,
    "ebitda": 801400000,
    "ebitdaratio": 0.4559886202,
    "operatingIncome": 515000000,
    "operatingIncomeRatio": 0.293029872,
    "totalOtherIncomeExpensesNet": -73500000,
    "incomeBeforeTax": 441500000,
    "incomeBeforeTaxRatio": 0.2512091038,
    "incomeTaxExpense": 88700000,
    "netIncome": 352800000,
    "netIncomeRatio": 0.2007396871,
    "eps": 0.64,
    "epsdiluted": 0.62,
    "weightedAverageShsOut": 554900000,
    "weightedAverageShsOutDil": 567300000,
    "link": "https://www.sec.gov/Archives/edgar/data/827054/000082705422000025/0000827054-22-000025-index.htm",
    "finalLink": "https://www.sec.gov/Archives/edgar/data/827054/000082705422000025/mchp-20211231.htm"
  },
  {
    "date": "2021-09-30",
    "symbol": "MCHP",
    "reportedCurrency": "USD",
    "cik": "0000827054",
    "fillingDate": "2021-11-04",
    "acceptedDate": "2021-11-04 16:23:41",
    "calendarYear": "2022",
    "period": "Q2",
    "revenue": 1649800000,
    "costOfRevenue": 581500000,
    "grossProfit": 1068300000,
    "grossProfitRatio": 0.6475330343,
    "researchAndDevelopmentExpenses": 246200000,
    "generalAndAdministrativeExpenses": 0,
    "sellingAndMarketingExpenses": 0,
    "sellingGeneralAndAdministrativeExpenses": 179900000,
    "otherExpenses": 225900000,
    "operatingExpenses": 652000000,
    "costAndExpenses": 1233500000,
    "interestIncome": 100000,
    "interestExpense": 64800000,
    "depreciationAndAmortization": 277500000,
    "ebitda": 604200000,
    "ebitdaratio": 0.3662262092,
    "operatingIncome": 416300000,
    "operatingIncomeRatio": 0.2523336162,
    "totalOtherIncomeExpensesNet": -151500000,
    "incomeBeforeTax": 264800000,
    "incomeBeforeTaxRatio": 0.1605043036,
    "incomeTaxExpense": 22800000,
    "netIncome": 242000000,
    "netIncomeRatio": 0.1466844466,
    "eps": 0.44,
    "epsdiluted": 0.43,
    "weightedAverageShsOut": 551300000,
    "weightedAverageShsOutDil": 565900000,
    "link": "https://www.sec.gov/Archives/edgar/data/827054/000082705421000280/0000827054-21-000280-index.htm",
    "finalLink": "https://www.sec.gov/Archives/edgar/data/827054/000082705421000280/mchp-20210930.htm"
  },
  {
    "date": "2021-06-30",
    "symbol": "MCHP",
    "reportedCurrency": "USD",
    "cik": "0000827054",
    "fillingDate": "2021-08-03",
    "acceptedDate": "2021-08-03 16:24:44",
    "calendarYear": "2022",
    "period": "Q1",
    "revenue": 1569400000,
    "costOfRevenue": 561800000,
    "grossProfit": 1007600000,
    "grossProfitRatio": 0.6420288008,
    "researchAndDevelopmentExpenses": 238400000,
    "generalAndAdministrativeExpenses": 0,
    "sellingAndMarketingExpenses": 0,
    "sellingGeneralAndAdministrativeExpenses": 174300000,
    "otherExpenses": 226100000,
    "operatingExpenses": 638800000,
    "costAndExpenses": 1200600000,
    "interestIncome": 300000,
    "interestExpense": 72300000,
    "depreciationAndAmortization": 272200000,
    "ebitda": 638000000,
    "ebitdaratio": 0.4065247865,
    "operatingIncome": 368800000,
    "operatingIncomeRatio": 0.2349942653,
    "totalOtherIncomeExpensesNet": -71800000,
    "incomeBeforeTax": 297000000,
    "incomeBeforeTaxRatio": 0.1892442972,
    "incomeTaxExpense": 44200000,
    "netIncome": 252800000,
    "netIncomeRatio": 0.1610806678,
    "eps": 0.46,
    "epsdiluted": 0.45,
    "weightedAverageShsOut": 547500000,
    "weightedAverageShsOutDil": 565100000,
    "link": "https://www.sec.gov/Archives/edgar/data/827054/000082705421000187/0000827054-21-000187-index.htm",
    "finalLink": "https://www.sec.gov/Archives/edgar/data/827054/000082705421000187/mchp-20210630.htm"
  },
  {
    "date": "2021-03-31",
    "symbol": "MCHP",
    "reportedCurrency": "USD",
    "cik": "0000827054",
    "fillingDate": "2021-05-18",
    "acceptedDate": "2021-05-17 19:06:34",
    "calendarYear": "2021",
    "period": "Q4",
    "revenue": 1467100000,
    "costOfRevenue": 540300000,
    "grossProfit": 926800000,
    "grossProfitRatio": 0.6317224456,
    "researchAndDevelopmentExpenses": 228500000,
    "generalAndAdministrativeExpenses": 445200000,
    "sellingAndMarketingExpenses": -280100000,
    "sellingGeneralAndAdministrativeExpenses": 165100000,
    "otherExpenses": 225200000,
    "operatingExpenses": 618800000,
    "costAndExpenses": 1159100000,
    "interestIncome": 900000,
    "interestExpense": 78000000,
    "depreciationAndAmortization": 287800000,
    "ebitda": 506300000,
    "ebitdaratio": 0.3451025833,
    "operatingIncome": 308000000,
    "operatingIncomeRatio": 0.2099379729,
    "totalOtherIncomeExpensesNet": -163600000,
    "incomeBeforeTax": 144400000,
    "incomeBeforeTaxRatio": 0.0984254652,
    "incomeTaxExpense": 28400000,
    "netIncome": 116000000,
    "netIncomeRatio": 0.0790675482,
    "eps": 0.22,
    "epsdiluted": 0.21,
    "weightedAverageShsOut": 542400000,
    "weightedAverageShsOutDil": 563000000,
    "link": "https://www.sec.gov/Archives/edgar/data/827054/000082705421000106/0000827054-21-000106-index.htm",
    "finalLink": "https://www.sec.gov/Archives/edgar/data/827054/000082705421000106/mchp-20210331.htm"
  },
  {
    "date": "2020-12-31",
    "symbol": "MCHP",
    "reportedCurrency": "USD",
    "cik": "0000827054",
    "fillingDate": "2021-02-04",
    "acceptedDate": "2021-02-04 16:10:22",
    "calendarYear": "2021",
    "period": "Q3",
    "revenue": 1352100000,
    "costOfRevenue": 506300000,
    "grossProfit": 845800000,
    "grossProfitRatio": 0.6255454478,
    "researchAndDevelopmentExpenses": 210100000,
    "generalAndAdministrativeExpenses": 154200000,
    "sellingAndMarketingExpenses": 0,
    "sellingGeneralAndAdministrativeExpenses": 154200000,
    "otherExpenses": 235900000,
    "operatingExpenses": 600200000,
    "costAndExpenses": 1106500000,
    "interestIncome": 200000,
    "interestExpense": 86500000,
    "depreciationAndAmortization": 286900000,
    "ebitda": 386000000,
    "ebitdaratio": 0.2854818431,
    "operatingIncome": 245600000,
    "operatingIncomeRatio": 0.1816433696,
    "totalOtherIncomeExpensesNet": -228800000,
    "incomeBeforeTax": 16800000,
    "incomeBeforeTaxRatio": 0.0124251165,
    "incomeTaxExpense": -19400000,
    "netIncome": 36200000,
    "netIncomeRatio": 0.0267731677,
    "eps": 0.0687,
    "epsdiluted": 0.0657,
    "weightedAverageShsOut": 526800000,
    "weightedAverageShsOutDil": 550800000,
    "link": "https://www.sec.gov/Archives/edgar/data/827054/000082705421000025/0000827054-21-000025-index.htm",
    "finalLink": "https://www.sec.gov/Archives/edgar/data/827054/000082705421000025/mchp-20201231.htm"
  },
  {
    "date": "2020-09-30",
    "symbol": "MCHP",
    "reportedCurrency": "USD",
    "cik": "0000827054",
    "fillingDate": "2020-11-05",
    "acceptedDate": "2020-11-05 16:37:48",
    "calendarYear": "2021",
    "period": "Q2",
    "revenue": 1309500000,
    "costOfRevenue": 501600000,
    "grossProfit": 807900000,
    "grossProfitRatio": 0.6169530355,
    "researchAndDevelopmentExpenses": 199800000,
    "generalAndAdministrativeExpenses": 144700000,
    "sellingAndMarketingExpenses": 0,
    "sellingGeneralAndAdministrativeExpenses": 144700000,
    "otherExpenses": 237200000,
    "operatingExpenses": 581700000,
    "costAndExpenses": 1083300000,
    "interestIncome": 300000,
    "interestExpense": 93300000,
    "depreciationAndAmortization": 285800000,
    "ebitda": 463700000,
    "ebitdaratio": 0.3541046201,
    "operatingIncome": 226200000,
    "operatingIncomeRatio": 0.1727376861,
    "totalOtherIncomeExpensesNet": -137400000,
    "incomeBeforeTax": 88800000,
    "incomeBeforeTaxRatio": 0.067812142,
    "incomeTaxExpense": 15200000,
    "netIncome": 73600000,
    "netIncomeRatio": 0.0562046583,
    "eps": 0.14,
    "epsdiluted": 0.14,
    "weightedAverageShsOut": 512000000,
    "weightedAverageShsOutDil": 535300000,
    "link": "https://www.sec.gov/Archives/edgar/data/827054/000082705420000278/0000827054-20-000278-index.htm",
    "finalLink": "https://www.sec.gov/Archives/edgar/data/827054/000082705420000278/mchp-20200930.htm"
  },
  {
    "date": "2020-06-30",
    "symbol": "MCHP",
    "reportedCurrency": "USD",
    "cik": "0000827054",
    "fillingDate": "2020-08-04",
    "acceptedDate": "2020-08-04 17:00:20",
    "calendarYear": "2021",
    "period": "Q1",
    "revenue": 1309700000,
    "costOfRevenue": 511400000,
    "grossProfit": 798300000,
    "grossProfitRatio": 0.6095288997,
    "researchAndDevelopmentExpenses": 198000000,
    "generalAndAdministrativeExpenses": 146300000,
    "sellingAndMarketingExpenses": 0,
    "sellingGeneralAndAdministrativeExpenses": 146300000,
    "otherExpenses": 235700000,
    "operatingExpenses": 580000000,
    "costAndExpenses": 1091400000,
    "interestIncome": 300000,
    "interestExpense": 99100000,
    "depreciationAndAmortization": 292800000,
    "ebitda": 476600000,
    "ebitdaratio": 0.3639001298,
    "operatingIncome": 218300000,
    "operatingIncomeRatio": 0.1666793922,
    "totalOtherIncomeExpensesNet": -128800000,
    "incomeBeforeTax": 89500000,
    "incomeBeforeTaxRatio": 0.0683362602,
    "incomeTaxExpense": -34100000,
    "netIncome": 123600000,
    "netIncomeRatio": 0.0943727571,
    "eps": 0.25,
    "epsdiluted": 0.24,
    "weightedAverageShsOut": 495400000,
    "weightedAverageShsOutDil": 515600000,
    "link": "https://www.sec.gov/Archives/edgar/data/827054/000082705420000186/0000827054-20-000186-index.htm",
    "finalLink": "https://www.sec.gov/Archives/edgar/data/827054/000082705420000186/a2020-06x3010q.htm"
  },
  {
    "date": "2020-03-31",
    "symbol": "MCHP",
    "reportedCurrency": "USD",
    "cik": "0000827054",
    "fillingDate": "2020-05-22",
    "acceptedDate": "2020-05-21 21:08:01",
    "calendarYear": "2020",
    "period": "Q4",
    "revenue": 1326400000,
    "costOfRevenue": 512500000,
    "grossProfit": 813900000,
    "grossProfitRatio": 0.6136158022,
    "researchAndDevelopmentExpenses": 221800000,
    "generalAndAdministrativeExpenses": 165700000,
    "sellingAndMarketingExpenses": 0,
    "sellingGeneralAndAdministrativeExpenses": 165700000,
    "otherExpenses": 265700000,
    "operatingExpenses": 653200000,
    "costAndExpenses": 1165700000,
    "interestIncome": 500000,
    "interestExpense": 115400000,
    "depreciationAndAmortization": 310900000,
    "ebitda": 472100000,
    "ebitdaratio": 0.3559258142,
    "operatingIncome": 160700000,
    "operatingIncomeRatio": 0.121155006,
    "totalOtherIncomeExpensesNet": -114900000,
    "incomeBeforeTax": 45800000,
    "incomeBeforeTaxRatio": 0.0345295537,
    "incomeTaxExpense": -54100000,
    "netIncome": 99900000,
    "netIncomeRatio": 0.0753166466,
    "eps": 0.21,
    "epsdiluted": 0.2,
    "weightedAverageShsOut": 480200000,
    "weightedAverageShsOutDil": 514600000,
    "link": "https://www.sec.gov/Archives/edgar/data/827054/000082705420000119/0000827054-20-000119-index.htm",
    "finalLink": "https://www.sec.gov/Archives/edgar/data/827054/000082705420000119/a2020-03x3110k.htm"
  },
  {
    "date": "2019-12-31",
    "symbol": "MCHP",
    "reportedCurrency": "USD",
    "cik": "0000827054",
    "fillingDate": "2020-02-04",
    "acceptedDate": "2020-02-04 16:27:51",
    "calendarYear": "2020",
    "period": "Q3",
    "revenue": 1287400000,
    "costOfRevenue": 501900000,
    "grossProfit": 785500000,
    "grossProfitRatio": 0.6101444772,
    "researchAndDevelopmentExpenses": 217100000,
    "generalAndAdministrativeExpenses": 170700000,
    "sellingAndMarketingExpenses": 0,
    "sellingGeneralAndAdministrativeExpenses": 170700000,
    "otherExpenses": 266500000,
    "operatingExpenses": 654300000,
    "costAndExpenses": 1156200000,
    "interestIncome": 600000,
    "interestExpense": 119700000,
    "depreciationAndAmortization": 300000000,
    "ebitda": 426000000,
    "ebitdaratio": 0.3308994873,
    "operatingIncome": 131200000,
    "operatingIncomeRatio": 0.101910828,
    "totalOtherIncomeExpensesNet": -120600000,
    "incomeBeforeTax": 10600000,
    "incomeBeforeTaxRatio": 0.0082336492,
    "incomeTaxExpense": -300500000,
    "netIncome": 311100000,
    "netIncomeRatio": 0.2416498369,
    "eps": 0.65,
    "epsdiluted": 0.6,
    "weightedAverageShsOut": 478400000,
    "weightedAverageShsOutDil": 516600000,
    "link": "https://www.sec.gov/Archives/edgar/data/827054/000082705420000029/0000827054-20-000029-index.htm",
    "finalLink": "https://www.sec.gov/Archives/edgar/data/827054/000082705420000029/a2019-12x3110q.htm"
  },
  {
    "date": "2019-09-30",
    "symbol": "MCHP",
    "reportedCurrency": "USD",
    "cik": "0000827054",
    "fillingDate": "2019-11-06",
    "acceptedDate": "2019-11-06 12:46:07",
    "calendarYear": "2020",
    "period": "Q2",
    "revenue": 1337800000,
    "costOfRevenue": 510300000,
    "grossProfit": 827500000,
    "grossProfitRatio": 0.618552848,
    "researchAndDevelopmentExpenses": 219800000,
    "generalAndAdministrativeExpenses": 172300000,
    "sellingAndMarketingExpenses": 0,
    "sellingGeneralAndAdministrativeExpenses": 172300000,
    "otherExpenses": 251800000,
    "operatingExpenses": 643900000,
    "costAndExpenses": 1154200000,
    "interestIncome": 1000000,
    "interestExpense": 129600000,
    "depreciationAndAmortization": 297600000,
    "ebitda": 480700000,
    "ebitdaratio": 0.3593212737,
    "operatingIncome": 183600000,
    "operatingIncomeRatio": 0.1372402452,
    "totalOtherIncomeExpensesNet": -130100000,
    "incomeBeforeTax": 53500000,
    "incomeBeforeTaxRatio": 0.03999103,
    "incomeTaxExpense": -55400000,
    "netIncome": 108900000,
    "netIncomeRatio": 0.0814023023,
    "eps": 0.23,
    "epsdiluted": 0.22,
    "weightedAverageShsOut": 476800000,
    "weightedAverageShsOutDil": 510600000,
    "link": "https://www.sec.gov/Archives/edgar/data/827054/000082705419000288/0000827054-19-000288-index.htm",
    "finalLink": "https://www.sec.gov/Archives/edgar/data/827054/000082705419000288/a2019-09x3010k10q.htm"
  },
  {
    "date": "2019-06-30",
    "symbol": "MCHP",
    "reportedCurrency": "USD",
    "cik": "0000827054",
    "fillingDate": "2019-08-07",
    "acceptedDate": "2019-08-07 15:44:25",
    "calendarYear": "2020",
    "period": "Q1",
    "revenue": 1322600000,
    "costOfRevenue": 507400000,
    "grossProfit": 815200000,
    "grossProfitRatio": 0.6163617118,
    "researchAndDevelopmentExpenses": 219100000,
    "generalAndAdministrativeExpenses": 167900000,
    "sellingAndMarketingExpenses": 0,
    "sellingGeneralAndAdministrativeExpenses": 167900000,
    "otherExpenses": 256600000,
    "operatingExpenses": 643600000,
    "costAndExpenses": 1151000000,
    "interestIncome": 700000,
    "interestExpense": 132600000,
    "depreciationAndAmortization": 307100000,
    "ebitda": 480200000,
    "ebitdaratio": 0.3630727355,
    "operatingIncome": 171600000,
    "operatingIncomeRatio": 0.1297444428,
    "totalOtherIncomeExpensesNet": -131100000,
    "incomeBeforeTax": 40500000,
    "incomeBeforeTaxRatio": 0.0306215031,
    "incomeTaxExpense": -10200000,
    "netIncome": 50700000,
    "netIncomeRatio": 0.0383335854,
    "eps": 0.11,
    "epsdiluted": 0.1,
    "weightedAverageShsOut": 475600000,
    "weightedAverageShsOutDil": 507800000,
    "link": "https://www.sec.gov/Archives/edgar/data/827054/000082705419000197/0000827054-19-000197-index.htm",
    "finalLink": "https://www.sec.gov/Archives/edgar/data/827054/000082705419000197/a2019-06x3010k10q.htm"
  },
  {
    "date": "2019-03-31",
    "symbol": "MCHP",
    "reportedCurrency": "USD",
    "cik": "0000827054",
    "fillingDate": "2019-05-30",
    "acceptedDate": "2019-05-30 17:10:35",
    "calendarYear": "2019",
    "period": "Q4",
    "revenue": 1329800000,
    "costOfRevenue": 509400000,
    "grossProfit": 820400000,
    "grossProfitRatio": 0.6169348774,
    "researchAndDevelopmentExpenses": 214700000,
    "generalAndAdministrativeExpenses": 167400000,
    "sellingAndMarketingExpenses": 100000,
    "sellingGeneralAndAdministrativeExpenses": 167400000,
    "otherExpenses": 153600000,
    "operatingExpenses": 535700000,
    "costAndExpenses": 1045100000,
    "interestIncome": 800000,
    "interestExpense": 136200000,
    "depreciationAndAmortization": 238700000,
    "ebitda": 526100000,
    "ebitdaratio": 0.395623402,
    "operatingIncome": 284700000,
    "operatingIncomeRatio": 0.2140923447,
    "totalOtherIncomeExpensesNet": -133500000,
    "incomeBeforeTax": 151200000,
    "incomeBeforeTaxRatio": 0.1137013085,
    "incomeTaxExpense": -23500000,
    "netIncome": 174700000,
    "netIncomeRatio": 0.1313731388,
    "eps": 0.37,
    "epsdiluted": 0.35,
    "weightedAverageShsOut": 474400000,
    "weightedAverageShsOutDil": 501800000,
    "link": "https://www.sec.gov/Archives/edgar/data/827054/000082705419000143/0000827054-19-000143-index.htm",
    "finalLink": "https://www.sec.gov/Archives/edgar/data/827054/000082705419000143/a2019-03x3110k.htm"
  },
  {
    "date": "2018-12-31",
    "symbol": "MCHP",
    "reportedCurrency": "USD",
    "cik": "0000827054",
    "fillingDate": "2019-02-06",
    "acceptedDate": "2019-02-06 15:08:43",
    "calendarYear": "2019",
    "period": "Q3",
    "revenue": 1374700000,
    "costOfRevenue": 595100000,
    "grossProfit": 779600000,
    "grossProfitRatio": 0.5671055503,
    "researchAndDevelopmentExpenses": 217700000,
    "generalAndAdministrativeExpenses": 174800000,
    "sellingAndMarketingExpenses": 0,
    "sellingGeneralAndAdministrativeExpenses": 174800000,
    "otherExpenses": 192400000,
    "operatingExpenses": 584900000,
    "costAndExpenses": 1180000000,
    "interestIncome": 700000,
    "interestExpense": 137600000,
    "depreciationAndAmortization": 243900000,
    "ebitda": 436500000,
    "ebitdaratio": 0.3175238234,
    "operatingIncome": 194700000,
    "operatingIncomeRatio": 0.1416309013,
    "totalOtherIncomeExpensesNet": -139700000,
    "incomeBeforeTax": 55000000,
    "incomeBeforeTaxRatio": 0.0400087292,
    "incomeTaxExpense": 5800000,
    "netIncome": 49200000,
    "netIncomeRatio": 0.0357896268,
    "eps": 0.1,
    "epsdiluted": 0.1,
    "weightedAverageShsOut": 473400000,
    "weightedAverageShsOutDil": 489200000,
    "link": "https://www.sec.gov/Archives/edgar/data/827054/000082705419000018/0000827054-19-000018-index.htm",
    "finalLink": "https://www.sec.gov/Archives/edgar/data/827054/000082705419000018/a1231201810qq3fy19.htm"
  },
  {
    "date": "2018-09-30",
    "symbol": "MCHP",
    "reportedCurrency": "USD",
    "cik": "0000827054",
    "fillingDate": "2018-11-07",
    "acceptedDate": "2018-11-07 16:33:53",
    "calendarYear": "2019",
    "period": "Q2",
    "revenue": 1432500000,
    "costOfRevenue": 743200000,
    "grossProfit": 689300000,
    "grossProfitRatio": 0.4811867365,
    "researchAndDevelopmentExpenses": 221900000,
    "generalAndAdministrativeExpenses": 176600000,
    "sellingAndMarketingExpenses": 0,
    "sellingGeneralAndAdministrativeExpenses": 176600000,
    "otherExpenses": 188100000,
    "operatingExpenses": 586600000,
    "costAndExpenses": 1329800000,
    "interestIncome": 900000,
    "interestExpense": 138600000,
    "depreciationAndAmortization": 221000000,
    "ebitda": 320200000,
    "ebitdaratio": 0.2235253054,
    "operatingIncome": 102700000,
    "operatingIncomeRatio": 0.0716928447,
    "totalOtherIncomeExpensesNet": -142100000,
    "incomeBeforeTax": -39400000,
    "incomeBeforeTaxRatio": -0.027504363,
    "incomeTaxExpense": -135700000,
    "netIncome": 96300000,
    "netIncomeRatio": 0.0672251309,
    "eps": 0.21,
    "epsdiluted": 0.19,
    "weightedAverageShsOut": 471600000,
    "weightedAverageShsOutDil": 503600000,
    "link": "https://www.sec.gov/Archives/edgar/data/827054/000082705418000249/0000827054-18-000249-index.htm",
    "finalLink": "https://www.sec.gov/Archives/edgar/data/827054/000082705418000249/a930201810qq2fy19.htm"
  },
  {
    "date": "2018-06-30",
    "symbol": "MCHP",
    "reportedCurrency": "USD",
    "cik": "0000827054",
    "fillingDate": "2018-08-09",
    "acceptedDate": "2018-08-09 16:22:33",
    "calendarYear": "2019",
    "period": "Q1",
    "revenue": 1212500000,
    "costOfRevenue": 570500000,
    "grossProfit": 642000000,
    "grossProfitRatio": 0.5294845361,
    "researchAndDevelopmentExpenses": 171900000,
    "generalAndAdministrativeExpenses": 164000000,
    "sellingAndMarketingExpenses": 0,
    "sellingGeneralAndAdministrativeExpenses": 164000000,
    "otherExpenses": 173800000,
    "operatingExpenses": 509700000,
    "costAndExpenses": 1080200000,
    "interestIncome": 5700000,
    "interestExpense": 90400000,
    "depreciationAndAmortization": 172800000,
    "ebitda": 300900000,
    "ebitdaratio": 0.2481649485,
    "operatingIncome": 132300000,
    "operatingIncomeRatio": 0.1091134021,
    "totalOtherIncomeExpensesNet": -94600000,
    "incomeBeforeTax": 37700000,
    "incomeBeforeTaxRatio": 0.0310927835,
    "incomeTaxExpense": 2000000,
    "netIncome": 35700000,
    "netIncomeRatio": 0.029443299,
    "eps": 0.075,
    "epsdiluted": 0.07,
    "weightedAverageShsOut": 470400000,
    "weightedAverageShsOutDil": 504400000,
    "link": "https://www.sec.gov/Archives/edgar/data/827054/000082705418000143/0000827054-18-000143-index.htm",
    "finalLink": "https://www.sec.gov/Archives/edgar/data/827054/000082705418000143/a630201810qq1fy19.htm"
  },
  {
    "date": "2018-03-31",
    "symbol": "MCHP",
    "reportedCurrency": "USD",
    "cik": "0000827054",
    "fillingDate": "2018-05-18",
    "acceptedDate": "2018-05-18 17:32:30",
    "calendarYear": "2018",
    "period": "Q4",
    "revenue": 1002300000,
    "costOfRevenue": 387207000,
    "grossProfit": 615108000,
    "grossProfitRatio": 0.6136964981,
    "researchAndDevelopmentExpenses": 133500000,
    "generalAndAdministrativeExpenses": 114480000,
    "sellingAndMarketingExpenses": 20000,
    "sellingGeneralAndAdministrativeExpenses": 114500000,
    "otherExpenses": 122927000,
    "operatingExpenses": 371051000,
    "costAndExpenses": 758258000,
    "interestIncome": 7559000,
    "interestExpense": 50307000,
    "depreciationAndAmortization": 156868000,
    "ebitda": 395384000,
    "ebitdaratio": 0.3944767036,
    "operatingIncome": 244057000,
    "operatingIncomeRatio": 0.243496957,
    "totalOtherIncomeExpensesNet": -55848000,
    "incomeBeforeTax": 188200000,
    "incomeBeforeTaxRatio": 0.1877681333,
    "incomeTaxExpense": 41500000,
    "netIncome": 146700000,
    "netIncomeRatio": 0.1463633643,
    "eps": 0.32,
    "epsdiluted": 0.29,
    "weightedAverageShsOut": 469200000,
    "weightedAverageShsOutDil": 503000000,
    "link": "https://www.sec.gov/Archives/edgar/data/827054/000162828018006982/0001628280-18-006982-index.htm",
    "finalLink": "https://www.sec.gov/Archives/edgar/data/827054/000162828018006982/a2018-03x3110k.htm"
  },
  {
    "date": "2017-12-31",
    "symbol": "MCHP",
    "reportedCurrency": "USD",
    "cik": "0000827054",
    "fillingDate": "2018-02-07",
    "acceptedDate": "2018-02-07 16:06:57",
    "calendarYear": "2018",
    "period": "Q3",
    "revenue": 994205000,
    "costOfRevenue": 387100000,
    "grossProfit": 607100000,
    "grossProfitRatio": 0.610638651,
    "researchAndDevelopmentExpenses": 131555000,
    "generalAndAdministrativeExpenses": 109059000,
    "sellingAndMarketingExpenses": 0,
    "sellingGeneralAndAdministrativeExpenses": 109059000,
    "otherExpenses": 121200000,
    "operatingExpenses": 361900000,
    "costAndExpenses": 749000000,
    "interestIncome": 6306000,
    "interestExpense": 49744000,
    "depreciationAndAmortization": 154676000,
    "ebitda": 401000000,
    "ebitdaratio": 0.4033373399,
    "operatingIncome": 245200000,
    "operatingIncomeRatio": 0.2466292163,
    "totalOtherIncomeExpensesNet": -48500000,
    "incomeBeforeTax": 196650000,
    "incomeBeforeTaxRatio": 0.1977962291,
    "incomeTaxExpense": 447736000,
    "netIncome": -251086000,
    "netIncomeRatio": -0.2525495245,
    "eps": -0.54,
    "epsdiluted": -0.54,
    "weightedAverageShsOut": 468200000,
    "weightedAverageShsOutDil": 468212000,
    "link": "https://www.sec.gov/Archives/edgar/data/827054/000082705418000021/0000827054-18-000021-index.htm",
    "finalLink": "https://www.sec.gov/Archives/edgar/data/827054/000082705418000021/a1231201710q.htm"
  },
  {
    "date": "2017-09-30",
    "symbol": "MCHP",
    "reportedCurrency": "USD",
    "cik": "0000827054",
    "fillingDate": "2017-11-07",
    "acceptedDate": "2017-11-07 16:58:26",
    "calendarYear": "2018",
    "period": "Q2",
    "revenue": 1012139000,
    "costOfRevenue": 398000000,
    "grossProfit": 614100000,
    "grossProfitRatio": 0.6067348457,
    "researchAndDevelopmentExpenses": 133621000,
    "generalAndAdministrativeExpenses": 114289000,
    "sellingAndMarketingExpenses": 0,
    "sellingGeneralAndAdministrativeExpenses": 114289000,
    "otherExpenses": 140800000,
    "operatingExpenses": 388700000,
    "costAndExpenses": 786700000,
    "interestIncome": 4609000,
    "interestExpense": 49459000,
    "depreciationAndAmortization": 152555000,
    "ebitda": 388300000,
    "ebitdaratio": 0.3836429581,
    "operatingIncome": 225400000,
    "operatingIncomeRatio": 0.2226966849,
    "totalOtherIncomeExpensesNet": -39200000,
    "incomeBeforeTax": 186236000,
    "incomeBeforeTaxRatio": 0.1840023949,
    "incomeTaxExpense": -2920000,
    "netIncome": 189156000,
    "netIncomeRatio": 0.1868873742,
    "eps": 0.41,
    "epsdiluted": 0.39,
    "weightedAverageShsOut": 466600000,
    "weightedAverageShsOutDil": 489600000,
    "link": "https://www.sec.gov/Archives/edgar/data/827054/000082705417000203/0000827054-17-000203-index.htm",
    "finalLink": "https://www.sec.gov/Archives/edgar/data/827054/000082705417000203/a0930201710q.htm"
  },
  {
    "date": "2017-06-30",
    "symbol": "MCHP",
    "reportedCurrency": "USD",
    "cik": "0000827054",
    "fillingDate": "2017-08-04",
    "acceptedDate": "2017-08-04 16:12:34",
    "calendarYear": "2018",
    "period": "Q1",
    "revenue": 972141000,
    "costOfRevenue": 387700000,
    "grossProfit": 584400000,
    "grossProfitRatio": 0.6011473644,
    "researchAndDevelopmentExpenses": 130480000,
    "generalAndAdministrativeExpenses": 114272000,
    "sellingAndMarketingExpenses": 0,
    "sellingGeneralAndAdministrativeExpenses": 114272000,
    "otherExpenses": 118000000,
    "operatingExpenses": 362800000,
    "costAndExpenses": 750500000,
    "interestIncome": 3526000,
    "interestExpense": 49490000,
    "depreciationAndAmortization": 151800000,
    "ebitda": 367500000,
    "ebitdaratio": 0.3780315818,
    "operatingIncome": 221600000,
    "operatingIncomeRatio": 0.2279504722,
    "totalOtherIncomeExpensesNet": -55400000,
    "incomeBeforeTax": 166205000,
    "incomeBeforeTaxRatio": 0.1709679974,
    "incomeTaxExpense": -4382000,
    "netIncome": 170587000,
    "netIncomeRatio": 0.175475574,
    "eps": 0.37,
    "epsdiluted": 0.35,
    "weightedAverageShsOut": 458858000,
    "weightedAverageShsOutDil": 485804000,
    "link": "https://www.sec.gov/Archives/edgar/data/827054/000082705417000132/0000827054-17-000132-index.htm",
    "finalLink": "https://www.sec.gov/Archives/edgar/data/827054/000082705417000132/a0630201710q.htm"
  },
  {
    "date": "2017-03-31",
    "symbol": "MCHP",
    "reportedCurrency": "USD",
    "cik": "0000827054",
    "fillingDate": "2017-05-30",
    "acceptedDate": "2017-05-30 16:42:18",
    "calendarYear": "2017",
    "period": "Q4",
    "revenue": 902666000,
    "costOfRevenue": 369840000,
    "grossProfit": 532826000,
    "grossProfitRatio": 0.5902803473,
    "researchAndDevelopmentExpenses": 127182000,
    "generalAndAdministrativeExpenses": 111160000,
    "sellingAndMarketingExpenses": 0,
    "sellingGeneralAndAdministrativeExpenses": 111160000,
    "otherExpenses": 140397000,
    "operatingExpenses": 378739000,
    "costAndExpenses": 748579000,
    "interestIncome": 1314000,
    "interestExpense": 41661000,
    "depreciationAndAmortization": 128283000,
    "ebitda": 241746000,
    "ebitdaratio": 0.267813344,
    "operatingIncome": 154087000,
    "operatingIncomeRatio": 0.1707021202,
    "totalOtherIncomeExpensesNet": -82285000,
    "incomeBeforeTax": 71802000,
    "incomeBeforeTaxRatio": 0.0795443719,
    "incomeTaxExpense": -65106000,
    "netIncome": 136908000,
    "netIncomeRatio": 0.1516707176,
    "eps": 0.31,
    "epsdiluted": 0.28,
    "weightedAverageShsOut": 445406000,
    "weightedAverageShsOutDil": 478342000,
    "link": "https://www.sec.gov/Archives/edgar/data/827054/000082705417000098/0000827054-17-000098-index.htm",
    "finalLink": "https://www.sec.gov/Archives/edgar/data/827054/000082705417000098/a2017-03x3110k.htm"
  },
  {
    "date": "2016-12-31",
    "symbol": "MCHP",
    "reportedCurrency": "USD",
    "cik": "0000827054",
    "fillingDate": "2017-02-08",
    "acceptedDate": "2017-02-08 13:40:33",
    "calendarYear": "2017",
    "period": "Q3",
    "revenue": 834366000,
    "costOfRevenue": 369107000,
    "grossProfit": 465259000,
    "grossProfitRatio": 0.5576197975,
    "researchAndDevelopmentExpenses": 132433000,
    "generalAndAdministrativeExpenses": 111017000,
    "sellingAndMarketingExpenses": 0,
    "sellingGeneralAndAdministrativeExpenses": 111017000,
    "otherExpenses": 103735000,
    "operatingExpenses": 347185000,
    "costAndExpenses": 716292000,
    "interestIncome": 501000,
    "interestExpense": 35143000,
    "depreciationAndAmortization": 114968000,
    "ebitda": 233609000,
    "ebitdaratio": 0.279983844,
    "operatingIncome": 118074000,
    "operatingIncomeRatio": 0.1415134365,
    "totalOtherIncomeExpensesNet": -34576000,
    "incomeBeforeTax": 83498000,
    "incomeBeforeTaxRatio": 0.1000735888,
    "incomeTaxExpense": -23837000,
    "netIncome": 107175000,
    "netIncomeRatio": 0.1284508237,
    "eps": 0.25,
    "epsdiluted": 0.23,
    "weightedAverageShsOut": 432420000,
    "weightedAverageShsOutDil": 470848000,
    "link": "https://www.sec.gov/Archives/edgar/data/827054/000082705417000018/0000827054-17-000018-index.htm",
    "finalLink": "https://www.sec.gov/Archives/edgar/data/827054/000082705417000018/a1231201610q.htm"
  },
  {
    "date": "2016-09-30",
    "symbol": "MCHP",
    "reportedCurrency": "USD",
    "cik": "0000827054",
    "fillingDate": "2016-11-08",
    "acceptedDate": "2016-11-08 15:26:49",
    "calendarYear": "2017",
    "period": "Q2",
    "revenue": 871364000,
    "costOfRevenue": 460743000,
    "grossProfit": 410621000,
    "grossProfitRatio": 0.4712393443,
    "researchAndDevelopmentExpenses": 137795000,
    "generalAndAdministrativeExpenses": 120129000,
    "sellingAndMarketingExpenses": 0,
    "sellingGeneralAndAdministrativeExpenses": 120129000,
    "otherExpenses": 89937000,
    "operatingExpenses": 347861000,
    "costAndExpenses": 808604000,
    "interestIncome": 445000,
    "interestExpense": 35126000,
    "depreciationAndAmortization": 112816000,
    "ebitda": 173176000,
    "ebitdaratio": 0.1987412838,
    "operatingIncome": 62760000,
    "operatingIncomeRatio": 0.0720250091,
    "totalOtherIncomeExpensesNet": -37526000,
    "incomeBeforeTax": 25234000,
    "incomeBeforeTaxRatio": 0.028959195,
    "incomeTaxExpense": -10340000,
    "netIncome": 33919000,
    "netIncomeRatio": 0.038926327,
    "eps": 0.08,
    "epsdiluted": 0.07,
    "weightedAverageShsOut": 431048000,
    "weightedAverageShsOutDil": 467920000,
    "link": "https://www.sec.gov/Archives/edgar/data/827054/000082705416000472/0000827054-16-000472-index.htm",
    "finalLink": "https://www.sec.gov/Archives/edgar/data/827054/000082705416000472/a930201610q.htm"
  },
  {
    "date": "2016-06-30",
    "symbol": "MCHP",
    "reportedCurrency": "USD",
    "cik": "0000827054",
    "fillingDate": "2016-08-09",
    "acceptedDate": "2016-08-09 17:03:12",
    "calendarYear": "2017",
    "period": "Q1",
    "revenue": 799411000,
    "costOfRevenue": 450921000,
    "grossProfit": 348490000,
    "grossProfitRatio": 0.435933456,
    "researchAndDevelopmentExpenses": 147883000,
    "generalAndAdministrativeExpenses": 157505000,
    "sellingAndMarketingExpenses": 0,
    "sellingGeneralAndAdministrativeExpenses": 157505000,
    "otherExpenses": 102206000,
    "operatingExpenses": 407594000,
    "costAndExpenses": 858515000,
    "interestIncome": 819000,
    "interestExpense": 34416000,
    "depreciationAndAmortization": 113141000,
    "ebitda": 56810000,
    "ebitdaratio": 0.0710648215,
    "operatingIncome": -59104000,
    "operatingIncomeRatio": -0.0739344342,
    "totalOtherIncomeExpensesNet": -31643000,
    "incomeBeforeTax": -90747000,
    "incomeBeforeTaxRatio": -0.1135173271,
    "incomeTaxExpense": 18478000,
    "netIncome": -113363000,
    "netIncomeRatio": -0.1418081563,
    "eps": -0.26,
    "epsdiluted": -0.26,
    "weightedAverageShsOut": 428333000,
    "weightedAverageShsOutDil": 428690000,
    "link": "https://www.sec.gov/Archives/edgar/data/827054/000082705416000385/0000827054-16-000385-index.htm",
    "finalLink": "https://www.sec.gov/Archives/edgar/data/827054/000082705416000385/a630201610q.htm"
  },
  {
    "date": "2016-03-31",
    "symbol": "MCHP",
    "reportedCurrency": "USD",
    "cik": "0000827054",
    "fillingDate": "2016-05-24",
    "acceptedDate": "2016-05-24 17:13:41",
    "calendarYear": "2016",
    "period": "Q4",
    "revenue": 557647000,
    "costOfRevenue": 254868000,
    "grossProfit": 302779000,
    "grossProfitRatio": 0.5429581796,
    "researchAndDevelopmentExpenses": 95638000,
    "generalAndAdministrativeExpenses": 78293000,
    "sellingAndMarketingExpenses": 0,
    "sellingGeneralAndAdministrativeExpenses": 78293000,
    "otherExpenses": 48902000,
    "operatingExpenses": 222833000,
    "costAndExpenses": 477701000,
    "interestIncome": 5837000,
    "interestExpense": 26815000,
    "depreciationAndAmortization": 75509000,
    "ebitda": 159937000,
    "ebitdaratio": 0.2868068868,
    "operatingIncome": 79946000,
    "operatingIncomeRatio": 0.1433630953,
    "totalOtherIncomeExpensesNet": -22333000,
    "incomeBeforeTax": 57613000,
    "incomeBeforeTaxRatio": 0.1033144624,
    "incomeTaxExpense": -9742000,
    "netIncome": 67355000,
    "netIncomeRatio": 0.1207842954,
    "eps": 0.17,
    "epsdiluted": 0.16,
    "weightedAverageShsOut": 407472000,
    "weightedAverageShsOutDil": 435422000,
    "link": "https://www.sec.gov/Archives/edgar/data/827054/000082705416000344/0000827054-16-000344-index.htm",
    "finalLink": "https://www.sec.gov/Archives/edgar/data/827054/000082705416000344/a2016-03x3110k.htm"
  },
  {
    "date": "2015-12-31",
    "symbol": "MCHP",
    "reportedCurrency": "USD",
    "cik": "0000827054",
    "fillingDate": "2016-02-05",
    "acceptedDate": "2016-02-05 16:47:12",
    "calendarYear": "2016",
    "period": "Q3",
    "revenue": 540344000,
    "costOfRevenue": 247626000,
    "grossProfit": 292718000,
    "grossProfitRatio": 0.5417252713,
    "researchAndDevelopmentExpenses": 97022000,
    "generalAndAdministrativeExpenses": 76270000,
    "sellingAndMarketingExpenses": 0,
    "sellingGeneralAndAdministrativeExpenses": 76270000,
    "otherExpenses": 43294000,
    "operatingExpenses": 216586000,
    "costAndExpenses": 464212000,
    "interestIncome": 6677000,
    "interestExpense": 27507000,
    "depreciationAndAmortization": 76178000,
    "ebitda": 153843000,
    "ebitdaratio": 0.2847130717,
    "operatingIncome": 76132000,
    "operatingIncomeRatio": 0.1408954296,
    "totalOtherIncomeExpensesNet": -25974000,
    "incomeBeforeTax": 50158000,
    "incomeBeforeTaxRatio": 0.0928260516,
    "incomeTaxExpense": -11053000,
    "netIncome": 61211000,
    "netIncomeRatio": 0.1132815392,
    "eps": 0.15,
    "epsdiluted": 0.14,
    "weightedAverageShsOut": 406588000,
    "weightedAverageShsOutDil": 435950000,
    "link": "https://www.sec.gov/Archives/edgar/data/827054/000082705416000265/0000827054-16-000265-index.htm",
    "finalLink": "https://www.sec.gov/Archives/edgar/data/827054/000082705416000265/a1231201510q.htm"
  },
  {
    "date": "2015-09-30",
    "symbol": "MCHP",
    "reportedCurrency": "USD",
    "cik": "0000827054",
    "fillingDate": "2015-11-09",
    "acceptedDate": "2015-11-09 13:59:20",
    "calendarYear": "2016",
    "period": "Q2",
    "revenue": 541391000,
    "costOfRevenue": 240441000,
    "grossProfit": 300950000,
    "grossProfitRatio": 0.5558829016,
    "researchAndDevelopmentExpenses": 95256000,
    "generalAndAdministrativeExpenses": 80258000,
    "sellingAndMarketingExpenses": 0,
    "sellingGeneralAndAdministrativeExpenses": 80258000,
    "otherExpenses": 50488000,
    "operatingExpenses": 226002000,
    "costAndExpenses": 466443000,
    "interestIncome": 6405000,
    "interestExpense": 25644000,
    "depreciationAndAmortization": 71109000,
    "ebitda": 150710000,
    "ebitdaratio": 0.2783755179,
    "operatingIncome": 74948000,
    "operatingIncomeRatio": 0.1384359917,
    "totalOtherIncomeExpensesNet": -20991000,
    "incomeBeforeTax": 53957000,
    "incomeBeforeTaxRatio": 0.0996636442,
    "incomeTaxExpense": -10942000,
    "netIncome": 64899000,
    "netIncomeRatio": 0.1198745454,
    "eps": 0.15,
    "epsdiluted": 0.15,
    "weightedAverageShsOut": 432660000,
    "weightedAverageShsOutDil": 434198000,
    "link": "https://www.sec.gov/Archives/edgar/data/827054/000082705415000218/0000827054-15-000218-index.htm",
    "finalLink": "https://www.sec.gov/Archives/edgar/data/827054/000082705415000218/a0930201510q.htm"
  },
  {
    "date": "2015-06-30",
    "symbol": "MCHP",
    "reportedCurrency": "USD",
    "cik": "0000827054",
    "fillingDate": "2015-08-06",
    "acceptedDate": "2015-08-06 17:16:07",
    "calendarYear": "2016",
    "period": "Q1",
    "revenue": 533952000,
    "costOfRevenue": 224935000,
    "grossProfit": 309017000,
    "grossProfitRatio": 0.5787355418,
    "researchAndDevelopmentExpenses": 84680000,
    "generalAndAdministrativeExpenses": 66849000,
    "sellingAndMarketingExpenses": 0,
    "sellingGeneralAndAdministrativeExpenses": 66849000,
    "otherExpenses": 36169000,
    "operatingExpenses": 187698000,
    "costAndExpenses": 412633000,
    "interestIncome": 5528000,
    "interestExpense": 24052000,
    "depreciationAndAmortization": 60375000,
    "ebitda": 203992000,
    "ebitdaratio": 0.3820418315,
    "operatingIncome": 121319000,
    "operatingIncomeRatio": 0.2272095619,
    "totalOtherIncomeExpensesNet": -1754000,
    "incomeBeforeTax": 119565000,
    "incomeBeforeTaxRatio": 0.2239246224,
    "incomeTaxExpense": -10895000,
    "netIncome": 130667000,
    "netIncomeRatio": 0.2447167536,
    "eps": 0.33,
    "epsdiluted": 0.3,
    "weightedAverageShsOut": 404464000,
    "weightedAverageShsOutDil": 433534000,
    "link": "https://www.sec.gov/Archives/edgar/data/827054/000082705415000134/0000827054-15-000134-index.htm",
    "finalLink": "https://www.sec.gov/Archives/edgar/data/827054/000082705415000134/a2015063010q.htm"
  },
  {
    "date": "2015-03-31",
    "symbol": "MCHP",
    "reportedCurrency": "USD",
    "cik": "0000827054",
    "fillingDate": "2015-05-27",
    "acceptedDate": "2015-05-26 20:46:13",
    "calendarYear": "2015",
    "period": "Q4",
    "revenue": 543207000,
    "costOfRevenue": 229575000,
    "grossProfit": 313632000,
    "grossProfitRatio": 0.5773710574,
    "researchAndDevelopmentExpenses": 87662000,
    "generalAndAdministrativeExpenses": 67778000,
    "sellingAndMarketingExpenses": 0,
    "sellingGeneralAndAdministrativeExpenses": 67778000,
    "otherExpenses": 47845000,
    "operatingExpenses": 203285000,
    "costAndExpenses": 432860000,
    "interestIncome": 5330000,
    "interestExpense": 20114000,
    "depreciationAndAmortization": 73186000,
    "ebitda": 155321000,
    "ebitdaratio": 0.2859333551,
    "operatingIncome": 110347000,
    "operatingIncomeRatio": 0.2031398712,
    "totalOtherIncomeExpensesNet": -48326000,
    "incomeBeforeTax": 62021000,
    "incomeBeforeTaxRatio": 0.1141756273,
    "incomeTaxExpense": -36559000,
    "netIncome": 99402000,
    "netIncomeRatio": 0.1829910145,
    "eps": 0.25,
    "epsdiluted": 0.23,
    "weightedAverageShsOut": 403460000,
    "weightedAverageShsOutDil": 441894000,
    "link": "https://www.sec.gov/Archives/edgar/data/827054/000082705415000103/0000827054-15-000103-index.htm",
    "finalLink": "https://www.sec.gov/Archives/edgar/data/827054/000082705415000103/a2015-03x3110k.htm"
  },
  {
    "date": "2014-12-31",
    "symbol": "MCHP",
    "reportedCurrency": "USD",
    "cik": "0000827054",
    "fillingDate": "2015-02-03",
    "acceptedDate": "2015-02-03 11:51:52",
    "calendarYear": "2015",
    "period": "Q3",
    "revenue": 528710000,
    "costOfRevenue": 226751000,
    "grossProfit": 301959000,
    "grossProfitRatio": 0.5711240567,
    "researchAndDevelopmentExpenses": 88697000,
    "generalAndAdministrativeExpenses": 66668000,
    "sellingAndMarketingExpenses": 0,
    "sellingGeneralAndAdministrativeExpenses": 66668000,
    "otherExpenses": 48585000,
    "operatingExpenses": 203950000,
    "costAndExpenses": 430701000,
    "interestIncome": 4924000,
    "interestExpense": 14223000,
    "depreciationAndAmortization": 73303000,
    "ebitda": 173717000,
    "ebitdaratio": 0.3285676458,
    "operatingIncome": 98009000,
    "operatingIncomeRatio": 0.1853738344,
    "totalOtherIncomeExpensesNet": -11818000,
    "incomeBeforeTax": 86191000,
    "incomeBeforeTaxRatio": 0.163021316,
    "incomeTaxExpense": 1393000,
    "netIncome": 86057000,
    "netIncomeRatio": 0.162767869,
    "eps": 0.22,
    "epsdiluted": 0.2,
    "weightedAverageShsOut": 402406000,
    "weightedAverageShsOutDil": 446974000,
    "link": "https://www.sec.gov/Archives/edgar/data/827054/000082705415000017/0000827054-15-000017-index.htm",
    "finalLink": "https://www.sec.gov/Archives/edgar/data/827054/000082705415000017/a2014123110q.htm"
  },
  {
    "date": "2014-09-30",
    "symbol": "MCHP",
    "reportedCurrency": "USD",
    "cik": "0000827054",
    "fillingDate": "2014-11-10",
    "acceptedDate": "2014-11-10 13:38:11",
    "calendarYear": "2015",
    "period": "Q2",
    "revenue": 546243000,
    "costOfRevenue": 238789000,
    "grossProfit": 307454000,
    "grossProfitRatio": 0.562852064,
    "researchAndDevelopmentExpenses": 88814000,
    "generalAndAdministrativeExpenses": 71114000,
    "sellingAndMarketingExpenses": 0,
    "sellingGeneralAndAdministrativeExpenses": 71114000,
    "otherExpenses": 46208000,
    "operatingExpenses": 206136000,
    "costAndExpenses": 444925000,
    "interestIncome": 4531000,
    "interestExpense": 14019000,
    "depreciationAndAmortization": 70821000,
    "ebitda": 175544000,
    "ebitdaratio": 0.3213661319,
    "operatingIncome": 101318000,
    "operatingIncomeRatio": 0.1854815531,
    "totalOtherIncomeExpensesNet": -10614000,
    "incomeBeforeTax": 90704000,
    "incomeBeforeTaxRatio": 0.1660506405,
    "incomeTaxExpense": -1334000,
    "netIncome": 93641000,
    "netIncomeRatio": 0.1714273684,
    "eps": 0.24,
    "epsdiluted": 0.21,
    "weightedAverageShsOut": 401258000,
    "weightedAverageShsOutDil": 450568000,
    "link": "https://www.sec.gov/Archives/edgar/data/827054/000082705414000250/0000827054-14-000250-index.htm",
    "finalLink": "https://www.sec.gov/Archives/edgar/data/827054/000082705414000250/a2014093010q.htm"
  },
  {
    "date": "2014-06-30",
    "symbol": "MCHP",
    "reportedCurrency": "USD",
    "cik": "0000827054",
    "fillingDate": "2014-08-11",
    "acceptedDate": "2014-08-11 15:45:22",
    "calendarYear": "2015",
    "period": "Q1",
    "revenue": 528876000,
    "costOfRevenue": 222357000,
    "grossProfit": 306519000,
    "grossProfitRatio": 0.579566855,
    "researchAndDevelopmentExpenses": 84370000,
    "generalAndAdministrativeExpenses": 69255000,
    "sellingAndMarketingExpenses": 0,
    "sellingGeneralAndAdministrativeExpenses": 69255000,
    "otherExpenses": 36948000,
    "operatingExpenses": 190573000,
    "costAndExpenses": 412930000,
    "interestIncome": 4742000,
    "interestExpense": 13678000,
    "depreciationAndAmortization": 60988000,
    "ebitda": 181657000,
    "ebitdaratio": 0.3434774881,
    "operatingIncome": 115946000,
    "operatingIncomeRatio": 0.2192309729,
    "totalOtherIncomeExpensesNet": -8955000,
    "incomeBeforeTax": 106991000,
    "incomeBeforeTaxRatio": 0.2022988375,
    "incomeTaxExpense": 17082000,
    "netIncome": 89909000,
    "netIncomeRatio": 0.1700001513,
    "eps": 0.23,
    "epsdiluted": 0.2,
    "weightedAverageShsOut": 400374000,
    "weightedAverageShsOutDil": 449054000,
    "link": "https://www.sec.gov/Archives/edgar/data/827054/000082705414000176/0000827054-14-000176-index.htm",
    "finalLink": "https://www.sec.gov/Archives/edgar/data/827054/000082705414000176/a2014063010q.htm"
  },
  {
    "date": "2014-03-31",
    "symbol": "MCHP",
    "reportedCurrency": "USD",
    "cik": "0000827054",
    "fillingDate": "2014-05-30",
    "acceptedDate": "2014-05-30 16:17:14",
    "calendarYear": "2014",
    "period": "Q4",
    "revenue": 493384000,
    "costOfRevenue": 202798000,
    "grossProfit": 290586000,
    "grossProfitRatio": 0.5889651874,
    "researchAndDevelopmentExpenses": 77363000,
    "generalAndAdministrativeExpenses": 65344000,
    "sellingAndMarketingExpenses": 0,
    "sellingGeneralAndAdministrativeExpenses": 65344000,
    "otherExpenses": 21842000,
    "operatingExpenses": 164549000,
    "costAndExpenses": 367347000,
    "interestIncome": 4309000,
    "interestExpense": 11961000,
    "depreciationAndAmortization": 45435000,
    "ebitda": 175620000,
    "ebitdaratio": 0.3559499295,
    "operatingIncome": 126037000,
    "operatingIncomeRatio": 0.2554541696,
    "totalOtherIncomeExpensesNet": -7813000,
    "incomeBeforeTax": 118224000,
    "incomeBeforeTaxRatio": 0.2396186338,
    "incomeTaxExpense": 6729000,
    "netIncome": 111495000,
    "netIncomeRatio": 0.2259801696,
    "eps": 0.28,
    "epsdiluted": 0.25,
    "weightedAverageShsOut": 399260000,
    "weightedAverageShsOutDil": 445378000,
    "link": "https://www.sec.gov/Archives/edgar/data/827054/000082705414000140/0000827054-14-000140-index.htm",
    "finalLink": "https://www.sec.gov/Archives/edgar/data/827054/000082705414000140/a2014-03x3110k.htm"
  },
  {
    "date": "2013-12-31",
    "symbol": "MCHP",
    "reportedCurrency": "USD",
    "cik": "0000827054",
    "fillingDate": "2014-02-07",
    "acceptedDate": "2014-02-07 13:45:03",
    "calendarYear": "2014",
    "period": "Q3",
    "revenue": 482372000,
    "costOfRevenue": 199652000,
    "grossProfit": 282720000,
    "grossProfitRatio": 0.586103671,
    "researchAndDevelopmentExpenses": 76341000,
    "generalAndAdministrativeExpenses": 66856000,
    "sellingAndMarketingExpenses": 0,
    "sellingGeneralAndAdministrativeExpenses": 66856000,
    "otherExpenses": 22605000,
    "operatingExpenses": 165802000,
    "costAndExpenses": 365454000,
    "interestIncome": 4241000,
    "interestExpense": 12545000,
    "depreciationAndAmortization": 45242000,
    "ebitda": 170375000,
    "ebitdaratio": 0.3532025076,
    "operatingIncome": 116918000,
    "operatingIncomeRatio": 0.2423813986,
    "totalOtherIncomeExpensesNet": -4330000,
    "incomeBeforeTax": 112588000,
    "incomeBeforeTaxRatio": 0.233404924,
    "incomeTaxExpense": 7187000,
    "netIncome": 105401000,
    "netIncomeRatio": 0.2185056347,
    "eps": 0.27,
    "epsdiluted": 0.24,
    "weightedAverageShsOut": 397518000,
    "weightedAverageShsOutDil": 438178000,
    "link": "https://www.sec.gov/Archives/edgar/data/827054/000082705414000023/0000827054-14-000023-index.htm",
    "finalLink": "https://www.sec.gov/Archives/edgar/data/827054/000082705414000023/a2013123110q.htm"
  },
  {
    "date": "2013-09-30",
    "symbol": "MCHP",
    "reportedCurrency": "USD",
    "cik": "0000827054",
    "fillingDate": "2013-11-08",
    "acceptedDate": "2013-11-08 12:21:10",
    "calendarYear": "2014",
    "period": "Q2",
    "revenue": 492669000,
    "costOfRevenue": 203806000,
    "grossProfit": 288863000,
    "grossProfitRatio": 0.5863226629,
    "researchAndDevelopmentExpenses": 78254000,
    "generalAndAdministrativeExpenses": 69368000,
    "sellingAndMarketingExpenses": 0,
    "sellingGeneralAndAdministrativeExpenses": 69368000,
    "otherExpenses": 23733000,
    "operatingExpenses": 171355000,
    "costAndExpenses": 375161000,
    "interestIncome": 4010000,
    "interestExpense": 12354000,
    "depreciationAndAmortization": 48052000,
    "ebitda": 171612000,
    "ebitdaratio": 0.3483312325,
    "operatingIncome": 117508000,
    "operatingIncomeRatio": 0.2385130788,
    "totalOtherIncomeExpensesNet": -6302000,
    "incomeBeforeTax": 111206000,
    "incomeBeforeTaxRatio": 0.2257215291,
    "incomeTaxExpense": 11400000,
    "netIncome": 99806000,
    "netIncomeRatio": 0.2025822611,
    "eps": 0.25,
    "epsdiluted": 0.23,
    "weightedAverageShsOut": 395650000,
    "weightedAverageShsOutDil": 432950000,
    "link": "https://www.sec.gov/Archives/edgar/data/827054/000082705413000321/0000827054-13-000321-index.htm",
    "finalLink": "https://www.sec.gov/Archives/edgar/data/827054/000082705413000321/a2013093010q.htm"
  },
  {
    "date": "2013-06-30",
    "symbol": "MCHP",
    "reportedCurrency": "USD",
    "cik": "0000827054",
    "fillingDate": "2013-08-09",
    "acceptedDate": "2013-08-09 15:50:11",
    "calendarYear": "2014",
    "period": "Q1",
    "revenue": 462792000,
    "costOfRevenue": 196218000,
    "grossProfit": 266574000,
    "grossProfitRatio": 0.5760125499,
    "researchAndDevelopmentExpenses": 73085000,
    "generalAndAdministrativeExpenses": 65710000,
    "sellingAndMarketingExpenses": 0,
    "sellingGeneralAndAdministrativeExpenses": 65710000,
    "otherExpenses": 29378000,
    "operatingExpenses": 168173000,
    "costAndExpenses": 364391000,
    "interestIncome": 3925000,
    "interestExpense": 11856000,
    "depreciationAndAmortization": 27677000,
    "ebitda": 152602000,
    "ebitdaratio": 0.3297420872,
    "operatingIncome": 98401000,
    "operatingIncomeRatio": 0.212624678,
    "totalOtherIncomeExpensesNet": -8065000,
    "incomeBeforeTax": 90336000,
    "incomeBeforeTaxRatio": 0.1951978427,
    "incomeTaxExpense": 11757000,
    "netIncome": 78579000,
    "netIncomeRatio": 0.1697933413,
    "eps": 0.2,
    "epsdiluted": 0.19,
    "weightedAverageShsOut": 393900000,
    "weightedAverageShsOutDil": 424532000,
    "link": "https://www.sec.gov/Archives/edgar/data/827054/000082705413000216/0000827054-13-000216-index.htm",
    "finalLink": "https://www.sec.gov/Archives/edgar/data/827054/000082705413000216/a2013063010q.htm"
  },
  {
    "date": "2013-03-31",
    "symbol": "MCHP",
    "reportedCurrency": "USD",
    "cik": "0000827054",
    "fillingDate": "2013-05-30",
    "acceptedDate": "2013-05-30 14:55:45",
    "calendarYear": "2013",
    "period": "Q4",
    "revenue": 430144000,
    "costOfRevenue": 191105000,
    "grossProfit": 239039000,
    "grossProfitRatio": 0.5557185501,
    "researchAndDevelopmentExpenses": 70438000,
    "generalAndAdministrativeExpenses": 64744000,
    "sellingAndMarketingExpenses": 0,
    "sellingGeneralAndAdministrativeExpenses": 64744000,
    "otherExpenses": 47144000,
    "operatingExpenses": 182326000,
    "costAndExpenses": 373431000,
    "interestIncome": 3671000,
    "interestExpense": 9932000,
    "depreciationAndAmortization": 63629000,
    "ebitda": 123063000,
    "ebitdaratio": 0.286097214,
    "operatingIncome": 56713000,
    "operatingIncomeRatio": 0.1318465444,
    "totalOtherIncomeExpensesNet": -7211000,
    "incomeBeforeTax": 49502000,
    "incomeBeforeTaxRatio": 0.115082391,
    "incomeTaxExpense": -10188000,
    "netIncome": 59690000,
    "netIncomeRatio": 0.1387674825,
    "eps": 0.15,
    "epsdiluted": 0.14,
    "weightedAverageShsOut": 391816000,
    "weightedAverageShsOutDil": 418892000,
    "link": "https://www.sec.gov/Archives/edgar/data/827054/000082705413000171/0000827054-13-000171-index.htm",
    "finalLink": "https://www.sec.gov/Archives/edgar/data/827054/000082705413000171/a2013-03x3110k.htm"
  },
  {
    "date": "2012-12-31",
    "symbol": "MCHP",
    "reportedCurrency": "USD",
    "cik": "0000827054",
    "fillingDate": "2013-02-11",
    "acceptedDate": "2013-02-11 14:09:05",
    "calendarYear": "2013",
    "period": "Q3",
    "revenue": 416047000,
    "costOfRevenue": 215619000,
    "grossProfit": 200428000,
    "grossProfitRatio": 0.4817436492,
    "researchAndDevelopmentExpenses": 71377000,
    "generalAndAdministrativeExpenses": 69368000,
    "sellingAndMarketingExpenses": 0,
    "sellingGeneralAndAdministrativeExpenses": 69368000,
    "otherExpenses": 42270000,
    "operatingExpenses": 183015000,
    "costAndExpenses": 398634000,
    "interestIncome": 3813000,
    "interestExpense": 11077000,
    "depreciationAndAmortization": 64012000,
    "ebitda": 84781000,
    "ebitdaratio": 0.2037774578,
    "operatingIncome": 17413000,
    "operatingIncomeRatio": 0.0418534444,
    "totalOtherIncomeExpensesNet": -7721000,
    "incomeBeforeTax": 9692000,
    "incomeBeforeTaxRatio": 0.023295445,
    "incomeTaxExpense": -481000,
    "netIncome": 10173000,
    "netIncomeRatio": 0.0244515644,
    "eps": 0.025,
    "epsdiluted": 0.025,
    "weightedAverageShsOut": 389916000,
    "weightedAverageShsOutDil": 408810000,
    "link": "https://www.sec.gov/Archives/edgar/data/827054/000082705413000050/0000827054-13-000050-index.htm",
    "finalLink": "https://www.sec.gov/Archives/edgar/data/827054/000082705413000050/a2012123110q.htm"
  },
  {
    "date": "2012-09-30",
    "symbol": "MCHP",
    "reportedCurrency": "USD",
    "cik": "0000827054",
    "fillingDate": "2012-11-09",
    "acceptedDate": "2012-11-09 14:18:14",
    "calendarYear": "2013",
    "period": "Q2",
    "revenue": 383298000,
    "costOfRevenue": 189103000,
    "grossProfit": 194195000,
    "grossProfitRatio": 0.5066423514,
    "researchAndDevelopmentExpenses": 64082000,
    "generalAndAdministrativeExpenses": 71767000,
    "sellingAndMarketingExpenses": 0,
    "sellingGeneralAndAdministrativeExpenses": 71767000,
    "otherExpenses": 50252000,
    "operatingExpenses": 186101000,
    "costAndExpenses": 375204000,
    "interestIncome": 3744000,
    "interestExpense": 10758000,
    "depreciationAndAmortization": 51211000,
    "ebitda": 64088000,
    "ebitdaratio": 0.1672014986,
    "operatingIncome": 8094000,
    "operatingIncomeRatio": 0.021116729,
    "totalOtherIncomeExpensesNet": -5975000,
    "incomeBeforeTax": 2119000,
    "incomeBeforeTaxRatio": 0.0055283357,
    "incomeTaxExpense": 23303000,
    "netIncome": -21184000,
    "netIncomeRatio": -0.0552677029,
    "eps": -0.055,
    "epsdiluted": -0.0546,
    "weightedAverageShsOut": 385164000,
    "weightedAverageShsOutDil": 388120000,
    "link": "https://www.sec.gov/Archives/edgar/data/827054/000082705412000342/0000827054-12-000342-index.htm",
    "finalLink": "https://www.sec.gov/Archives/edgar/data/827054/000082705412000342/a2012093010q.htm"
  },
  {
    "date": "2012-06-30",
    "symbol": "MCHP",
    "reportedCurrency": "USD",
    "cik": "0000827054",
    "fillingDate": "2012-08-09",
    "acceptedDate": "2012-08-09 14:11:12",
    "calendarYear": "2013",
    "period": "Q1",
    "revenue": 352134000,
    "costOfRevenue": 147337000,
    "grossProfit": 204797000,
    "grossProfitRatio": 0.581588259,
    "researchAndDevelopmentExpenses": 48826000,
    "generalAndAdministrativeExpenses": 55592000,
    "sellingAndMarketingExpenses": 0,
    "sellingGeneralAndAdministrativeExpenses": 55592000,
    "otherExpenses": 4046000,
    "operatingExpenses": 108464000,
    "costAndExpenses": 255801000,
    "interestIncome": 4332000,
    "interestExpense": 9148000,
    "depreciationAndAmortization": 25245000,
    "ebitda": 125257000,
    "ebitdaratio": 0.3557083383,
    "operatingIncome": 96333000,
    "operatingIncomeRatio": 0.2735691527,
    "totalOtherIncomeExpensesNet": -5469000,
    "incomeBeforeTax": 90864000,
    "incomeBeforeTaxRatio": 0.2580381332,
    "incomeTaxExpense": 12154000,
    "netIncome": 78710000,
    "netIncomeRatio": 0.2235228635,
    "eps": 0.21,
    "epsdiluted": 0.2,
    "weightedAverageShsOut": 386904000,
    "weightedAverageShsOutDil": 407400000,
    "link": "https://www.sec.gov/Archives/edgar/data/827054/000082705412000230/0000827054-12-000230-index.htm",
    "finalLink": "https://www.sec.gov/Archives/edgar/data/827054/000082705412000230/a2012063010q.htm"
  },
  {
    "date": "2012-03-31",
    "symbol": "MCHP",
    "reportedCurrency": "USD",
    "cik": "0000827054",
    "fillingDate": "2012-05-30",
    "acceptedDate": "2012-05-30 13:24:31",
    "calendarYear": "2012",
    "period": "Q4",
    "revenue": 338911000,
    "costOfRevenue": 145038000,
    "grossProfit": 193873000,
    "grossProfitRatio": 0.5720469386,
    "researchAndDevelopmentExpenses": 47713000,
    "generalAndAdministrativeExpenses": 50754000,
    "sellingAndMarketingExpenses": 0,
    "sellingGeneralAndAdministrativeExpenses": 50754000,
    "otherExpenses": 1497000,
    "operatingExpenses": 99964000,
    "costAndExpenses": 245002000,
    "interestIncome": 5584000,
    "interestExpense": 8346000,
    "depreciationAndAmortization": 24254000,
    "ebitda": 124522000,
    "ebitdaratio": 0.3674179947,
    "operatingIncome": 93909000,
    "operatingIncomeRatio": 0.2770904456,
    "totalOtherIncomeExpensesNet": -1987000,
    "incomeBeforeTax": 91922000,
    "incomeBeforeTaxRatio": 0.2712275494,
    "incomeTaxExpense": 11286000,
    "netIncome": 80636000,
    "netIncomeRatio": 0.2379267713,
    "eps": 0.21,
    "epsdiluted": 0.21,
    "weightedAverageShsOut": 385140000,
    "weightedAverageShsOutDil": 386904000,
    "link": "https://www.sec.gov/Archives/edgar/data/827054/000082705412000170/0000827054-12-000170-index.htm",
    "finalLink": "https://www.sec.gov/Archives/edgar/data/827054/000082705412000170/a2012-03x3110k.htm"
  },
  {
    "date": "2011-12-31",
    "symbol": "MCHP",
    "reportedCurrency": "USD",
    "cik": "0000827054",
    "fillingDate": "2012-02-06",
    "acceptedDate": "2012-02-06 11:28:48",
    "calendarYear": "2012",
    "period": "Q3",
    "revenue": 329156000,
    "costOfRevenue": 143668000,
    "grossProfit": 185488000,
    "grossProfitRatio": 0.5635261092,
    "researchAndDevelopmentExpenses": 44256000,
    "generalAndAdministrativeExpenses": 52056000,
    "sellingAndMarketingExpenses": 0,
    "sellingGeneralAndAdministrativeExpenses": 52056000,
    "otherExpenses": 2018000,
    "operatingExpenses": 97361000,
    "costAndExpenses": 241029000,
    "interestIncome": 4374000,
    "interestExpense": 8994000,
    "depreciationAndAmortization": 24642000,
    "ebitda": 117313000,
    "ebitdaratio": 0.3564054734,
    "operatingIncome": 88127000,
    "operatingIncomeRatio": 0.2677362709,
    "totalOtherIncomeExpensesNet": -4450000,
    "incomeBeforeTax": 83677000,
    "incomeBeforeTaxRatio": 0.2542168455,
    "incomeTaxExpense": 6188000,
    "netIncome": 77489000,
    "netIncomeRatio": 0.235417249,
    "eps": 0.2,
    "epsdiluted": 0.19,
    "weightedAverageShsOut": 383280000,
    "weightedAverageShsOutDil": 406582000,
    "link": "https://www.sec.gov/Archives/edgar/data/827054/000082705412000035/0000827054-12-000035-index.htm",
    "finalLink": "https://www.sec.gov/Archives/edgar/data/827054/000082705412000035/a2011123110q.htm"
  },
  {
    "date": "2011-09-30",
    "symbol": "MCHP",
    "reportedCurrency": "USD",
    "cik": "0000827054",
    "fillingDate": "2011-11-07",
    "acceptedDate": "2011-11-07 14:34:13",
    "calendarYear": "2012",
    "period": "Q2",
    "revenue": 340602000,
    "costOfRevenue": 143899000,
    "grossProfit": 196703000,
    "grossProfitRatio": 0.5775156928,
    "researchAndDevelopmentExpenses": 45383000,
    "generalAndAdministrativeExpenses": 51991000,
    "sellingAndMarketingExpenses": 0,
    "sellingGeneralAndAdministrativeExpenses": 51991000,
    "otherExpenses": 2703000,
    "operatingExpenses": 99083000,
    "costAndExpenses": 242982000,
    "interestIncome": 4028000,
    "interestExpense": 8911000,
    "depreciationAndAmortization": 25177000,
    "ebitda": 124358000,
    "ebitdaratio": 0.3651123599,
    "operatingIncome": 97620000,
    "operatingIncomeRatio": 0.2866101784,
    "totalOtherIncomeExpensesNet": -7350000,
    "incomeBeforeTax": 90270000,
    "incomeBeforeTaxRatio": 0.2650307397,
    "incomeTaxExpense": 10983000,
    "netIncome": 79287000,
    "netIncomeRatio": 0.2327848926,
    "eps": 0.21,
    "epsdiluted": 0.2,
    "weightedAverageShsOut": 381618000,
    "weightedAverageShsOutDil": 400398000,
    "link": "https://www.sec.gov/Archives/edgar/data/827054/000082705411000319/0000827054-11-000319-index.htm",
    "finalLink": "https://www.sec.gov/Archives/edgar/data/827054/000082705411000319/a201193010q.htm"
  },
  {
    "date": "2011-06-30",
    "symbol": "MCHP",
    "reportedCurrency": "USD",
    "cik": "0000827054",
    "fillingDate": "2011-08-09",
    "acceptedDate": "2011-08-09 13:38:06",
    "calendarYear": "2012",
    "period": "Q1",
    "revenue": 374507000,
    "costOfRevenue": 154759000,
    "grossProfit": 219748000,
    "grossProfitRatio": 0.5867660685,
    "researchAndDevelopmentExpenses": 45298000,
    "generalAndAdministrativeExpenses": 57590000,
    "sellingAndMarketingExpenses": 0,
    "sellingGeneralAndAdministrativeExpenses": 57590000,
    "otherExpenses": 0,
    "operatingExpenses": 102888000,
    "costAndExpenses": 257647000,
    "interestIncome": 4006000,
    "interestExpense": 8015000,
    "depreciationAndAmortization": 25351000,
    "ebitda": 147192000,
    "ebitdaratio": 0.3930287017,
    "operatingIncome": 116860000,
    "operatingIncomeRatio": 0.3120368912,
    "totalOtherIncomeExpensesNet": -3034000,
    "incomeBeforeTax": 113826000,
    "incomeBeforeTaxRatio": 0.303935574,
    "incomeTaxExpense": 14533000,
    "netIncome": 99293000,
    "netIncomeRatio": 0.2651298908,
    "eps": 0.26,
    "epsdiluted": 0.25,
    "weightedAverageShsOut": 380224000,
    "weightedAverageShsOutDil": 409134000,
    "link": "https://www.sec.gov/Archives/edgar/data/827054/000082705411000217/0000827054-11-000217-index.htm",
    "finalLink": "https://www.sec.gov/Archives/edgar/data/827054/000082705411000217/a201163010q.htm"
  },
  {
    "date": "2011-03-31",
    "symbol": "MCHP",
    "reportedCurrency": "USD",
    "cik": "0000827054",
    "fillingDate": "2011-05-31",
    "acceptedDate": "2011-05-31 15:47:54",
    "calendarYear": "2011",
    "period": "Q4",
    "revenue": 379985000,
    "costOfRevenue": 154394000,
    "grossProfit": 225591000,
    "grossProfitRatio": 0.5936839612,
    "researchAndDevelopmentExpenses": 44159000,
    "generalAndAdministrativeExpenses": 0,
    "sellingAndMarketingExpenses": 0,
    "sellingGeneralAndAdministrativeExpenses": 56885000,
    "otherExpenses": 186000,
    "operatingExpenses": 101230000,
    "costAndExpenses": 255624000,
    "interestIncome": 3631000,
    "interestExpense": 8065000,
    "depreciationAndAmortization": 26459000,
    "ebitda": 154553000,
    "ebitdaratio": 0.4067344764,
    "operatingIncome": 124361000,
    "operatingIncomeRatio": 0.3272787084,
    "totalOtherIncomeExpensesNet": -4332000,
    "incomeBeforeTax": 120029000,
    "incomeBeforeTaxRatio": 0.3158782584,
    "incomeTaxExpense": -10583000,
    "netIncome": 125528000,
    "netIncomeRatio": 0.3303498822,
    "eps": 0.33,
    "epsdiluted": 0.33,
    "weightedAverageShsOut": 374976000,
    "weightedAverageShsOutDil": 374976000,
    "link": "https://www.sec.gov/Archives/edgar/data/827054/000082705411000157/0000827054-11-000157-index.htm",
    "finalLink": "https://www.sec.gov/Archives/edgar/data/827054/000082705411000157/form10_k.htm"
  },
  {
    "date": "2010-12-31",
    "symbol": "MCHP",
    "reportedCurrency": "USD",
    "cik": "0000827054",
    "fillingDate": "2011-02-08",
    "acceptedDate": "2011-02-08 14:38:55",
    "calendarYear": "2011",
    "period": "Q3",
    "revenue": 367824000,
    "costOfRevenue": 151427000,
    "grossProfit": 216397000,
    "grossProfitRatio": 0.5883166949,
    "researchAndDevelopmentExpenses": 42198000,
    "generalAndAdministrativeExpenses": 0,
    "sellingAndMarketingExpenses": 0,
    "sellingGeneralAndAdministrativeExpenses": 56100000,
    "otherExpenses": 646000,
    "operatingExpenses": 98944000,
    "costAndExpenses": 250371000,
    "interestIncome": 3955000,
    "interestExpense": 7672000,
    "depreciationAndAmortization": 27177000,
    "ebitda": 149240000,
    "ebitdaratio": 0.4057375266,
    "operatingIncome": 117453000,
    "operatingIncomeRatio": 0.3193184784,
    "totalOtherIncomeExpensesNet": -3062000,
    "incomeBeforeTax": 114391000,
    "incomeBeforeTaxRatio": 0.3109938449,
    "incomeTaxExpense": 12461000,
    "netIncome": 100776000,
    "netIncomeRatio": 0.2739788595,
    "eps": 0.27,
    "epsdiluted": 0.26,
    "weightedAverageShsOut": 374976000,
    "weightedAverageShsOutDil": 392510000,
    "link": "https://www.sec.gov/Archives/edgar/data/827054/000082705411000035/0000827054-11-000035-index.htm",
    "finalLink": "https://www.sec.gov/Archives/edgar/data/827054/000082705411000035/form10_q.htm"
  },
  {
    "date": "2010-09-30",
    "symbol": "MCHP",
    "reportedCurrency": "USD",
    "cik": "0000827054",
    "fillingDate": "2010-09-30",
    "acceptedDate": "2010-09-30 00:00:00",
    "calendarYear": "2011",
    "period": "Q2",
    "revenue": 382271000,
    "costOfRevenue": 157266000,
    "grossProfit": 225005000,
    "grossProfitRatio": 0.5886007571,
    "researchAndDevelopmentExpenses": 43720000,
    "generalAndAdministrativeExpenses": 0,
    "sellingAndMarketingExpenses": 0,
    "sellingGeneralAndAdministrativeExpenses": 57584000,
    "otherExpenses": 558000,
    "operatingExpenses": 101862000,
    "costAndExpenses": 259128000,
    "interestIncome": 4070000,
    "interestExpense": 8045000,
    "depreciationAndAmortization": 27537000,
    "ebitda": 156580000,
    "ebitdaratio": 0.4096047045,
    "operatingIncome": 123143000,
    "operatingIncomeRatio": 0.3221353438,
    "totalOtherIncomeExpensesNet": -2145000,
    "incomeBeforeTax": 120998000,
    "incomeBeforeTaxRatio": 0.3165241413,
    "incomeTaxExpense": 16250000,
    "netIncome": 103080000,
    "netIncomeRatio": 0.2696516346,
    "eps": 0.28,
    "epsdiluted": 0.27,
    "weightedAverageShsOut": 372606000,
    "weightedAverageShsOutDil": 381408000,
    "link": null,
    "finalLink": null
  },
  {
    "date": "2010-06-30",
    "symbol": "MCHP",
    "reportedCurrency": "USD",
    "cik": "0000827054",
    "fillingDate": "2010-08-09",
    "acceptedDate": "2010-08-09 13:52:05",
    "calendarYear": "2011",
    "period": "Q1",
    "revenue": 320801000,
    "costOfRevenue": 149682000,
    "grossProfit": 207443000,
    "grossProfitRatio": 0.6466407524,
    "researchAndDevelopmentExpenses": 38657000,
    "generalAndAdministrativeExpenses": 0,
    "sellingAndMarketingExpenses": 0,
    "sellingGeneralAndAdministrativeExpenses": 53679000,
    "otherExpenses": 475000,
    "operatingExpenses": 98217000,
    "costAndExpenses": 247899000,
    "interestIncome": 4346000,
    "interestExpense": 7739000,
    "depreciationAndAmortization": 25163000,
    "ebitda": 138458000,
    "ebitdaratio": 0.431600899,
    "operatingIncome": 109226000,
    "operatingIncomeRatio": 0.3404789885,
    "totalOtherIncomeExpensesNet": -3946000,
    "incomeBeforeTax": 102686000,
    "incomeBeforeTaxRatio": 0.3200925184,
    "incomeTaxExpense": 13403000,
    "netIncome": 89566000,
    "netIncomeRatio": 0.2791948903,
    "eps": 0.24,
    "epsdiluted": 0.24,
    "weightedAverageShsOut": 371080000,
    "weightedAverageShsOutDil": 380144000,
    "link": "https://www.sec.gov/Archives/edgar/data/827054/000082705410000218/0000827054-10-000218-index.htm",
    "finalLink": "https://www.sec.gov/Archives/edgar/data/827054/000082705410000218/form10q.htm"
  },
  {
    "date": "2010-03-31",
    "symbol": "MCHP",
    "reportedCurrency": "USD",
    "cik": "0000827054",
    "fillingDate": "2010-06-02",
    "acceptedDate": "2010-06-01 20:11:19",
    "calendarYear": "2010",
    "period": "Q4",
    "revenue": 278020000,
    "costOfRevenue": 109549000,
    "grossProfit": 168471000,
    "grossProfitRatio": 0.6059671966,
    "researchAndDevelopmentExpenses": 33287000,
    "generalAndAdministrativeExpenses": 46697000,
    "sellingAndMarketingExpenses": 0,
    "sellingGeneralAndAdministrativeExpenses": 46697000,
    "otherExpenses": 0,
    "operatingExpenses": 79984000,
    "costAndExpenses": 189533000,
    "interestIncome": 2598000,
    "interestExpense": 7838000,
    "depreciationAndAmortization": 22020000,
    "ebitda": 113855000,
    "ebitdaratio": 0.4095208978,
    "operatingIncome": 88487000,
    "operatingIncomeRatio": 0.3182756636,
    "totalOtherIncomeExpensesNet": -4490000,
    "incomeBeforeTax": 83997000,
    "incomeBeforeTaxRatio": 0.3021257463,
    "incomeTaxExpense": 8248000,
    "netIncome": 75749000,
    "netIncomeRatio": 0.2724588159,
    "eps": 0.2,
    "epsdiluted": 0.2,
    "weightedAverageShsOut": 369330000,
    "weightedAverageShsOutDil": 371080000,
    "link": "https://www.sec.gov/Archives/edgar/data/827054/000114036110023724/0001140361-10-023724-index.htm",
    "finalLink": "https://www.sec.gov/Archives/edgar/data/827054/000114036110023724/form10_k.htm"
  },
  {
    "date": "2009-12-31",
    "symbol": "MCHP",
    "reportedCurrency": "USD",
    "cik": "0000827054",
    "fillingDate": "2010-02-09",
    "acceptedDate": "2010-02-09 14:36:34",
    "calendarYear": "2010",
    "period": "Q3",
    "revenue": 250099000,
    "costOfRevenue": 104103000,
    "grossProfit": 145996000,
    "grossProfitRatio": 0.5837528339,
    "researchAndDevelopmentExpenses": 30332000,
    "generalAndAdministrativeExpenses": 43096000,
    "sellingAndMarketingExpenses": 0,
    "sellingGeneralAndAdministrativeExpenses": 43096000,
    "otherExpenses": 0,
    "operatingExpenses": 73428000,
    "costAndExpenses": 177531000,
    "interestIncome": 4946000,
    "interestExpense": 7763000,
    "depreciationAndAmortization": 22739000,
    "ebitda": 100079000,
    "ebitdaratio": 0.4001575376,
    "operatingIncome": 72568000,
    "operatingIncomeRatio": 0.2901570978,
    "totalOtherIncomeExpensesNet": -2689000,
    "incomeBeforeTax": 69879000,
    "incomeBeforeTaxRatio": 0.2794053555,
    "incomeTaxExpense": 476000,
    "netIncome": 69403000,
    "netIncomeRatio": 0.2775021092,
    "eps": 0.19,
    "epsdiluted": 0.19,
    "weightedAverageShsOut": 367712000,
    "weightedAverageShsOutDil": 375722000,
    "link": "https://www.sec.gov/Archives/edgar/data/827054/000082705410000049/0000827054-10-000049-index.htm",
    "finalLink": "https://www.sec.gov/Archives/edgar/data/827054/000082705410000049/form10_q.htm"
  },
  {
    "date": "2009-09-30",
    "symbol": "MCHP",
    "reportedCurrency": "USD",
    "cik": "0000827054",
    "fillingDate": "2009-11-06",
    "acceptedDate": "2009-11-06 12:50:13",
    "calendarYear": "2010",
    "period": "Q2",
    "revenue": 226661000,
    "costOfRevenue": 103321000,
    "grossProfit": 123340000,
    "grossProfitRatio": 0.5441606628,
    "researchAndDevelopmentExpenses": 29568000,
    "generalAndAdministrativeExpenses": 41046000,
    "sellingAndMarketingExpenses": 0,
    "sellingGeneralAndAdministrativeExpenses": 41046000,
    "otherExpenses": 0,
    "operatingExpenses": 70614000,
    "costAndExpenses": 173935000,
    "interestIncome": 4479000,
    "interestExpense": 8030000,
    "depreciationAndAmortization": 22447000,
    "ebitda": 81951000,
    "ebitdaratio": 0.3615575684,
    "operatingIncome": 52726000,
    "operatingIncomeRatio": 0.2326205214,
    "totalOtherIncomeExpensesNet": -1444000,
    "incomeBeforeTax": 51282000,
    "incomeBeforeTaxRatio": 0.2262497739,
    "incomeTaxExpense": 6797000,
    "netIncome": 44485000,
    "netIncomeRatio": 0.1962622595,
    "eps": 0.12,
    "epsdiluted": 0.12,
    "weightedAverageShsOut": 366380000,
    "weightedAverageShsOutDil": 373844000,
    "link": "https://www.sec.gov/Archives/edgar/data/827054/000082705409000214/0000827054-09-000214-index.htm",
    "finalLink": "https://www.sec.gov/Archives/edgar/data/827054/000082705409000214/form_10q.htm"
  },
  {
    "date": "2009-06-30",
    "symbol": "MCHP",
    "reportedCurrency": "USD",
    "cik": "0000827054",
    "fillingDate": "2009-08-10",
    "acceptedDate": "2009-08-10 15:53:07",
    "calendarYear": "2010",
    "period": "Q1",
    "revenue": 192949000,
    "costOfRevenue": 96514000,
    "grossProfit": 96435000,
    "grossProfitRatio": 0.4997952827,
    "researchAndDevelopmentExpenses": 27636000,
    "generalAndAdministrativeExpenses": 36383000,
    "sellingAndMarketingExpenses": 0,
    "sellingGeneralAndAdministrativeExpenses": 36383000,
    "otherExpenses": 1238000,
    "operatingExpenses": 65257000,
    "costAndExpenses": 161771000,
    "interestIncome": 3302000,
    "interestExpense": 7519000,
    "depreciationAndAmortization": 22851000,
    "ebitda": 62833000,
    "ebitdaratio": 0.3256456369,
    "operatingIncome": 31178000,
    "operatingIncomeRatio": 0.1615867405,
    "totalOtherIncomeExpensesNet": 1477000,
    "incomeBeforeTax": 32655000,
    "incomeBeforeTaxRatio": 0.1692416131,
    "incomeTaxExpense": 5287000,
    "netIncome": 27368000,
    "netIncomeRatio": 0.14184059,
    "eps": 0.075,
    "epsdiluted": 0.075,
    "weightedAverageShsOut": 365712000,
    "weightedAverageShsOutDil": 371052000,
    "link": "https://www.sec.gov/Archives/edgar/data/827054/000082705409000152/0000827054-09-000152-index.htm",
    "finalLink": "https://www.sec.gov/Archives/edgar/data/827054/000082705409000152/form10_q.htm"
  },
  {
    "date": "2009-03-31",
    "symbol": "MCHP",
    "reportedCurrency": "USD",
    "cik": "0000827054",
    "fillingDate": "2009-05-29",
    "acceptedDate": "2009-05-29 17:23:40",
    "calendarYear": "2009",
    "period": "Q4",
    "revenue": 173253000,
    "costOfRevenue": 89286000,
    "grossProfit": 83967000,
    "grossProfitRatio": 0.4846496165,
    "researchAndDevelopmentExpenses": 25656000,
    "generalAndAdministrativeExpenses": 33336000,
    "sellingAndMarketingExpenses": 0,
    "sellingGeneralAndAdministrativeExpenses": 33336000,
    "otherExpenses": 5934000,
    "operatingExpenses": 64926000,
    "costAndExpenses": 154212000,
    "interestIncome": 0,
    "interestExpense": 0,
    "depreciationAndAmortization": 23836000,
    "ebitda": 71068000,
    "ebitdaratio": 0.4101978032,
    "operatingIncome": 19041000,
    "operatingIncomeRatio": 0.1099028588,
    "totalOtherIncomeExpensesNet": 9881000,
    "incomeBeforeTax": 28922000,
    "incomeBeforeTaxRatio": 0.1669350603,
    "incomeTaxExpense": 6093000,
    "netIncome": 22829000,
    "netIncomeRatio": 0.1317668381,
    "eps": 0.0624,
    "epsdiluted": 0.0624,
    "weightedAverageShsOut": 364780000,
    "weightedAverageShsOutDil": 365712000,
    "link": "https://www.sec.gov/Archives/edgar/data/827054/000082705409000103/0000827054-09-000103-index.htm",
    "finalLink": "https://www.sec.gov/Archives/edgar/data/827054/000082705409000103/form10-k.htm"
  },
  {
    "date": "2008-12-31",
    "symbol": "MCHP",
    "reportedCurrency": "USD",
    "cik": "0000827054",
    "fillingDate": "2009-02-09",
    "acceptedDate": "2009-02-09 11:16:37",
    "calendarYear": "2009",
    "period": "Q3",
    "revenue": 192166000,
    "costOfRevenue": 87379000,
    "grossProfit": 104787000,
    "grossProfitRatio": 0.5452941727,
    "researchAndDevelopmentExpenses": 26973000,
    "generalAndAdministrativeExpenses": 36840000,
    "sellingAndMarketingExpenses": 0,
    "sellingGeneralAndAdministrativeExpenses": 36840000,
    "otherExpenses": 500000,
    "operatingExpenses": 64313000,
    "costAndExpenses": 151692000,
    "interestIncome": 7410000,
    "interestExpense": 7096000,
    "depreciationAndAmortization": 24604000,
    "ebitda": 52110000,
    "ebitdaratio": 0.2711717994,
    "operatingIncome": 40474000,
    "operatingIncomeRatio": 0.2106199848,
    "totalOtherIncomeExpensesNet": -20064000,
    "incomeBeforeTax": 20410000,
    "incomeBeforeTaxRatio": 0.1062102557,
    "incomeTaxExpense": -51438000,
    "netIncome": 72356000,
    "netIncomeRatio": 0.3765286263,
    "eps": 0.2,
    "epsdiluted": 0.2,
    "weightedAverageShsOut": 363926000,
    "weightedAverageShsOutDil": 367998000,
    "link": "https://www.sec.gov/Archives/edgar/data/827054/000082705409000033/0000827054-09-000033-index.htm",
    "finalLink": "https://www.sec.gov/Archives/edgar/data/827054/000082705409000033/form10q.htm"
  },
  {
    "date": "2008-09-30",
    "symbol": "MCHP",
    "reportedCurrency": "USD",
    "cik": "0000827054",
    "fillingDate": "2008-11-07",
    "acceptedDate": "2008-11-07 16:15:18",
    "calendarYear": "2009",
    "period": "Q2",
    "revenue": 269706000,
    "costOfRevenue": 105553000,
    "grossProfit": 164153000,
    "grossProfitRatio": 0.6086368119,
    "researchAndDevelopmentExpenses": 31343000,
    "generalAndAdministrativeExpenses": 45629000,
    "sellingAndMarketingExpenses": 0,
    "sellingGeneralAndAdministrativeExpenses": 45629000,
    "otherExpenses": 0,
    "operatingExpenses": 76972000,
    "costAndExpenses": 182525000,
    "interestIncome": 10152000,
    "interestExpense": 6870000,
    "depreciationAndAmortization": 24507000,
    "ebitda": 123128000,
    "ebitdaratio": 0.4565267365,
    "operatingIncome": 87181000,
    "operatingIncomeRatio": 0.32324457,
    "totalOtherIncomeExpensesNet": 4953000,
    "incomeBeforeTax": 92134000,
    "incomeBeforeTaxRatio": 0.3416090113,
    "incomeTaxExpense": 16414000,
    "netIncome": 75720000,
    "netIncomeRatio": 0.2807501502,
    "eps": 0.21,
    "epsdiluted": 0.2,
    "weightedAverageShsOut": 367230000,
    "weightedAverageShsOutDil": 375872000,
    "link": "https://www.sec.gov/Archives/edgar/data/827054/000082705408000228/0000827054-08-000228-index.htm",
    "finalLink": "https://www.sec.gov/Archives/edgar/data/827054/000082705408000228/form10-q.htm"
  },
  {
    "date": "2008-06-30",
    "symbol": "MCHP",
    "reportedCurrency": "USD",
    "cik": "0000827054",
    "fillingDate": "2008-08-07",
    "acceptedDate": "2008-08-07 15:09:16",
    "calendarYear": "2009",
    "period": "Q1",
    "revenue": 268172000,
    "costOfRevenue": 104575000,
    "grossProfit": 163597000,
    "grossProfitRatio": 0.6100450457,
    "researchAndDevelopmentExpenses": 31552000,
    "generalAndAdministrativeExpenses": 45413000,
    "sellingAndMarketingExpenses": 0,
    "sellingGeneralAndAdministrativeExpenses": 45413000,
    "otherExpenses": 0,
    "operatingExpenses": 76965000,
    "costAndExpenses": 181540000,
    "interestIncome": 0,
    "interestExpense": 0,
    "depreciationAndAmortization": 24057000,
    "ebitda": 110689000,
    "ebitdaratio": 0.4127537551,
    "operatingIncome": 86632000,
    "operatingIncomeRatio": 0.3230464031,
    "totalOtherIncomeExpensesNet": 6543000,
    "incomeBeforeTax": 93175000,
    "incomeBeforeTaxRatio": 0.3474449234,
    "incomeTaxExpense": 16865000,
    "netIncome": 76310000,
    "netIncomeRatio": 0.2845561804,
    "eps": 0.21,
    "epsdiluted": 0.2,
    "weightedAverageShsOut": 382098000,
    "weightedAverageShsOutDil": 382098000,
    "link": "https://www.sec.gov/Archives/edgar/data/827054/000082705408000171/0000827054-08-000171-index.htm",
    "finalLink": "https://www.sec.gov/Archives/edgar/data/827054/000082705408000171/form10-q.htm"
  },
  {
    "date": "2008-03-31",
    "symbol": "MCHP",
    "reportedCurrency": "USD",
    "cik": "0000827054",
    "fillingDate": "2008-05-28",
    "acceptedDate": "2008-05-28 13:36:33",
    "calendarYear": "2008",
    "period": "Q4",
    "revenue": 260418000,
    "costOfRevenue": 101784000,
    "grossProfit": 158634000,
    "grossProfitRatio": 0.6091514411,
    "researchAndDevelopmentExpenses": 31506000,
    "generalAndAdministrativeExpenses": 45396000,
    "sellingAndMarketingExpenses": 0,
    "sellingGeneralAndAdministrativeExpenses": 45396000,
    "otherExpenses": 0,
    "operatingExpenses": 76902000,
    "costAndExpenses": 178686000,
    "interestIncome": 0,
    "interestExpense": 0,
    "depreciationAndAmortization": 23712000,
    "ebitda": 132207000,
    "ebitdaratio": 0.5076722807,
    "operatingIncome": 81732000,
    "operatingIncomeRatio": 0.3138492731,
    "totalOtherIncomeExpensesNet": 7089000,
    "incomeBeforeTax": 88821000,
    "incomeBeforeTaxRatio": 0.3410708937,
    "incomeTaxExpense": 12169000,
    "netIncome": 76652000,
    "netIncomeRatio": 0.294342173,
    "eps": 0.2,
    "epsdiluted": 0.2,
    "weightedAverageShsOut": 382098000,
    "weightedAverageShsOutDil": 382098000,
    "link": "https://www.sec.gov/Archives/edgar/data/827054/000082705408000120/0000827054-08-000120-index.htm",
    "finalLink": "https://www.sec.gov/Archives/edgar/data/827054/000082705408000120/form10-k.htm"
  },
  {
    "date": "2007-12-31",
    "symbol": "MCHP",
    "reportedCurrency": "USD",
    "cik": "0000827054",
    "fillingDate": "2008-02-07",
    "acceptedDate": "2008-02-07 15:39:55",
    "calendarYear": "2008",
    "period": "Q3",
    "revenue": 252600000,
    "costOfRevenue": 99553000,
    "grossProfit": 153047000,
    "grossProfitRatio": 0.6058867775,
    "researchAndDevelopmentExpenses": 30306000,
    "generalAndAdministrativeExpenses": 43501000,
    "sellingAndMarketingExpenses": 0,
    "sellingGeneralAndAdministrativeExpenses": 43501000,
    "otherExpenses": 0,
    "operatingExpenses": 73807000,
    "costAndExpenses": 173360000,
    "interestIncome": 0,
    "interestExpense": 0,
    "depreciationAndAmortization": 23814000,
    "ebitda": 103054000,
    "ebitdaratio": 0.40797308,
    "operatingIncome": 79240000,
    "operatingIncomeRatio": 0.3136975455,
    "totalOtherIncomeExpensesNet": 12037000,
    "incomeBeforeTax": 91277000,
    "incomeBeforeTaxRatio": 0.3613499604,
    "incomeTaxExpense": 11153000,
    "netIncome": 80124000,
    "netIncomeRatio": 0.3171971496,
    "eps": 0.2,
    "epsdiluted": 0.19,
    "weightedAverageShsOut": 414004000,
    "weightedAverageShsOutDil": 422674000,
    "link": "https://www.sec.gov/Archives/edgar/data/827054/000082705408000016/0000827054-08-000016-index.htm",
    "finalLink": "https://www.sec.gov/Archives/edgar/data/827054/000082705408000016/form10-q.htm"
  },
  {
    "date": "2007-09-30",
    "symbol": "MCHP",
    "reportedCurrency": "USD",
    "cik": "0000827054",
    "fillingDate": "2007-11-07",
    "acceptedDate": "2007-11-07 13:24:04",
    "calendarYear": "2008",
    "period": "Q2",
    "revenue": 258647000,
    "costOfRevenue": 103935000,
    "grossProfit": 154712000,
    "grossProfitRatio": 0.5981588806,
    "researchAndDevelopmentExpenses": 29306000,
    "generalAndAdministrativeExpenses": 42969000,
    "sellingAndMarketingExpenses": 0,
    "sellingGeneralAndAdministrativeExpenses": 42969000,
    "otherExpenses": 26763000,
    "operatingExpenses": 99038000,
    "costAndExpenses": 202973000,
    "interestIncome": 14418000,
    "interestExpense": 0,
    "depreciationAndAmortization": 25893000,
    "ebitda": 81567000,
    "ebitdaratio": 0.3153603173,
    "operatingIncome": 55674000,
    "operatingIncomeRatio": 0.2152509018,
    "totalOtherIncomeExpensesNet": 14470000,
    "incomeBeforeTax": 70144000,
    "incomeBeforeTaxRatio": 0.271195877,
    "incomeTaxExpense": 9465000,
    "netIncome": 60679000,
    "netIncomeRatio": 0.2346015999,
    "eps": 0.14,
    "epsdiluted": 0.14,
    "weightedAverageShsOut": 433594000,
    "weightedAverageShsOutDil": 444008000,
    "link": "https://www.sec.gov/Archives/edgar/data/827054/000082705407000175/0000827054-07-000175-index.htm",
    "finalLink": "https://www.sec.gov/Archives/edgar/data/827054/000082705407000175/form10-q.htm"
  },
  {
    "date": "2007-06-30",
    "symbol": "MCHP",
    "reportedCurrency": "USD",
    "cik": "0000827054",
    "fillingDate": "2007-08-07",
    "acceptedDate": "2007-08-07 16:23:29",
    "calendarYear": "2008",
    "period": "Q1",
    "revenue": 264072000,
    "costOfRevenue": 105527000,
    "grossProfit": 158545000,
    "grossProfitRatio": 0.6003855009,
    "researchAndDevelopmentExpenses": 29746000,
    "generalAndAdministrativeExpenses": 43780000,
    "sellingAndMarketingExpenses": 0,
    "sellingGeneralAndAdministrativeExpenses": 43780000,
    "otherExpenses": 0,
    "operatingExpenses": 73526000,
    "costAndExpenses": 179053000,
    "interestIncome": 14902000,
    "interestExpense": 0,
    "depreciationAndAmortization": 26898000,
    "ebitda": 111917000,
    "ebitdaratio": 0.4238124451,
    "operatingIncome": 85019000,
    "operatingIncomeRatio": 0.3219538611,
    "totalOtherIncomeExpensesNet": 15724000,
    "incomeBeforeTax": 100743000,
    "incomeBeforeTaxRatio": 0.3814982278,
    "incomeTaxExpense": 20450000,
    "netIncome": 80293000,
    "netIncomeRatio": 0.3040572268,
    "eps": 0.19,
    "epsdiluted": 0.18,
    "weightedAverageShsOut": 436222000,
    "weightedAverageShsOutDil": 447184000,
    "link": "https://www.sec.gov/Archives/edgar/data/827054/000082705407000124/0000827054-07-000124-index.htm",
    "finalLink": "https://www.sec.gov/Archives/edgar/data/827054/000082705407000124/form10-q.htm"
  },
  {
    "date": "2007-03-31",
    "symbol": "MCHP",
    "reportedCurrency": "USD",
    "cik": "0000827054",
    "fillingDate": "2007-05-25",
    "acceptedDate": "2007-05-25 16:57:49",
    "calendarYear": "2007",
    "period": "Q4",
    "revenue": 258176000,
    "costOfRevenue": 103575000,
    "grossProfit": 154601000,
    "grossProfitRatio": 0.5988201847,
    "researchAndDevelopmentExpenses": 28547000,
    "generalAndAdministrativeExpenses": 40765000,
    "sellingAndMarketingExpenses": 0,
    "sellingGeneralAndAdministrativeExpenses": 40765000,
    "otherExpenses": 0,
    "operatingExpenses": 69312000,
    "costAndExpenses": 172887000,
    "interestIncome": 0,
    "interestExpense": 0,
    "depreciationAndAmortization": 28379000,
    "ebitda": 113668000,
    "ebitdaratio": 0.4402733019,
    "operatingIncome": 85289000,
    "operatingIncomeRatio": 0.3303521629,
    "totalOtherIncomeExpensesNet": 14063000,
    "incomeBeforeTax": 99352000,
    "incomeBeforeTaxRatio": 0.3848227566,
    "incomeTaxExpense": -28356000,
    "netIncome": 127708000,
    "netIncomeRatio": 0.4946548091,
    "eps": 0.29,
    "epsdiluted": 0.29,
    "weightedAverageShsOut": 436222000,
    "weightedAverageShsOutDil": 436222000,
    "link": "https://www.sec.gov/Archives/edgar/data/827054/000082705407000095/0000827054-07-000095-index.htm",
    "finalLink": "https://www.sec.gov/Archives/edgar/data/827054/000082705407000095/form10-k.htm"
  },
  {
    "date": "2006-12-31",
    "symbol": "MCHP",
    "reportedCurrency": "USD",
    "cik": "0000827054",
    "fillingDate": "2007-02-06",
    "acceptedDate": "2007-02-06 15:58:43",
    "calendarYear": "2007",
    "period": "Q3",
    "revenue": 251004000,
    "costOfRevenue": 101294000,
    "grossProfit": 149710000,
    "grossProfitRatio": 0.5964446782,
    "researchAndDevelopmentExpenses": 28043000,
    "generalAndAdministrativeExpenses": 40185000,
    "sellingAndMarketingExpenses": 0,
    "sellingGeneralAndAdministrativeExpenses": 40185000,
    "otherExpenses": 0,
    "operatingExpenses": 68228000,
    "costAndExpenses": 169522000,
    "interestIncome": 0,
    "interestExpense": 0,
    "depreciationAndAmortization": 29582000,
    "ebitda": 111064000,
    "ebitdaratio": 0.4424790043,
    "operatingIncome": 81482000,
    "operatingIncomeRatio": 0.3246243088,
    "totalOtherIncomeExpensesNet": 14372000,
    "incomeBeforeTax": 95854000,
    "incomeBeforeTaxRatio": 0.3818823604,
    "incomeTaxExpense": 23005000,
    "netIncome": 72849000,
    "netIncomeRatio": 0.2902304346,
    "eps": 0.17,
    "epsdiluted": 0.17,
    "weightedAverageShsOut": 431420000,
    "weightedAverageShsOutDil": 441840000,
    "link": "https://www.sec.gov/Archives/edgar/data/827054/000082705407000010/0000827054-07-000010-index.htm",
    "finalLink": "https://www.sec.gov/Archives/edgar/data/827054/000082705407000010/form10-q.htm"
  },
  {
    "date": "2006-09-30",
    "symbol": "MCHP",
    "reportedCurrency": "USD",
    "cik": "0000827054",
    "fillingDate": "2006-11-08",
    "acceptedDate": "2006-11-08 16:20:46",
    "calendarYear": "2007",
    "period": "Q2",
    "revenue": 267934000,
    "costOfRevenue": 105973000,
    "grossProfit": 161961000,
    "grossProfitRatio": 0.6044809543,
    "researchAndDevelopmentExpenses": 29084000,
    "generalAndAdministrativeExpenses": 41518000,
    "sellingAndMarketingExpenses": 0,
    "sellingGeneralAndAdministrativeExpenses": 41518000,
    "otherExpenses": 0,
    "operatingExpenses": 70602000,
    "costAndExpenses": 176575000,
    "interestIncome": 0,
    "interestExpense": 0,
    "depreciationAndAmortization": 29691000,
    "ebitda": 121050000,
    "ebitdaratio": 0.4517903663,
    "operatingIncome": 91359000,
    "operatingIncomeRatio": 0.3409757627,
    "totalOtherIncomeExpensesNet": 13230000,
    "incomeBeforeTax": 104589000,
    "incomeBeforeTaxRatio": 0.3903535945,
    "incomeTaxExpense": 25101000,
    "netIncome": 79488000,
    "netIncomeRatio": 0.2966700755,
    "eps": 0.19,
    "epsdiluted": 0.18,
    "weightedAverageShsOut": 430050000,
    "weightedAverageShsOutDil": 440256000,
    "link": "https://www.sec.gov/Archives/edgar/data/827054/000082705406000134/0000827054-06-000134-index.htm",
    "finalLink": "https://www.sec.gov/Archives/edgar/data/827054/000082705406000134/form10q.htm"
  },
  {
    "date": "2006-06-30",
    "symbol": "MCHP",
    "reportedCurrency": "USD",
    "cik": "0000827054",
    "fillingDate": "2006-08-08",
    "acceptedDate": "2006-08-08 17:14:49",
    "calendarYear": "2007",
    "period": "Q1",
    "revenue": 262557000,
    "costOfRevenue": 104073000,
    "grossProfit": 158484000,
    "grossProfitRatio": 0.6036175002,
    "researchAndDevelopmentExpenses": 28024000,
    "generalAndAdministrativeExpenses": 40779000,
    "sellingAndMarketingExpenses": 0,
    "sellingGeneralAndAdministrativeExpenses": 40779000,
    "otherExpenses": 0,
    "operatingExpenses": 68803000,
    "costAndExpenses": 172876000,
    "interestIncome": 0,
    "interestExpense": 0,
    "depreciationAndAmortization": 28519000,
    "ebitda": 118200000,
    "ebitdaratio": 0.4501879592,
    "operatingIncome": 89681000,
    "operatingIncomeRatio": 0.3415677358,
    "totalOtherIncomeExpensesNet": 11614000,
    "incomeBeforeTax": 101295000,
    "incomeBeforeTaxRatio": 0.3858019402,
    "incomeTaxExpense": 24311000,
    "netIncome": 76984000,
    "netIncomeRatio": 0.2932087128,
    "eps": 0.18,
    "epsdiluted": 0.18,
    "weightedAverageShsOut": 428350000,
    "weightedAverageShsOutDil": 439582000,
    "link": "https://www.sec.gov/Archives/edgar/data/827054/000082705406000103/0000827054-06-000103-index.htm",
    "finalLink": "https://www.sec.gov/Archives/edgar/data/827054/000082705406000103/form10q.htm"
  },
  {
    "date": "2006-03-31",
    "symbol": "MCHP",
    "reportedCurrency": "USD",
    "cik": "0000827054",
    "fillingDate": "2006-05-31",
    "acceptedDate": "2006-05-31 17:30:13",
    "calendarYear": "2006",
    "period": "Q4",
    "revenue": 247172000,
    "costOfRevenue": 98626000,
    "grossProfit": 148546000,
    "grossProfitRatio": 0.6009823119,
    "researchAndDevelopmentExpenses": 24517000,
    "generalAndAdministrativeExpenses": 34577000,
    "sellingAndMarketingExpenses": 0,
    "sellingGeneralAndAdministrativeExpenses": 34577000,
    "otherExpenses": 0,
    "operatingExpenses": 59094000,
    "costAndExpenses": 157720000,
    "interestIncome": 0,
    "interestExpense": 0,
    "depreciationAndAmortization": 27576000,
    "ebitda": 117028000,
    "ebitdaratio": 0.4734678685,
    "operatingIncome": 89452000,
    "operatingIncomeRatio": 0.3619018335,
    "totalOtherIncomeExpensesNet": 9980000,
    "incomeBeforeTax": 99432000,
    "incomeBeforeTaxRatio": 0.4022785752,
    "incomeTaxExpense": 23864000,
    "netIncome": 75568000,
    "netIncomeRatio": 0.3057304225,
    "eps": 0.18,
    "epsdiluted": 0.18,
    "weightedAverageShsOut": 423496000,
    "weightedAverageShsOutDil": 428350000,
    "link": "https://www.sec.gov/Archives/edgar/data/827054/000110465906038580/0001104659-06-038580-index.htm",
    "finalLink": "https://www.sec.gov/Archives/edgar/data/827054/000110465906038580/a06-12509_110k.htm"
  },
  {
    "date": "2005-12-31",
    "symbol": "MCHP",
    "reportedCurrency": "USD",
    "cik": "0000827054",
    "fillingDate": "2006-02-09",
    "acceptedDate": "2006-02-09 17:11:40",
    "calendarYear": "2006",
    "period": "Q3",
    "revenue": 234896000,
    "costOfRevenue": 94626000,
    "grossProfit": 140270000,
    "grossProfitRatio": 0.5971578912,
    "researchAndDevelopmentExpenses": 23377000,
    "generalAndAdministrativeExpenses": 32305000,
    "sellingAndMarketingExpenses": 0,
    "sellingGeneralAndAdministrativeExpenses": 32305000,
    "otherExpenses": 0,
    "operatingExpenses": 55682000,
    "costAndExpenses": 150308000,
    "interestIncome": 0,
    "interestExpense": 0,
    "depreciationAndAmortization": 27085000,
    "ebitda": 111673000,
    "ebitdaratio": 0.4754146516,
    "operatingIncome": 84588000,
    "operatingIncomeRatio": 0.3601083032,
    "totalOtherIncomeExpensesNet": 8483000,
    "incomeBeforeTax": 93071000,
    "incomeBeforeTaxRatio": 0.3962221579,
    "incomeTaxExpense": 52947000,
    "netIncome": 40124000,
    "netIncomeRatio": 0.1708160207,
    "eps": 0.095,
    "epsdiluted": 0.095,
    "weightedAverageShsOut": 421672000,
    "weightedAverageShsOutDil": 431334000,
    "link": "https://www.sec.gov/Archives/edgar/data/827054/000110465906007461/0001104659-06-007461-index.htm",
    "finalLink": "https://www.sec.gov/Archives/edgar/data/827054/000110465906007461/a06-4622_110q.htm"
  },
  {
    "date": "2005-09-30",
    "symbol": "MCHP",
    "reportedCurrency": "USD",
    "cik": "0000827054",
    "fillingDate": "2005-11-04",
    "acceptedDate": "2005-11-04 17:01:13",
    "calendarYear": "2006",
    "period": "Q2",
    "revenue": 227298000,
    "costOfRevenue": 92742000,
    "grossProfit": 134556000,
    "grossProfitRatio": 0.5919805718,
    "researchAndDevelopmentExpenses": 23637000,
    "generalAndAdministrativeExpenses": 31624000,
    "sellingAndMarketingExpenses": 0,
    "sellingGeneralAndAdministrativeExpenses": 31624000,
    "otherExpenses": 0,
    "operatingExpenses": 55261000,
    "costAndExpenses": 148003000,
    "interestIncome": 0,
    "interestExpense": 0,
    "depreciationAndAmortization": 27914000,
    "ebitda": 107209000,
    "ebitdaratio": 0.4716671506,
    "operatingIncome": 79295000,
    "operatingIncomeRatio": 0.3488592069,
    "totalOtherIncomeExpensesNet": 7090000,
    "incomeBeforeTax": 86385000,
    "incomeBeforeTaxRatio": 0.3800517382,
    "incomeTaxExpense": 20732000,
    "netIncome": 65653000,
    "netIncomeRatio": 0.2888410809,
    "eps": 0.16,
    "epsdiluted": 0.16,
    "weightedAverageShsOut": 418848000,
    "weightedAverageShsOutDil": 429376000,
    "link": "https://www.sec.gov/Archives/edgar/data/827054/000110465905052755/0001104659-05-052755-index.htm",
    "finalLink": "https://www.sec.gov/Archives/edgar/data/827054/000110465905052755/a05-18553_110q.htm"
  },
  {
    "date": "2005-06-30",
    "symbol": "MCHP",
    "reportedCurrency": "USD",
    "cik": "0000827054",
    "fillingDate": "2005-08-09",
    "acceptedDate": "2005-08-08 17:38:37",
    "calendarYear": "2006",
    "period": "Q1",
    "revenue": 218527000,
    "costOfRevenue": 91022000,
    "grossProfit": 127505000,
    "grossProfitRatio": 0.5834748109,
    "researchAndDevelopmentExpenses": 23395000,
    "generalAndAdministrativeExpenses": 31081000,
    "sellingAndMarketingExpenses": 0,
    "sellingGeneralAndAdministrativeExpenses": 31081000,
    "otherExpenses": 0,
    "operatingExpenses": 54476000,
    "costAndExpenses": 145498000,
    "interestIncome": 0,
    "interestExpense": 0,
    "depreciationAndAmortization": 28107000,
    "ebitda": 101136000,
    "ebitdaratio": 0.4628077995,
    "operatingIncome": 73029000,
    "operatingIncomeRatio": 0.3341875375,
    "totalOtherIncomeExpensesNet": 7268000,
    "incomeBeforeTax": 80297000,
    "incomeBeforeTaxRatio": 0.3674465855,
    "incomeTaxExpense": 19273000,
    "netIncome": 61024000,
    "netIncomeRatio": 0.2792515341,
    "eps": 0.14,
    "epsdiluted": 0.14,
    "weightedAverageShsOut": 416792000,
    "weightedAverageShsOutDil": 426210000,
    "link": "https://www.sec.gov/Archives/edgar/data/827054/000110465905037336/0001104659-05-037336-index.htm",
    "finalLink": "https://www.sec.gov/Archives/edgar/data/827054/000110465905037336/a05-14457_110q.htm"
  },
  {
    "date": "2005-03-31",
    "symbol": "MCHP",
    "reportedCurrency": "USD",
    "cik": "0000827054",
    "fillingDate": "2005-05-23",
    "acceptedDate": "2005-05-23 17:04:03",
    "calendarYear": "2005",
    "period": "Q4",
    "revenue": 208083000,
    "costOfRevenue": 88732000,
    "grossProfit": 119351000,
    "grossProfitRatio": 0.5735740065,
    "researchAndDevelopmentExpenses": 23331000,
    "generalAndAdministrativeExpenses": 27900000,
    "sellingAndMarketingExpenses": 0,
    "sellingGeneralAndAdministrativeExpenses": 27900000,
    "otherExpenses": 0,
    "operatingExpenses": 51231000,
    "costAndExpenses": 139963000,
    "interestIncome": 0,
    "interestExpense": 0,
    "depreciationAndAmortization": 29101000,
    "ebitda": 97221000,
    "ebitdaratio": 0.4672222142,
    "operatingIncome": 68120000,
    "operatingIncomeRatio": 0.327369367,
    "totalOtherIncomeExpensesNet": 6094000,
    "incomeBeforeTax": 74214000,
    "incomeBeforeTaxRatio": 0.3566557576,
    "incomeTaxExpense": 17811000,
    "netIncome": 56403000,
    "netIncomeRatio": 0.2710601058,
    "eps": 0.14,
    "epsdiluted": 0.14,
    "weightedAverageShsOut": 414740000,
    "weightedAverageShsOutDil": 416792000,
    "link": "https://www.sec.gov/Archives/edgar/data/827054/000110465905025010/0001104659-05-025010-index.htm",
    "finalLink": "https://www.sec.gov/Archives/edgar/data/827054/000110465905025010/a05-9691_110k.htm"
  },
  {
    "date": "2004-12-31",
    "symbol": "MCHP",
    "reportedCurrency": "USD",
    "cik": "0000827054",
    "fillingDate": "2005-02-08",
    "acceptedDate": "2005-02-08 17:10:08",
    "calendarYear": "2005",
    "period": "Q3",
    "revenue": 205384000,
    "costOfRevenue": 88596000,
    "grossProfit": 116788000,
    "grossProfitRatio": 0.5686324154,
    "researchAndDevelopmentExpenses": 23110000,
    "generalAndAdministrativeExpenses": 28056000,
    "sellingAndMarketingExpenses": 0,
    "sellingGeneralAndAdministrativeExpenses": 28056000,
    "otherExpenses": 0,
    "operatingExpenses": 51166000,
    "costAndExpenses": 139762000,
    "interestIncome": 0,
    "interestExpense": 0,
    "depreciationAndAmortization": 30524000,
    "ebitda": 96146000,
    "ebitdaratio": 0.4681279944,
    "operatingIncome": 65622000,
    "operatingIncomeRatio": 0.3195088225,
    "totalOtherIncomeExpensesNet": 4299000,
    "incomeBeforeTax": 69921000,
    "incomeBeforeTaxRatio": 0.3404403459,
    "incomeTaxExpense": 16781000,
    "netIncome": 53140000,
    "netIncomeRatio": 0.2587348576,
    "eps": 0.13,
    "epsdiluted": 0.13,
    "weightedAverageShsOut": 413412000,
    "weightedAverageShsOutDil": 423454000,
    "link": "https://www.sec.gov/Archives/edgar/data/827054/000110465905004665/0001104659-05-004665-index.htm",
    "finalLink": "https://www.sec.gov/Archives/edgar/data/827054/000110465905004665/a05-2991_110q.htm"
  },
  {
    "date": "2004-09-30",
    "symbol": "MCHP",
    "reportedCurrency": "USD",
    "cik": "0000827054",
    "fillingDate": "2004-11-03",
    "acceptedDate": "2004-11-03 17:09:03",
    "calendarYear": "2005",
    "period": "Q2",
    "revenue": 220694000,
    "costOfRevenue": 94317000,
    "grossProfit": 126377000,
    "grossProfitRatio": 0.5726345075,
    "researchAndDevelopmentExpenses": 23318000,
    "generalAndAdministrativeExpenses": 28008000,
    "sellingAndMarketingExpenses": 0,
    "sellingGeneralAndAdministrativeExpenses": 28008000,
    "otherExpenses": 0,
    "operatingExpenses": 51326000,
    "costAndExpenses": 145643000,
    "interestIncome": 0,
    "interestExpense": 0,
    "depreciationAndAmortization": 31288000,
    "ebitda": 106339000,
    "ebitdaratio": 0.4818391075,
    "operatingIncome": 75051000,
    "operatingIncomeRatio": 0.3400681487,
    "totalOtherIncomeExpensesNet": 4479000,
    "incomeBeforeTax": 79530000,
    "incomeBeforeTaxRatio": 0.3603632178,
    "incomeTaxExpense": 19087000,
    "netIncome": 60443000,
    "netIncomeRatio": 0.2738769518,
    "eps": 0.14,
    "epsdiluted": 0.14,
    "weightedAverageShsOut": 412382000,
    "weightedAverageShsOutDil": 422806000,
    "link": "https://www.sec.gov/Archives/edgar/data/827054/000110465904033335/0001104659-04-033335-index.htm",
    "finalLink": "https://www.sec.gov/Archives/edgar/data/827054/000110465904033335/a04-12557_110q.htm"
  },
  {
    "date": "2004-06-30",
    "symbol": "MCHP",
    "reportedCurrency": "USD",
    "cik": "0000827054",
    "fillingDate": "2004-08-06",
    "acceptedDate": "2004-08-06 17:24:45",
    "calendarYear": "2005",
    "period": "Q1",
    "revenue": 212775000,
    "costOfRevenue": 91316000,
    "grossProfit": 121459000,
    "grossProfitRatio": 0.5708330396,
    "researchAndDevelopmentExpenses": 23281000,
    "generalAndAdministrativeExpenses": 27224000,
    "sellingAndMarketingExpenses": 0,
    "sellingGeneralAndAdministrativeExpenses": 27224000,
    "otherExpenses": 21100000,
    "operatingExpenses": 71605000,
    "costAndExpenses": 162921000,
    "interestIncome": 0,
    "interestExpense": 0,
    "depreciationAndAmortization": 29553000,
    "ebitda": 79407000,
    "ebitdaratio": 0.3731970391,
    "operatingIncome": 49854000,
    "operatingIncomeRatio": 0.2343038421,
    "totalOtherIncomeExpensesNet": 3749000,
    "incomeBeforeTax": 53603000,
    "incomeBeforeTaxRatio": 0.2519233933,
    "incomeTaxExpense": 9804000,
    "netIncome": 43799000,
    "netIncomeRatio": 0.2058465515,
    "eps": 0.11,
    "epsdiluted": 0.1,
    "weightedAverageShsOut": 413388000,
    "weightedAverageShsOutDil": 425928000,
    "link": "https://www.sec.gov/Archives/edgar/data/827054/000110465904023058/0001104659-04-023058-index.htm",
    "finalLink": "https://www.sec.gov/Archives/edgar/data/827054/000110465904023058/a04-9114_110q.htm"
  },
  {
    "date": "2004-03-31",
    "symbol": "MCHP",
    "reportedCurrency": "USD",
    "cik": "0000827054",
    "fillingDate": "2004-06-03",
    "acceptedDate": "2004-06-03 17:08:10",
    "calendarYear": "2004",
    "period": "Q4",
    "revenue": 191524000,
    "costOfRevenue": 85299000,
    "grossProfit": 106225000,
    "grossProfitRatio": 0.5546302291,
    "researchAndDevelopmentExpenses": 22101000,
    "generalAndAdministrativeExpenses": 24788000,
    "sellingAndMarketingExpenses": 0,
    "sellingGeneralAndAdministrativeExpenses": 24788000,
    "otherExpenses": 0,
    "operatingExpenses": 46889000,
    "costAndExpenses": 132188000,
    "interestIncome": 0,
    "interestExpense": 0,
    "depreciationAndAmortization": 28671000,
    "ebitda": 88007000,
    "ebitdaratio": 0.459508991,
    "operatingIncome": 59336000,
    "operatingIncomeRatio": 0.3098097366,
    "totalOtherIncomeExpensesNet": 3544000,
    "incomeBeforeTax": 62880000,
    "incomeBeforeTaxRatio": 0.328313945,
    "incomeTaxExpense": 16035000,
    "netIncome": 46845000,
    "netIncomeRatio": 0.2445907562,
    "eps": 0.11,
    "epsdiluted": 0.11,
    "weightedAverageShsOut": 413388000,
    "weightedAverageShsOutDil": 413388000,
    "link": "https://www.sec.gov/Archives/edgar/data/827054/000110465904016118/0001104659-04-016118-index.htm",
    "finalLink": "https://www.sec.gov/Archives/edgar/data/827054/000110465904016118/a04-6586_110k.htm"
  },
  {
    "date": "2003-12-31",
    "symbol": "MCHP",
    "reportedCurrency": "USD",
    "cik": "0000827054",
    "fillingDate": "2004-02-09",
    "acceptedDate": "2004-02-09 15:26:37",
    "calendarYear": "2004",
    "period": "Q3",
    "revenue": 177967000,
    "costOfRevenue": 80948000,
    "grossProfit": 97019000,
    "grossProfitRatio": 0.5451516292,
    "researchAndDevelopmentExpenses": 20858000,
    "generalAndAdministrativeExpenses": 23056000,
    "sellingAndMarketingExpenses": 0,
    "sellingGeneralAndAdministrativeExpenses": 23056000,
    "otherExpenses": -747000,
    "operatingExpenses": 43167000,
    "costAndExpenses": 124115000,
    "interestIncome": 0,
    "interestExpense": 0,
    "depreciationAndAmortization": 0,
    "ebitda": 53852000,
    "ebitdaratio": 0.302595425,
    "operatingIncome": 53852000,
    "operatingIncomeRatio": 0.302595425,
    "totalOtherIncomeExpensesNet": 1117000,
    "incomeBeforeTax": 54969000,
    "incomeBeforeTaxRatio": 0.3088718695,
    "incomeTaxExpense": 14126000,
    "netIncome": 40843000,
    "netIncomeRatio": 0.2294976035,
    "eps": 0.1,
    "epsdiluted": 0.095,
    "weightedAverageShsOut": 414284000,
    "weightedAverageShsOutDil": 430688000,
    "link": "https://www.sec.gov/Archives/edgar/data/827054/000110465904003031/0001104659-04-003031-index.htm",
    "finalLink": "https://www.sec.gov/Archives/edgar/data/827054/000110465904003031/a04-2052_110q.htm"
  },
  {
    "date": "2003-09-30",
    "symbol": "MCHP",
    "reportedCurrency": "USD",
    "cik": "0000827054",
    "fillingDate": "2003-11-14",
    "acceptedDate": "2003-11-13 18:36:23",
    "calendarYear": "2004",
    "period": "Q2",
    "revenue": 168486000,
    "costOfRevenue": 77292000,
    "grossProfit": 91194000,
    "grossProfitRatio": 0.5412556533,
    "researchAndDevelopmentExpenses": 21148000,
    "generalAndAdministrativeExpenses": 22452000,
    "sellingAndMarketingExpenses": 0,
    "sellingGeneralAndAdministrativeExpenses": 22452000,
    "otherExpenses": 0,
    "operatingExpenses": 43600000,
    "costAndExpenses": 120892000,
    "interestIncome": 0,
    "interestExpense": 0,
    "depreciationAndAmortization": 26868000,
    "ebitda": 74462000,
    "ebitdaratio": 0.4419476989,
    "operatingIncome": 47594000,
    "operatingIncomeRatio": 0.2824804435,
    "totalOtherIncomeExpensesNet": 867000,
    "incomeBeforeTax": 48461000,
    "incomeBeforeTaxRatio": 0.2876262716,
    "incomeTaxExpense": 12357000,
    "netIncome": 36104000,
    "netIncomeRatio": 0.2142848664,
    "eps": 0.09,
    "epsdiluted": 0.085,
    "weightedAverageShsOut": 410178000,
    "weightedAverageShsOutDil": 425156000,
    "link": "https://www.sec.gov/Archives/edgar/data/827054/000110465903026294/0001104659-03-026294-index.htm",
    "finalLink": "https://www.sec.gov/Archives/edgar/data/827054/000110465903026294/a03-5507_110q.htm"
  },
  {
    "date": "2003-06-30",
    "symbol": "MCHP",
    "reportedCurrency": "USD",
    "cik": "0000827054",
    "fillingDate": "2003-08-12",
    "acceptedDate": "2003-08-12 17:08:58",
    "calendarYear": "2004",
    "period": "Q1",
    "revenue": 161283000,
    "costOfRevenue": 105762000,
    "grossProfit": 55521000,
    "grossProfitRatio": 0.3442458288,
    "researchAndDevelopmentExpenses": 21282000,
    "generalAndAdministrativeExpenses": 22115000,
    "sellingAndMarketingExpenses": 0,
    "sellingGeneralAndAdministrativeExpenses": 22115000,
    "otherExpenses": 1612000,
    "operatingExpenses": 45009000,
    "costAndExpenses": 150771000,
    "interestIncome": 0,
    "interestExpense": 0,
    "depreciationAndAmortization": 58831000,
    "ebitda": 69343000,
    "ebitdaratio": 0.4299461196,
    "operatingIncome": 10512000,
    "operatingIncomeRatio": 0.0651773591,
    "totalOtherIncomeExpensesNet": 1074000,
    "incomeBeforeTax": 11586000,
    "incomeBeforeTaxRatio": 0.0718364614,
    "incomeTaxExpense": -1884000,
    "netIncome": 13470000,
    "netIncomeRatio": 0.0835177917,
    "eps": 0.035,
    "epsdiluted": 0.03,
    "weightedAverageShsOut": 407806000,
    "weightedAverageShsOutDil": 420314000,
    "link": "https://www.sec.gov/Archives/edgar/data/827054/000110465903017785/0001104659-03-017785-index.htm",
    "finalLink": "https://www.sec.gov/Archives/edgar/data/827054/000110465903017785/a03-2465_110q.htm"
  },
  {
    "date": "2003-03-31",
    "symbol": "MCHP",
    "reportedCurrency": "USD",
    "cik": "0000827054",
    "fillingDate": "2003-06-05",
    "acceptedDate": "2003-06-05 14:55:32",
    "calendarYear": "2003",
    "period": "Q4",
    "revenue": 150971000,
    "costOfRevenue": 68069000,
    "grossProfit": 82902000,
    "grossProfitRatio": 0.5491253287,
    "researchAndDevelopmentExpenses": 21743000,
    "generalAndAdministrativeExpenses": 21857000,
    "sellingAndMarketingExpenses": 0,
    "sellingGeneralAndAdministrativeExpenses": 21857000,
    "otherExpenses": 0,
    "operatingExpenses": 43600000,
    "costAndExpenses": 111669000,
    "interestIncome": 0,
    "interestExpense": 0,
    "depreciationAndAmortization": 28181000,
    "ebitda": 67483000,
    "ebitdaratio": 0.4469931311,
    "operatingIncome": 39302000,
    "operatingIncomeRatio": 0.2603281425,
    "totalOtherIncomeExpensesNet": 1272000,
    "incomeBeforeTax": 40574000,
    "incomeBeforeTaxRatio": 0.2687536017,
    "incomeTaxExpense": 9925000,
    "netIncome": 19206000,
    "netIncomeRatio": 0.1272164853,
    "eps": 0.0471,
    "epsdiluted": 0.0471,
    "weightedAverageShsOut": 406952000,
    "weightedAverageShsOutDil": 407806000,
    "link": "https://www.sec.gov/Archives/edgar/data/827054/000095014703000708/0000950147-03-000708-index.htm",
    "finalLink": "https://www.sec.gov/Archives/edgar/data/827054/000095014703000708/e-10068.txt"
  },
  {
    "date": "2002-12-31",
    "symbol": "MCHP",
    "reportedCurrency": "USD",
    "cik": "0000827054",
    "fillingDate": "2003-02-07",
    "acceptedDate": "2003-02-07 13:33:58",
    "calendarYear": "2003",
    "period": "Q3",
    "revenue": 167474000,
    "costOfRevenue": 74580000,
    "grossProfit": 92894000,
    "grossProfitRatio": 0.5546771439,
    "researchAndDevelopmentExpenses": 22323000,
    "generalAndAdministrativeExpenses": 22430000,
    "sellingAndMarketingExpenses": 0,
    "sellingGeneralAndAdministrativeExpenses": 22430000,
    "otherExpenses": 0,
    "operatingExpenses": 44753000,
    "costAndExpenses": 119333000,
    "interestIncome": 0,
    "interestExpense": 0,
    "depreciationAndAmortization": 27825000,
    "ebitda": 75966000,
    "ebitdaratio": 0.4535987676,
    "operatingIncome": 48141000,
    "operatingIncomeRatio": 0.2874535749,
    "totalOtherIncomeExpensesNet": 540000,
    "incomeBeforeTax": 48681000,
    "incomeBeforeTaxRatio": 0.290677956,
    "incomeTaxExpense": 12299000,
    "netIncome": 36382000,
    "netIncomeRatio": 0.2172396909,
    "eps": 0.085,
    "epsdiluted": 0.085,
    "weightedAverageShsOut": 406218000,
    "weightedAverageShsOutDil": 421858000,
    "link": "https://www.sec.gov/Archives/edgar/data/827054/000095014703000125/0000950147-03-000125-index.htm",
    "finalLink": "https://www.sec.gov/Archives/edgar/data/827054/000095014703000125/e-9511.txt"
  },
  {
    "date": "2002-09-30",
    "symbol": "MCHP",
    "reportedCurrency": "USD",
    "cik": "0000827054",
    "fillingDate": "2002-11-12",
    "acceptedDate": "2002-11-12 12:03:20",
    "calendarYear": "2003",
    "period": "Q2",
    "revenue": 169748000,
    "costOfRevenue": 78239000,
    "grossProfit": 91509000,
    "grossProfitRatio": 0.539087353,
    "researchAndDevelopmentExpenses": 22337000,
    "generalAndAdministrativeExpenses": 23127000,
    "sellingAndMarketingExpenses": 0,
    "sellingGeneralAndAdministrativeExpenses": 23127000,
    "otherExpenses": 41500000,
    "operatingExpenses": 86964000,
    "costAndExpenses": 165203000,
    "interestIncome": 0,
    "interestExpense": 0,
    "depreciationAndAmortization": 27842000,
    "ebitda": 32387000,
    "ebitdaratio": 0.1907945896,
    "operatingIncome": 4545000,
    "operatingIncomeRatio": 0.0267749841,
    "totalOtherIncomeExpensesNet": 1153000,
    "incomeBeforeTax": 5698000,
    "incomeBeforeTaxRatio": 0.0335674058,
    "incomeTaxExpense": -4565000,
    "netIncome": 10263000,
    "netIncomeRatio": 0.0604602116,
    "eps": 0.025,
    "epsdiluted": 0.025,
    "weightedAverageShsOut": 404094000,
    "weightedAverageShsOutDil": 419284000,
    "link": "https://www.sec.gov/Archives/edgar/data/827054/000095014702001431/0000950147-02-001431-index.htm",
    "finalLink": "https://www.sec.gov/Archives/edgar/data/827054/000095014702001431/e-9166.txt"
  },
  {
    "date": "2002-06-30",
    "symbol": "MCHP",
    "reportedCurrency": "USD",
    "cik": "0000827054",
    "fillingDate": "2002-08-09",
    "acceptedDate": "2002-08-09 17:29:10",
    "calendarYear": "2003",
    "period": "Q1",
    "revenue": 159745000,
    "costOfRevenue": 75177000,
    "grossProfit": 82367000,
    "grossProfitRatio": 0.5156155122,
    "researchAndDevelopmentExpenses": 21560000,
    "generalAndAdministrativeExpenses": 21941000,
    "sellingAndMarketingExpenses": 0,
    "sellingGeneralAndAdministrativeExpenses": 21941000,
    "otherExpenses": 9300000,
    "operatingExpenses": 52801000,
    "costAndExpenses": 127978000,
    "interestIncome": 0,
    "interestExpense": 0,
    "depreciationAndAmortization": 27228000,
    "ebitda": 66094000,
    "ebitdaratio": 0.4137469091,
    "operatingIncome": 29566000,
    "operatingIncomeRatio": 0.1850824752,
    "totalOtherIncomeExpensesNet": 1250000,
    "incomeBeforeTax": 30816000,
    "incomeBeforeTaxRatio": 0.1929074462,
    "incomeTaxExpense": 10057000,
    "netIncome": 21726000,
    "netIncomeRatio": 0.1360042568,
    "eps": 0.0629,
    "epsdiluted": 0.0529,
    "weightedAverageShsOut": 402584000,
    "weightedAverageShsOutDil": 423054000,
    "link": "https://www.sec.gov/Archives/edgar/data/827054/000095014702000961/0000950147-02-000961-index.htm",
    "finalLink": "https://www.sec.gov/Archives/edgar/data/827054/000095014702000961/e-8790.txt"
  },
  {
    "date": "2002-03-31",
    "symbol": "MCHP",
    "reportedCurrency": "USD",
    "cik": "0000827054",
    "fillingDate": "2002-06-03",
    "acceptedDate": "2002-06-03 14:08:45",
    "calendarYear": "2002",
    "period": "Q4",
    "revenue": 148841000,
    "costOfRevenue": 73519000,
    "grossProfit": 75322000,
    "grossProfitRatio": 0.5060567989,
    "researchAndDevelopmentExpenses": 20539000,
    "generalAndAdministrativeExpenses": 21138000,
    "sellingAndMarketingExpenses": 0,
    "sellingGeneralAndAdministrativeExpenses": 21138000,
    "otherExpenses": 0,
    "operatingExpenses": 41677000,
    "costAndExpenses": 115196000,
    "interestIncome": 0,
    "interestExpense": 0,
    "depreciationAndAmortization": 26451000,
    "ebitda": 60096000,
    "ebitdaratio": 0.4037597167,
    "operatingIncome": 33645000,
    "operatingIncomeRatio": 0.2260465866,
    "totalOtherIncomeExpensesNet": 981000,
    "incomeBeforeTax": 34626000,
    "incomeBeforeTaxRatio": 0.2326375125,
    "incomeTaxExpense": 8310000,
    "netIncome": 26316000,
    "netIncomeRatio": 0.176806122,
    "eps": 0.0654,
    "epsdiluted": 0.0654,
    "weightedAverageShsOut": 400189000,
    "weightedAverageShsOutDil": 402584000,
    "link": "https://www.sec.gov/Archives/edgar/data/827054/000095014702000745/0000950147-02-000745-index.htm",
    "finalLink": "https://www.sec.gov/Archives/edgar/data/827054/000095014702000745/e-8573.txt"
  },
  {
    "date": "2001-12-31",
    "symbol": "MCHP",
    "reportedCurrency": "USD",
    "cik": "0000827054",
    "fillingDate": "2002-02-12",
    "acceptedDate": "2002-02-12 00:00:00",
    "calendarYear": "2002",
    "period": "Q3",
    "revenue": 141857000,
    "costOfRevenue": 70718000,
    "grossProfit": 71139000,
    "grossProfitRatio": 0.5014838887,
    "researchAndDevelopmentExpenses": 21409000,
    "generalAndAdministrativeExpenses": 19869000,
    "sellingAndMarketingExpenses": 0,
    "sellingGeneralAndAdministrativeExpenses": 19869000,
    "otherExpenses": 0,
    "operatingExpenses": 41278000,
    "costAndExpenses": 111996000,
    "interestIncome": 0,
    "interestExpense": 0,
    "depreciationAndAmortization": 27973000,
    "ebitda": 57834000,
    "ebitdaratio": 0.4076922535,
    "operatingIncome": 29861000,
    "operatingIncomeRatio": 0.2105007155,
    "totalOtherIncomeExpensesNet": 1162000,
    "incomeBeforeTax": 31023000,
    "incomeBeforeTaxRatio": 0.2186920631,
    "incomeTaxExpense": 7446000,
    "netIncome": 23577000,
    "netIncomeRatio": 0.1662025843,
    "eps": 0.06,
    "epsdiluted": 0.0567,
    "weightedAverageShsOut": 400545000,
    "weightedAverageShsOutDil": 419619000,
    "link": "https://www.sec.gov/Archives/edgar/data/827054/000095014702000190/0000950147-02-000190-index.htm",
    "finalLink": "https://www.sec.gov/Archives/edgar/data/827054/000095014702000190/e-8056.txt"
  },
  {
    "date": "2001-09-30",
    "symbol": "MCHP",
    "reportedCurrency": "USD",
    "cik": "0000827054",
    "fillingDate": "2001-11-07",
    "acceptedDate": "2001-11-07 00:00:00",
    "calendarYear": "2002",
    "period": "Q2",
    "revenue": 141662000,
    "costOfRevenue": 70793000,
    "grossProfit": 70869000,
    "grossProfitRatio": 0.5002682441,
    "researchAndDevelopmentExpenses": 20168000,
    "generalAndAdministrativeExpenses": 20165000,
    "sellingAndMarketingExpenses": 0,
    "sellingGeneralAndAdministrativeExpenses": 20165000,
    "otherExpenses": 0,
    "operatingExpenses": 40333000,
    "costAndExpenses": 111126000,
    "interestIncome": 0,
    "interestExpense": 0,
    "depreciationAndAmortization": 27072000,
    "ebitda": 57608000,
    "ebitdaratio": 0.4066581017,
    "operatingIncome": 30536000,
    "operatingIncomeRatio": 0.2155553359,
    "totalOtherIncomeExpensesNet": 1179000,
    "incomeBeforeTax": 31715000,
    "incomeBeforeTaxRatio": 0.223877963,
    "incomeTaxExpense": 8567000,
    "netIncome": 23148000,
    "netIncomeRatio": 0.1634030297,
    "eps": 0.0567,
    "epsdiluted": 0.0567,
    "weightedAverageShsOut": 398418000,
    "weightedAverageShsOutDil": 417174000,
    "link": "https://www.sec.gov/Archives/edgar/data/827054/000095014701501817/0000950147-01-501817-index.htm",
    "finalLink": "https://www.sec.gov/Archives/edgar/data/827054/000095014701501817/e-7644.txt"
  },
  {
    "date": "2001-06-30",
    "symbol": "MCHP",
    "reportedCurrency": "USD",
    "cik": "0000827054",
    "fillingDate": "2001-08-10",
    "acceptedDate": "2001-08-10 00:00:00",
    "calendarYear": "2002",
    "period": "Q1",
    "revenue": 138894000,
    "costOfRevenue": 69488000,
    "grossProfit": 69406000,
    "grossProfitRatio": 0.4997048109,
    "researchAndDevelopmentExpenses": 19534000,
    "generalAndAdministrativeExpenses": 21443000,
    "sellingAndMarketingExpenses": 0,
    "sellingGeneralAndAdministrativeExpenses": 21443000,
    "otherExpenses": 0,
    "operatingExpenses": 40977000,
    "costAndExpenses": 110465000,
    "interestIncome": 0,
    "interestExpense": 0,
    "depreciationAndAmortization": 27543000,
    "ebitda": 55972000,
    "ebitdaratio": 0.4029835702,
    "operatingIncome": 28429000,
    "operatingIncomeRatio": 0.2046812677,
    "totalOtherIncomeExpensesNet": 1398000,
    "incomeBeforeTax": 29827000,
    "incomeBeforeTaxRatio": 0.2147464973,
    "incomeTaxExpense": 8054000,
    "netIncome": 21773000,
    "netIncomeRatio": 0.1567598312,
    "eps": 0.0567,
    "epsdiluted": 0.0533,
    "weightedAverageShsOut": 394206000,
    "weightedAverageShsOutDil": 412770000,
    "link": "https://www.sec.gov/Archives/edgar/data/827054/000095014701501388/0000950147-01-501388-index.htm",
    "finalLink": "https://www.sec.gov/Archives/edgar/data/827054/000095014701501388/e-7293.txt"
  },
  {
    "date": "2001-03-31",
    "symbol": "MCHP",
    "reportedCurrency": "USD",
    "cik": "0000827054",
    "fillingDate": "2001-05-15",
    "acceptedDate": "2001-05-15 00:00:00",
    "calendarYear": "2001",
    "period": "Q4",
    "revenue": 205255000,
    "costOfRevenue": 104642000,
    "grossProfit": 100613000,
    "grossProfitRatio": 0.4901853792,
    "researchAndDevelopmentExpenses": 28558000,
    "generalAndAdministrativeExpenses": 32703000,
    "sellingAndMarketingExpenses": 0,
    "sellingGeneralAndAdministrativeExpenses": 32703000,
    "otherExpenses": 17358000,
    "operatingExpenses": 78619000,
    "costAndExpenses": 183261000,
    "interestIncome": 0,
    "interestExpense": 0,
    "depreciationAndAmortization": 29255000,
    "ebitda": 51249000,
    "ebitdaratio": 0.2496845387,
    "operatingIncome": 21994000,
    "operatingIncomeRatio": 0.1071545151,
    "totalOtherIncomeExpensesNet": 7129000,
    "incomeBeforeTax": 29123000,
    "incomeBeforeTaxRatio": 0.1418869211,
    "incomeTaxExpense": 8253000,
    "netIncome": 20870000,
    "netIncomeRatio": 0.1016784,
    "eps": 0.0529,
    "epsdiluted": 0.0529,
    "weightedAverageShsOut": 394206000,
    "weightedAverageShsOutDil": 394206000,
    "link": "https://www.sec.gov/Archives/edgar/data/827054/000095014701500896/0000950147-01-500896-index.htm",
    "finalLink": "https://www.sec.gov/Archives/edgar/data/827054/000095014701500896/e-6787.txt"
  },
  {
    "date": "2000-12-31",
    "symbol": "MCHP",
    "reportedCurrency": "USD",
    "cik": "0000827054",
    "fillingDate": "2001-02-14",
    "acceptedDate": "2001-02-14 00:00:00",
    "calendarYear": "2001",
    "period": "Q3",
    "revenue": 176428000,
    "costOfRevenue": 88512000,
    "grossProfit": 101622000,
    "grossProfitRatio": 0.5759970073,
    "researchAndDevelopmentExpenses": 18286000,
    "generalAndAdministrativeExpenses": 22992000,
    "sellingAndMarketingExpenses": 0,
    "sellingGeneralAndAdministrativeExpenses": 22992000,
    "otherExpenses": 0,
    "operatingExpenses": 47363000,
    "costAndExpenses": 135875000,
    "interestIncome": 0,
    "interestExpense": 0,
    "depreciationAndAmortization": 27024000,
    "ebitda": 81283000,
    "ebitdaratio": 0.4607148525,
    "operatingIncome": 54259000,
    "operatingIncomeRatio": 0.3075418868,
    "totalOtherIncomeExpensesNet": 4044000,
    "incomeBeforeTax": 58592000,
    "incomeBeforeTaxRatio": 0.3321014805,
    "incomeTaxExpense": 16056000,
    "netIncome": 42247000,
    "netIncomeRatio": 0.2394574557,
    "eps": 0.11,
    "epsdiluted": 0.1,
    "weightedAverageShsOut": 387898000,
    "weightedAverageShsOutDil": 409448000,
    "link": "https://www.sec.gov/Archives/edgar/data/827054/000095014701500280/0000950147-01-500280-index.htm",
    "finalLink": "https://www.sec.gov/Archives/edgar/data/827054/000095014701500280/e-6281.txt"
  },
  {
    "date": "2000-09-30",
    "symbol": "MCHP",
    "reportedCurrency": "USD",
    "cik": "0000827054",
    "fillingDate": "2000-11-14",
    "acceptedDate": "2000-11-14 00:00:00",
    "calendarYear": "2001",
    "period": "Q2",
    "revenue": 176310000,
    "costOfRevenue": 87800000,
    "grossProfit": 106681000,
    "grossProfitRatio": 0.6050762861,
    "researchAndDevelopmentExpenses": 16933000,
    "generalAndAdministrativeExpenses": 24213000,
    "sellingAndMarketingExpenses": 0,
    "sellingGeneralAndAdministrativeExpenses": 24213000,
    "otherExpenses": 0,
    "operatingExpenses": 46760000,
    "costAndExpenses": 134560000,
    "interestIncome": 0,
    "interestExpense": 0,
    "depreciationAndAmortization": 26905000,
    "ebitda": 86826000,
    "ebitdaratio": 0.4924621405,
    "operatingIncome": 59921000,
    "operatingIncomeRatio": 0.3398616074,
    "totalOtherIncomeExpensesNet": 3518000,
    "incomeBeforeTax": 63439000,
    "incomeBeforeTaxRatio": 0.3598150984,
    "incomeTaxExpense": 17204000,
    "netIncome": 46235000,
    "netIncomeRatio": 0.262236969,
    "eps": 0.12,
    "epsdiluted": 0.11,
    "weightedAverageShsOut": 385391000,
    "weightedAverageShsOutDil": 412084000,
    "link": "https://www.sec.gov/Archives/edgar/data/827054/000095014700500081/0000950147-00-500081-index.htm",
    "finalLink": "https://www.sec.gov/Archives/edgar/data/827054/000095014700500081/e-5668.txt"
  },
  {
    "date": "2000-06-30",
    "symbol": "MCHP",
    "reportedCurrency": "USD",
    "cik": "0000827054",
    "fillingDate": "2000-08-07",
    "acceptedDate": "2000-08-07 00:00:00",
    "calendarYear": "2001",
    "period": "Q1",
    "revenue": 157737000,
    "costOfRevenue": 81902000,
    "grossProfit": 95847000,
    "grossProfitRatio": 0.6076380304,
    "researchAndDevelopmentExpenses": 14818000,
    "generalAndAdministrativeExpenses": 22712000,
    "sellingAndMarketingExpenses": 0,
    "sellingGeneralAndAdministrativeExpenses": 22712000,
    "otherExpenses": 0,
    "operatingExpenses": 43450000,
    "costAndExpenses": 125352000,
    "interestIncome": 0,
    "interestExpense": 0,
    "depreciationAndAmortization": 23297000,
    "ebitda": 75694000,
    "ebitdaratio": 0.4798747282,
    "operatingIncome": 52397000,
    "operatingIncomeRatio": 0.332179514,
    "totalOtherIncomeExpensesNet": 5318000,
    "incomeBeforeTax": 57715000,
    "incomeBeforeTaxRatio": 0.3658938613,
    "incomeTaxExpense": 15583000,
    "netIncome": 42132000,
    "netIncomeRatio": 0.2671028357,
    "eps": 0.11,
    "epsdiluted": 0.0871,
    "weightedAverageShsOut": 383742000,
    "weightedAverageShsOutDil": 411217000,
    "link": "https://www.sec.gov/Archives/edgar/data/827054/000095014700001156/0000950147-00-001156-index.htm",
    "finalLink": "https://www.sec.gov/Archives/edgar/data/827054/000095014700001156/0000950147-00-001156-0001.txt"
  },
  {
    "date": "2000-03-31",
    "symbol": "MCHP",
    "reportedCurrency": "USD",
    "cik": "0000827054",
    "fillingDate": "2000-06-07",
    "acceptedDate": "2000-06-07 00:00:00",
    "calendarYear": "2000",
    "period": "Q4",
    "revenue": 140811000,
    "costOfRevenue": 66032000,
    "grossProfit": 74779000,
    "grossProfitRatio": 0.5310593633,
    "researchAndDevelopmentExpenses": 12482000,
    "generalAndAdministrativeExpenses": 21267000,
    "sellingAndMarketingExpenses": 0,
    "sellingGeneralAndAdministrativeExpenses": 21267000,
    "otherExpenses": 0,
    "operatingExpenses": 33749000,
    "costAndExpenses": 99781000,
    "interestIncome": 0,
    "interestExpense": 0,
    "depreciationAndAmortization": 20698000,
    "ebitda": 61728000,
    "ebitdaratio": 0.4383748429,
    "operatingIncome": 41030000,
    "operatingIncomeRatio": 0.2913834857,
    "totalOtherIncomeExpensesNet": 844000,
    "incomeBeforeTax": 41874000,
    "incomeBeforeTaxRatio": 0.2973773356,
    "incomeTaxExpense": 11306000,
    "netIncome": 30568000,
    "netIncomeRatio": 0.2170853129,
    "eps": 0.0861,
    "epsdiluted": 0.0861,
    "weightedAverageShsOut": 355190000,
    "weightedAverageShsOutDil": 355190000,
    "link": "https://www.sec.gov/Archives/edgar/data/827054/000095014700000885/0000950147-00-000885-index.htm",
    "finalLink": "https://www.sec.gov/Archives/edgar/data/827054/000095014700000885/0000950147-00-000885-0001.txt"
  },
  {
    "date": "1999-12-31",
    "symbol": "MCHP",
    "reportedCurrency": "USD",
    "cik": "0000827054",
    "fillingDate": "2000-02-11",
    "acceptedDate": "2000-02-11 00:00:00",
    "calendarYear": "2000",
    "period": "Q3",
    "revenue": 129187000,
    "costOfRevenue": 61754000,
    "grossProfit": 67433000,
    "grossProfitRatio": 0.5219797658,
    "researchAndDevelopmentExpenses": 12130000,
    "generalAndAdministrativeExpenses": 19534000,
    "sellingAndMarketingExpenses": 0,
    "sellingGeneralAndAdministrativeExpenses": 19534000,
    "otherExpenses": 0,
    "operatingExpenses": 31664000,
    "costAndExpenses": 93418000,
    "interestIncome": 0,
    "interestExpense": 0,
    "depreciationAndAmortization": 16446000,
    "ebitda": 52243000,
    "ebitdaratio": 0.4043982754,
    "operatingIncome": 35769000,
    "operatingIncomeRatio": 0.2768777044,
    "totalOtherIncomeExpensesNet": 446000,
    "incomeBeforeTax": 36215000,
    "incomeBeforeTaxRatio": 0.2803300642,
    "incomeTaxExpense": 9778000,
    "netIncome": 26437000,
    "netIncomeRatio": 0.2046413339,
    "eps": 0.0778,
    "epsdiluted": 0.0711,
    "weightedAverageShsOut": 343913000,
    "weightedAverageShsOutDil": 366822000,
    "link": "https://www.sec.gov/Archives/edgar/data/827054/000095014700000188/0000950147-00-000188-index.html",
    "finalLink": "https://www.sec.gov/Archives/edgar/data/827054/000095014700000188/"
  },
  {
    "date": "1999-09-30",
    "symbol": "MCHP",
    "reportedCurrency": "USD",
    "cik": "0000827054",
    "fillingDate": "1999-11-09",
    "acceptedDate": "1999-11-09 00:00:00",
    "calendarYear": "2000",
    "period": "Q2",
    "revenue": 118021000,
    "costOfRevenue": 41600000,
    "grossProfit": 76421000,
    "grossProfitRatio": 0.6475203565,
    "researchAndDevelopmentExpenses": 10652000,
    "generalAndAdministrativeExpenses": 19076000,
    "sellingAndMarketingExpenses": 0,
    "sellingGeneralAndAdministrativeExpenses": 19076000,
    "otherExpenses": 15600000,
    "operatingExpenses": 45400000,
    "costAndExpenses": 87000000,
    "interestIncome": 0,
    "interestExpense": 0,
    "depreciationAndAmortization": 15541000,
    "ebitda": 46621000,
    "ebitdaratio": 0.3950229196,
    "operatingIncome": 31021000,
    "operatingIncomeRatio": 0.2628430534,
    "totalOtherIncomeExpensesNet": 579000,
    "incomeBeforeTax": 31626000,
    "incomeBeforeTaxRatio": 0.2679692597,
    "incomeTaxExpense": 8538000,
    "netIncome": 23088000,
    "netIncomeRatio": 0.1956262021,
    "eps": 0.0667,
    "epsdiluted": 0.0634,
    "weightedAverageShsOut": 346327000,
    "weightedAverageShsOutDil": 364555000,
    "link": "https://www.sec.gov/Archives/edgar/data/827054/000095014799001213/0000950147-99-001213-index.html",
    "finalLink": "https://www.sec.gov/Archives/edgar/data/827054/000095014799001213/"
  },
  {
    "date": "1999-06-30",
    "symbol": "MCHP",
    "reportedCurrency": "USD",
    "cik": "0000827054",
    "fillingDate": "1999-08-03",
    "acceptedDate": "1999-08-03 00:00:00",
    "calendarYear": "2000",
    "period": "Q1",
    "revenue": 107710000,
    "costOfRevenue": 37300000,
    "grossProfit": 70410000,
    "grossProfitRatio": 0.6536997493,
    "researchAndDevelopmentExpenses": 10307000,
    "generalAndAdministrativeExpenses": 16866000,
    "sellingAndMarketingExpenses": 0,
    "sellingGeneralAndAdministrativeExpenses": 16866000,
    "otherExpenses": 15700000,
    "operatingExpenses": 42900000,
    "costAndExpenses": 80200000,
    "interestIncome": 0,
    "interestExpense": 0,
    "depreciationAndAmortization": 15787000,
    "ebitda": 43210000,
    "ebitdaratio": 0.4011698078,
    "operatingIncome": 27510000,
    "operatingIncomeRatio": 0.2554080401,
    "totalOtherIncomeExpensesNet": 190000,
    "incomeBeforeTax": 27669000,
    "incomeBeforeTaxRatio": 0.2568842262,
    "incomeTaxExpense": 7470000,
    "netIncome": 20199000,
    "netIncomeRatio": 0.1875313341,
    "eps": 0.06,
    "epsdiluted": 0.0567,
    "weightedAverageShsOut": 336498000,
    "weightedAverageShsOutDil": 356292000,
    "link": "https://www.sec.gov/Archives/edgar/data/827054/000095014799000816/0000950147-99-000816-index.html",
    "finalLink": "https://www.sec.gov/Archives/edgar/data/827054/000095014799000816/"
  },
  {
    "date": "1999-03-31",
    "symbol": "MCHP",
    "reportedCurrency": "USD",
    "cik": "0000827054",
    "fillingDate": "1999-05-18",
    "acceptedDate": "1999-05-18 00:00:00",
    "calendarYear": "1999",
    "period": "Q4",
    "revenue": 103024000,
    "costOfRevenue": 51511000,
    "grossProfit": 51513000,
    "grossProfitRatio": 0.5000097065,
    "researchAndDevelopmentExpenses": 9689000,
    "generalAndAdministrativeExpenses": 15503000,
    "sellingAndMarketingExpenses": 0,
    "sellingGeneralAndAdministrativeExpenses": 15503000,
    "otherExpenses": 23437000,
    "operatingExpenses": 48629000,
    "costAndExpenses": 100140000,
    "interestIncome": 0,
    "interestExpense": 0,
    "depreciationAndAmortization": 15948000,
    "ebitda": 18832000,
    "ebitdaratio": 0.1827923591,
    "operatingIncome": 2884000,
    "operatingIncomeRatio": 0.0279934772,
    "totalOtherIncomeExpensesNet": -287000,
    "incomeBeforeTax": 2597000,
    "incomeBeforeTaxRatio": 0.0252077186,
    "incomeTaxExpense": 700000,
    "netIncome": 1897000,
    "netIncomeRatio": 0.0184131853,
    "eps": 0.0055,
    "epsdiluted": 0.0055,
    "weightedAverageShsOut": 341805000,
    "weightedAverageShsOutDil": 341805000,
    "link": "https://www.sec.gov/Archives/edgar/data/827054/000095014799000520/0000950147-99-000520-index.html",
    "finalLink": "https://www.sec.gov/Archives/edgar/data/827054/"
  },
  {
    "date": "1998-12-31",
    "symbol": "MCHP",
    "reportedCurrency": "USD",
    "cik": "0000827054",
    "fillingDate": "1999-02-12",
    "acceptedDate": "1999-02-12 00:00:00",
    "calendarYear": "1999",
    "period": "Q3",
    "revenue": 100167000,
    "costOfRevenue": 32800000,
    "grossProfit": 67400000,
    "grossProfitRatio": 0.6728762966,
    "researchAndDevelopmentExpenses": 10140000,
    "generalAndAdministrativeExpenses": 15382000,
    "sellingAndMarketingExpenses": 0,
    "sellingGeneralAndAdministrativeExpenses": 15382000,
    "otherExpenses": 16700000,
    "operatingExpenses": 42200000,
    "costAndExpenses": 75000000,
    "interestIncome": 0,
    "interestExpense": 0,
    "depreciationAndAmortization": 16717000,
    "ebitda": 41914000,
    "ebitdaratio": 0.4184412032,
    "operatingIncome": 25200000,
    "operatingIncomeRatio": 0.2515798616,
    "totalOtherIncomeExpensesNet": -700000,
    "incomeBeforeTax": 24456000,
    "incomeBeforeTaxRatio": 0.2441522657,
    "incomeTaxExpense": 6602000,
    "netIncome": 17854000,
    "netIncomeRatio": 0.1782423353,
    "eps": 0.05,
    "epsdiluted": 0.05,
    "weightedAverageShsOut": 357821000,
    "weightedAverageShsOutDil": 357821000,
    "link": "https://www.sec.gov/Archives/edgar/data/827054/000095014799000099/0000950147-99-000099-index.html",
    "finalLink": "https://www.sec.gov/Archives/edgar/data/827054/"
  },
  {
    "date": "1998-09-30",
    "symbol": "MCHP",
    "reportedCurrency": "USD",
    "cik": "0000827054",
    "fillingDate": "1998-11-09",
    "acceptedDate": "1998-11-09 00:00:00",
    "calendarYear": "1999",
    "period": "Q2",
    "revenue": 103780000,
    "costOfRevenue": 52307000,
    "grossProfit": 51473000,
    "grossProfitRatio": 0.4959818848,
    "researchAndDevelopmentExpenses": 10572000,
    "generalAndAdministrativeExpenses": 16237000,
    "sellingAndMarketingExpenses": 0,
    "sellingGeneralAndAdministrativeExpenses": 16237000,
    "otherExpenses": 0,
    "operatingExpenses": 26809000,
    "costAndExpenses": 79116000,
    "interestIncome": 0,
    "interestExpense": 0,
    "depreciationAndAmortization": 16653000,
    "ebitda": 41317000,
    "ebitdaratio": 0.3981210252,
    "operatingIncome": 24664000,
    "operatingIncomeRatio": 0.2376565812,
    "totalOtherIncomeExpensesNet": -605000,
    "incomeBeforeTax": 24059000,
    "incomeBeforeTaxRatio": 0.2318269416,
    "incomeTaxExpense": 6496000,
    "netIncome": 17563000,
    "netIncomeRatio": 0.1692329929,
    "eps": 0.05,
    "epsdiluted": 0.05,
    "weightedAverageShsOut": 343484000,
    "weightedAverageShsOutDil": 359625000,
    "link": "https://www.sec.gov/Archives/edgar/data/827054/000095014798000890/0000950147-98-000890-index.html",
    "finalLink": "https://www.sec.gov/Archives/edgar/data/827054/"
  },
  {
    "date": "1998-06-30",
    "symbol": "MCHP",
    "reportedCurrency": "USD",
    "cik": "0000827054",
    "fillingDate": "1998-08-05",
    "acceptedDate": "1998-08-05 00:00:00",
    "calendarYear": "1999",
    "period": "Q1",
    "revenue": 99489000,
    "costOfRevenue": 50231000,
    "grossProfit": 49258000,
    "grossProfitRatio": 0.4951100122,
    "researchAndDevelopmentExpenses": 10216000,
    "generalAndAdministrativeExpenses": 16054000,
    "sellingAndMarketingExpenses": 0,
    "sellingGeneralAndAdministrativeExpenses": 16054000,
    "otherExpenses": 5500000,
    "operatingExpenses": 31770000,
    "costAndExpenses": 82001000,
    "interestIncome": 0,
    "interestExpense": 0,
    "depreciationAndAmortization": 15833000,
    "ebitda": 33321000,
    "ebitdaratio": 0.3349214486,
    "operatingIncome": 17488000,
    "operatingIncomeRatio": 0.1757782267,
    "totalOtherIncomeExpensesNet": 11000,
    "incomeBeforeTax": 17499000,
    "incomeBeforeTaxRatio": 0.1758887917,
    "incomeTaxExpense": 4725000,
    "netIncome": 12774000,
    "netIncomeRatio": 0.1283961041,
    "eps": 0.0367,
    "epsdiluted": 0.0334,
    "weightedAverageShsOut": 351490000,
    "weightedAverageShsOutDil": 367229000,
    "link": "https://www.sec.gov/Archives/edgar/data/827054/000095014798000581/0000950147-98-000581-index.html",
    "finalLink": "https://www.sec.gov/Archives/edgar/data/827054/"
  },
  {
    "date": "1998-03-31",
    "symbol": "MCHP",
    "reportedCurrency": "USD",
    "cik": "0000827054",
    "fillingDate": "1998-05-27",
    "acceptedDate": "1998-05-27 00:00:00",
    "calendarYear": "1998",
    "period": "Q4",
    "revenue": 93080000,
    "costOfRevenue": 47062000,
    "grossProfit": 46018000,
    "grossProfitRatio": 0.4943919209,
    "researchAndDevelopmentExpenses": 9763000,
    "generalAndAdministrativeExpenses": 16911000,
    "sellingAndMarketingExpenses": 0,
    "sellingGeneralAndAdministrativeExpenses": 16911000,
    "otherExpenses": 0,
    "operatingExpenses": 26674000,
    "costAndExpenses": 73736000,
    "interestIncome": 0,
    "interestExpense": 0,
    "depreciationAndAmortization": 14488000,
    "ebitda": 33832000,
    "ebitdaratio": 0.3634722819,
    "operatingIncome": 19344000,
    "operatingIncomeRatio": 0.2078212291,
    "totalOtherIncomeExpensesNet": 137000,
    "incomeBeforeTax": 19481000,
    "incomeBeforeTaxRatio": 0.2092930812,
    "incomeTaxExpense": 5254000,
    "netIncome": 14227000,
    "netIncomeRatio": 0.1528470133,
    "eps": 0.0405,
    "epsdiluted": 0.0405,
    "weightedAverageShsOut": 351490000,
    "weightedAverageShsOutDil": 351490000,
    "link": "https://www.sec.gov/Archives/edgar/data/827054/000095014798000419/0000950147-98-000419-index.html",
    "finalLink": "https://www.sec.gov/Archives/edgar/data/827054/"
  },
  {
    "date": "1997-12-31",
    "symbol": "MCHP",
    "reportedCurrency": "USD",
    "cik": "0000827054",
    "fillingDate": "1998-02-13",
    "acceptedDate": "1998-02-13 00:00:00",
    "calendarYear": "1998",
    "period": "Q3",
    "revenue": 103550000,
    "costOfRevenue": 53746000,
    "grossProfit": 49804000,
    "grossProfitRatio": 0.480965717,
    "researchAndDevelopmentExpenses": 10009000,
    "generalAndAdministrativeExpenses": 17212000,
    "sellingAndMarketingExpenses": 0,
    "sellingGeneralAndAdministrativeExpenses": 17212000,
    "otherExpenses": 5000000,
    "operatingExpenses": 32221000,
    "costAndExpenses": 85967000,
    "interestIncome": 0,
    "interestExpense": 0,
    "depreciationAndAmortization": 13987000,
    "ebitda": 31570000,
    "ebitdaratio": 0.3048768711,
    "operatingIncome": 17583000,
    "operatingIncomeRatio": 0.169802028,
    "totalOtherIncomeExpensesNet": 399000,
    "incomeBeforeTax": 17982000,
    "incomeBeforeTaxRatio": 0.173655239,
    "incomeTaxExpense": 4855000,
    "netIncome": 13127000,
    "netIncomeRatio": 0.1267696765,
    "eps": 0.0367,
    "epsdiluted": 0.0334,
    "weightedAverageShsOut": 362351000,
    "weightedAverageShsOutDil": 382975000,
    "link": "https://www.sec.gov/Archives/edgar/data/827054/000095014798000110/0000950147-98-000110-index.html",
    "finalLink": "https://www.sec.gov/Archives/edgar/data/827054/"
  },
  {
    "date": "1997-09-30",
    "symbol": "MCHP",
    "reportedCurrency": "USD",
    "cik": "0000827054",
    "fillingDate": "1997-11-13",
    "acceptedDate": "1997-11-13 00:00:00",
    "calendarYear": "1998",
    "period": "Q2",
    "revenue": 103036000,
    "costOfRevenue": 50895000,
    "grossProfit": 52141000,
    "grossProfitRatio": 0.5060464304,
    "researchAndDevelopmentExpenses": 9380000,
    "generalAndAdministrativeExpenses": 17198000,
    "sellingAndMarketingExpenses": 0,
    "sellingGeneralAndAdministrativeExpenses": 17198000,
    "otherExpenses": 0,
    "operatingExpenses": 26578000,
    "costAndExpenses": 77473000,
    "interestIncome": 0,
    "interestExpense": 0,
    "depreciationAndAmortization": 13123000,
    "ebitda": 38686000,
    "ebitdaratio": 0.3754610039,
    "operatingIncome": 25563000,
    "operatingIncomeRatio": 0.2480977522,
    "totalOtherIncomeExpensesNet": 714000,
    "incomeBeforeTax": 26277000,
    "incomeBeforeTaxRatio": 0.2550273691,
    "incomeTaxExpense": 7095000,
    "netIncome": 19182000,
    "netIncomeRatio": 0.1861679413,
    "eps": 0.05,
    "epsdiluted": 0.05,
    "weightedAverageShsOut": 383736000,
    "weightedAverageShsOutDil": 383736000,
    "link": "https://www.sec.gov/Archives/edgar/data/827054/000095014797000786/0000950147-97-000786-index.html",
    "finalLink": "https://www.sec.gov/Archives/edgar/data/827054/"
  },
  {
    "date": "1997-06-30",
    "symbol": "MCHP",
    "reportedCurrency": "USD",
    "cik": "0000827054",
    "fillingDate": "1997-08-11",
    "acceptedDate": "1997-08-11 00:00:00",
    "calendarYear": "1998",
    "period": "Q1",
    "revenue": 97228000,
    "costOfRevenue": 47835000,
    "grossProfit": 49393000,
    "grossProfitRatio": 0.5080120953,
    "researchAndDevelopmentExpenses": 9210000,
    "generalAndAdministrativeExpenses": 16228000,
    "sellingAndMarketingExpenses": 0,
    "sellingGeneralAndAdministrativeExpenses": 16228000,
    "otherExpenses": 0,
    "operatingExpenses": 25438000,
    "costAndExpenses": 73273000,
    "interestIncome": 0,
    "interestExpense": 0,
    "depreciationAndAmortization": 12170000,
    "ebitda": 36125000,
    "ebitdaratio": 0.3715493479,
    "operatingIncome": 23955000,
    "operatingIncomeRatio": 0.2463796437,
    "totalOtherIncomeExpensesNet": 472000,
    "incomeBeforeTax": 24427000,
    "incomeBeforeTaxRatio": 0.2512342124,
    "incomeTaxExpense": 6595000,
    "netIncome": 17832000,
    "netIncomeRatio": 0.1834039577,
    "eps": 0.0467,
    "epsdiluted": 0.0467,
    "weightedAverageShsOut": 380345000,
    "weightedAverageShsOutDil": 380345000,
    "link": "https://www.sec.gov/Archives/edgar/data/827054/000095014797000521/0000950147-97-000521-index.html",
    "finalLink": "https://www.sec.gov/Archives/edgar/data/827054/"
  },
  {
    "date": "1997-03-31",
    "symbol": "MCHP",
    "reportedCurrency": "USD",
    "cik": "0000827054",
    "fillingDate": "1997-05-27",
    "acceptedDate": "1997-05-27 00:00:00",
    "calendarYear": "1997",
    "period": "Q4",
    "revenue": 93505000,
    "costOfRevenue": 46521000,
    "grossProfit": 46984000,
    "grossProfitRatio": 0.5024758034,
    "researchAndDevelopmentExpenses": 9070000,
    "generalAndAdministrativeExpenses": 15710000,
    "sellingAndMarketingExpenses": 0,
    "sellingGeneralAndAdministrativeExpenses": 15710000,
    "otherExpenses": 0,
    "operatingExpenses": 24780000,
    "costAndExpenses": 71301000,
    "interestIncome": 0,
    "interestExpense": 0,
    "depreciationAndAmortization": 10330000,
    "ebitda": 32534000,
    "ebitdaratio": 0.3479386129,
    "operatingIncome": 22204000,
    "operatingIncomeRatio": 0.2374632373,
    "totalOtherIncomeExpensesNet": -62000,
    "incomeBeforeTax": 22142000,
    "incomeBeforeTaxRatio": 0.2368001711,
    "incomeTaxExpense": 5577000,
    "netIncome": 16565000,
    "netIncomeRatio": 0.1771563018,
    "eps": 0.0436,
    "epsdiluted": 0.0436,
    "weightedAverageShsOut": 380345000,
    "weightedAverageShsOutDil": 380345000,
    "link": "https://www.sec.gov/Archives/edgar/data/827054/000095014797000358/0000950147-97-000358-index.html",
    "finalLink": "https://www.sec.gov/Archives/edgar/data/827054/"
  },
  {
    "date": "1996-12-31",
    "symbol": "MCHP",
    "reportedCurrency": "USD",
    "cik": "0000827054",
    "fillingDate": "1997-01-23",
    "acceptedDate": "1997-01-23 00:00:00",
    "calendarYear": "1997",
    "period": "Q3",
    "revenue": 87076000,
    "costOfRevenue": 43562000,
    "grossProfit": 43514000,
    "grossProfitRatio": 0.4997243787,
    "researchAndDevelopmentExpenses": 8432000,
    "generalAndAdministrativeExpenses": 14291000,
    "sellingAndMarketingExpenses": 0,
    "sellingGeneralAndAdministrativeExpenses": 14291000,
    "otherExpenses": 0,
    "operatingExpenses": 22723000,
    "costAndExpenses": 66285000,
    "interestIncome": 0,
    "interestExpense": 0,
    "depreciationAndAmortization": 10051000,
    "ebitda": 30842000,
    "ebitdaratio": 0.3541963342,
    "operatingIncome": 20791000,
    "operatingIncomeRatio": 0.2387684322,
    "totalOtherIncomeExpensesNet": -581000,
    "incomeBeforeTax": 20210000,
    "incomeBeforeTaxRatio": 0.2320961,
    "incomeTaxExpense": 5455000,
    "netIncome": 14755000,
    "netIncomeRatio": 0.1694496761,
    "eps": 0.04,
    "epsdiluted": 0.04,
    "weightedAverageShsOut": 367958000,
    "weightedAverageShsOutDil": 367958000,
    "link": "https://www.sec.gov/Archives/edgar/data/827054/000095014797000025/0000950147-97-000025-index.html",
    "finalLink": "https://www.sec.gov/Archives/edgar/data/827054/"
  },
  {
    "date": "1996-09-30",
    "symbol": "MCHP",
    "reportedCurrency": "USD",
    "cik": "0000827054",
    "fillingDate": "1996-11-13",
    "acceptedDate": "1996-11-13 00:00:00",
    "calendarYear": "1997",
    "period": "Q2",
    "revenue": 79510000,
    "costOfRevenue": 39722000,
    "grossProfit": 39788000,
    "grossProfitRatio": 0.5004150421,
    "researchAndDevelopmentExpenses": 7651000,
    "generalAndAdministrativeExpenses": 13620000,
    "sellingAndMarketingExpenses": 0,
    "sellingGeneralAndAdministrativeExpenses": 13620000,
    "otherExpenses": 0,
    "operatingExpenses": 21271000,
    "costAndExpenses": 60993000,
    "interestIncome": 0,
    "interestExpense": 0,
    "depreciationAndAmortization": 9987000,
    "ebitda": 28504000,
    "ebitdaratio": 0.3584957867,
    "operatingIncome": 18517000,
    "operatingIncomeRatio": 0.2328889448,
    "totalOtherIncomeExpensesNet": -537000,
    "incomeBeforeTax": 17980000,
    "incomeBeforeTaxRatio": 0.2261350773,
    "incomeTaxExpense": 4854000,
    "netIncome": 13126000,
    "netIncomeRatio": 0.1650861527,
    "eps": 0.0367,
    "epsdiluted": 0.0367,
    "weightedAverageShsOut": 362711000,
    "weightedAverageShsOutDil": 362711000,
    "link": "https://www.sec.gov/Archives/edgar/data/827054/000095014796000534/0000950147-96-000534-index.html",
    "finalLink": "https://www.sec.gov/Archives/edgar/data/827054/"
  },
  {
    "date": "1996-06-30",
    "symbol": "MCHP",
    "reportedCurrency": "USD",
    "cik": "0000827054",
    "fillingDate": "1996-08-12",
    "acceptedDate": "1996-08-12 00:00:00",
    "calendarYear": "1997",
    "period": "Q1",
    "revenue": 74161000,
    "costOfRevenue": 37525000,
    "grossProfit": 36636000,
    "grossProfitRatio": 0.4940062836,
    "researchAndDevelopmentExpenses": 6920000,
    "generalAndAdministrativeExpenses": 12627000,
    "sellingAndMarketingExpenses": 0,
    "sellingGeneralAndAdministrativeExpenses": 12627000,
    "otherExpenses": 7544000,
    "operatingExpenses": 27091000,
    "costAndExpenses": 64616000,
    "interestIncome": 0,
    "interestExpense": 0,
    "depreciationAndAmortization": 9785000,
    "ebitda": 26874000,
    "ebitdaratio": 0.3623737544,
    "operatingIncome": 9545000,
    "operatingIncomeRatio": 0.128706463,
    "totalOtherIncomeExpensesNet": -384000,
    "incomeBeforeTax": 9161000,
    "incomeBeforeTaxRatio": 0.1235285393,
    "incomeTaxExpense": 2475000,
    "netIncome": 6686000,
    "netIncomeRatio": 0.0901552029,
    "eps": 0.0197,
    "epsdiluted": 0.0197,
    "weightedAverageShsOut": 366621000,
    "weightedAverageShsOutDil": 366621000,
    "link": "https://www.sec.gov/Archives/edgar/data/827054/000095014796000329/0000950147-96-000329-index.html",
    "finalLink": "https://www.sec.gov/Archives/edgar/data/827054/"
  },
  {
    "date": "1996-03-31",
    "symbol": "MCHP",
    "reportedCurrency": "USD",
    "cik": "0000827054",
    "fillingDate": "1996-03-31",
    "acceptedDate": "1996-03-31 00:00:00",
    "calendarYear": "1996",
    "period": "Q4",
    "revenue": 72100000,
    "costOfRevenue": 25300000,
    "grossProfit": 46800000,
    "grossProfitRatio": 0.6490984743,
    "researchAndDevelopmentExpenses": 7000000,
    "generalAndAdministrativeExpenses": 0,
    "sellingAndMarketingExpenses": 0,
    "sellingGeneralAndAdministrativeExpenses": 12300000,
    "otherExpenses": 9400000,
    "operatingExpenses": 28700000,
    "costAndExpenses": 54000000,
    "interestIncome": 0,
    "interestExpense": 0,
    "depreciationAndAmortization": 9400000,
    "ebitda": 27500000,
    "ebitdaratio": 0.3814147018,
    "operatingIncome": 18100000,
    "operatingIncomeRatio": 0.2510402219,
    "totalOtherIncomeExpensesNet": 0,
    "incomeBeforeTax": 18100000,
    "incomeBeforeTaxRatio": 0.2510402219,
    "incomeTaxExpense": 4300000,
    "netIncome": 13800000,
    "netIncomeRatio": 0.1914008322,
    "eps": 0.0397,
    "epsdiluted": 0.0397,
    "weightedAverageShsOut": 347826000,
    "weightedAverageShsOutDil": 347826000,
    "link": null,
    "finalLink": null
  },
  {
    "date": "1995-12-31",
    "symbol": "MCHP",
    "reportedCurrency": "USD",
    "cik": "0000827054",
    "fillingDate": "1995-12-31",
    "acceptedDate": "1995-12-31 00:00:00",
    "calendarYear": "1996",
    "period": "Q3",
    "revenue": 78100000,
    "costOfRevenue": 29900000,
    "grossProfit": 48200000,
    "grossProfitRatio": 0.6171574904,
    "researchAndDevelopmentExpenses": 7500000,
    "generalAndAdministrativeExpenses": 0,
    "sellingAndMarketingExpenses": 0,
    "sellingGeneralAndAdministrativeExpenses": 13400000,
    "otherExpenses": 7800000,
    "operatingExpenses": 28700000,
    "costAndExpenses": 58600000,
    "interestIncome": 0,
    "interestExpense": 0,
    "depreciationAndAmortization": 7800000,
    "ebitda": 27300000,
    "ebitdaratio": 0.3495518566,
    "operatingIncome": 19500000,
    "operatingIncomeRatio": 0.2496798976,
    "totalOtherIncomeExpensesNet": -11400000,
    "incomeBeforeTax": 8100000,
    "incomeBeforeTaxRatio": 0.1037131882,
    "incomeTaxExpense": 2300000,
    "netIncome": 5800000,
    "netIncomeRatio": 0.0742637644,
    "eps": 0.0167,
    "epsdiluted": 0.0167,
    "weightedAverageShsOut": 347826000,
    "weightedAverageShsOutDil": 347826000,
    "link": null,
    "finalLink": null
  },
  {
    "date": "1995-09-30",
    "symbol": "MCHP",
    "reportedCurrency": "USD",
    "cik": "0000827054",
    "fillingDate": "1995-09-30",
    "acceptedDate": "1995-09-30 00:00:00",
    "calendarYear": "1996",
    "period": "Q2",
    "revenue": 71300000,
    "costOfRevenue": 27600000,
    "grossProfit": 43700000,
    "grossProfitRatio": 0.6129032258,
    "researchAndDevelopmentExpenses": 6700000,
    "generalAndAdministrativeExpenses": 0,
    "sellingAndMarketingExpenses": 0,
    "sellingGeneralAndAdministrativeExpenses": 12200000,
    "otherExpenses": 6700000,
    "operatingExpenses": 25600000,
    "costAndExpenses": 53200000,
    "interestIncome": 0,
    "interestExpense": 0,
    "depreciationAndAmortization": 6700000,
    "ebitda": 24800000,
    "ebitdaratio": 0.347826087,
    "operatingIncome": 18100000,
    "operatingIncomeRatio": 0.2538569425,
    "totalOtherIncomeExpensesNet": -300000,
    "incomeBeforeTax": 17800000,
    "incomeBeforeTaxRatio": 0.2496493689,
    "incomeTaxExpense": 5000000,
    "netIncome": 12800000,
    "netIncomeRatio": 0.1795231417,
    "eps": 0.0334,
    "epsdiluted": 0.0334,
    "weightedAverageShsOut": 383808000,
    "weightedAverageShsOutDil": 383808000,
    "link": null,
    "finalLink": null
  }
]