[
  {
    "date": "2025-06-30",
    "symbol": "MCK",
    "reportedCurrency": "USD",
    "cik": "0000927653",
    "fillingDate": "2025-08-06",
    "acceptedDate": "2025-08-06 17:30:47",
    "calendarYear": "2026",
    "period": "Q1",
    "revenue": 97827000000,
    "costOfRevenue": 94548000000,
    "grossProfit": 3279000000,
    "grossProfitRatio": 0.0335183538,
    "researchAndDevelopmentExpenses": 0,
    "generalAndAdministrativeExpenses": 0,
    "sellingAndMarketingExpenses": 0,
    "sellingGeneralAndAdministrativeExpenses": 2196000000,
    "otherExpenses": 47000000,
    "operatingExpenses": 2243000000,
    "costAndExpenses": 96791000000,
    "interestIncome": 0,
    "interestExpense": 49000000,
    "depreciationAndAmortization": 157000000,
    "ebitda": 1257000000,
    "ebitdaratio": 0.0128492134,
    "operatingIncome": 1036000000,
    "operatingIncomeRatio": 0.0105901234,
    "totalOtherIncomeExpensesNet": 15000000,
    "incomeBeforeTax": 1051000000,
    "incomeBeforeTaxRatio": 0.0107434553,
    "incomeTaxExpense": 220000000,
    "netIncome": 784000000,
    "netIncomeRatio": 0.0080141474,
    "eps": 6.28,
    "epsdiluted": 6.25,
    "weightedAverageShsOut": 124900000,
    "weightedAverageShsOutDil": 125500000,
    "link": "https://www.sec.gov/Archives/edgar/data/927653/000092765325000107/0000927653-25-000107-index.htm",
    "finalLink": "https://www.sec.gov/Archives/edgar/data/927653/000092765325000107/mck-20250630.htm"
  },
  {
    "date": "2025-03-31",
    "symbol": "MCK",
    "reportedCurrency": "USD",
    "cik": "0000927653",
    "fillingDate": "2025-05-09",
    "acceptedDate": "2025-05-08 17:34:18",
    "calendarYear": "2025",
    "period": "Q4",
    "revenue": 90823000000,
    "costOfRevenue": 87903000000,
    "grossProfit": 2920000000,
    "grossProfitRatio": 0.0321504465,
    "researchAndDevelopmentExpenses": 0,
    "generalAndAdministrativeExpenses": 0,
    "sellingAndMarketingExpenses": 0,
    "sellingGeneralAndAdministrativeExpenses": 1884000000,
    "otherExpenses": 0,
    "operatingExpenses": 1884000000,
    "costAndExpenses": 89787000000,
    "interestIncome": 0,
    "interestExpense": 45000000,
    "depreciationAndAmortization": 151000000,
    "ebitda": 1711000000,
    "ebitdaratio": 0.0188388404,
    "operatingIncome": 1036000000,
    "operatingIncomeRatio": 0.0114068022,
    "totalOtherIncomeExpensesNet": 479000000,
    "incomeBeforeTax": 1515000000,
    "incomeBeforeTaxRatio": 0.0166807967,
    "incomeTaxExpense": 209000000,
    "netIncome": 1260000000,
    "netIncomeRatio": 0.0138731379,
    "eps": 10.06,
    "epsdiluted": 10.01,
    "weightedAverageShsOut": 125200000,
    "weightedAverageShsOutDil": 125900000,
    "link": "https://www.sec.gov/Archives/edgar/data/927653/000092765325000036/0000927653-25-000036-index.htm",
    "finalLink": "https://www.sec.gov/Archives/edgar/data/927653/000092765325000036/mck-20250331.htm"
  },
  {
    "date": "2024-12-31",
    "symbol": "MCK",
    "reportedCurrency": "USD",
    "cik": "0000927653",
    "fillingDate": "2025-02-06",
    "acceptedDate": "2025-02-05 17:35:47",
    "calendarYear": "2025",
    "period": "Q3",
    "revenue": 95294000000,
    "costOfRevenue": 92074000000,
    "grossProfit": 3220000000,
    "grossProfitRatio": 0.0337901652,
    "researchAndDevelopmentExpenses": 0,
    "generalAndAdministrativeExpenses": 0,
    "sellingAndMarketingExpenses": 0,
    "sellingGeneralAndAdministrativeExpenses": 1933000000,
    "otherExpenses": 0,
    "operatingExpenses": 1933000000,
    "costAndExpenses": 94007000000,
    "interestIncome": 0,
    "interestExpense": 67000000,
    "depreciationAndAmortization": 153000000,
    "ebitda": 1446000000,
    "ebitdaratio": 0.0151740928,
    "operatingIncome": 1287000000,
    "operatingIncomeRatio": 0.0135055722,
    "totalOtherIncomeExpensesNet": -61000000,
    "incomeBeforeTax": 1226000000,
    "incomeBeforeTaxRatio": 0.012865448,
    "incomeTaxExpense": 298000000,
    "netIncome": 879000000,
    "netIncomeRatio": 0.0092240855,
    "eps": 6.98,
    "epsdiluted": 6.94,
    "weightedAverageShsOut": 126000000,
    "weightedAverageShsOutDil": 126600000,
    "link": "https://www.sec.gov/Archives/edgar/data/927653/000092765325000014/0000927653-25-000014-index.htm",
    "finalLink": "https://www.sec.gov/Archives/edgar/data/927653/000092765325000014/mck-20241231.htm"
  },
  {
    "date": "2024-09-30",
    "symbol": "MCK",
    "reportedCurrency": "USD",
    "cik": "0000927653",
    "fillingDate": "2024-11-07",
    "acceptedDate": "2024-11-07 16:09:20",
    "calendarYear": "2025",
    "period": "Q2",
    "revenue": 93651000000,
    "costOfRevenue": 90505000000,
    "grossProfit": 3146000000,
    "grossProfitRatio": 0.0335928073,
    "researchAndDevelopmentExpenses": 0,
    "generalAndAdministrativeExpenses": 0,
    "sellingAndMarketingExpenses": 0,
    "sellingGeneralAndAdministrativeExpenses": 2401000000,
    "otherExpenses": 0,
    "operatingExpenses": 2401000000,
    "costAndExpenses": 92906000000,
    "interestIncome": 0,
    "interestExpense": 78000000,
    "depreciationAndAmortization": 163000000,
    "ebitda": 775000000,
    "ebitdaratio": 0.0082754055,
    "operatingIncome": 745000000,
    "operatingIncomeRatio": 0.0079550672,
    "totalOtherIncomeExpensesNet": -211000000,
    "incomeBeforeTax": 534000000,
    "incomeBeforeTaxRatio": 0.0057020213,
    "incomeTaxExpense": 247000000,
    "netIncome": 241000000,
    "netIncomeRatio": 0.0025733842,
    "eps": 1.87,
    "epsdiluted": 1.86,
    "weightedAverageShsOut": 128699999,
    "weightedAverageShsOutDil": 129300000,
    "link": "https://www.sec.gov/Archives/edgar/data/927653/000092765324000125/0000927653-24-000125-index.htm",
    "finalLink": "https://www.sec.gov/Archives/edgar/data/927653/000092765324000125/mck-20240930.htm"
  },
  {
    "date": "2024-06-30",
    "symbol": "MCK",
    "reportedCurrency": "USD",
    "cik": "0000927653",
    "fillingDate": "2024-08-07",
    "acceptedDate": "2024-08-07 17:30:32",
    "calendarYear": "2025",
    "period": "Q1",
    "revenue": 79283000000,
    "costOfRevenue": 76327000000,
    "grossProfit": 2956000000,
    "grossProfitRatio": 0.0372841593,
    "researchAndDevelopmentExpenses": 0,
    "generalAndAdministrativeExpenses": 0,
    "sellingAndMarketingExpenses": 0,
    "sellingGeneralAndAdministrativeExpenses": 1895000000,
    "otherExpenses": 0,
    "operatingExpenses": 1895000000,
    "costAndExpenses": 78222000000,
    "interestIncome": 0,
    "interestExpense": 66000000,
    "depreciationAndAmortization": 169000000,
    "ebitda": 1319000000,
    "ebitdaratio": 0.0166366056,
    "operatingIncome": 1061000000,
    "operatingIncomeRatio": 0.0133824401,
    "totalOtherIncomeExpensesNet": 23000000,
    "incomeBeforeTax": 1084000000,
    "incomeBeforeTaxRatio": 0.0136725401,
    "incomeTaxExpense": 124000000,
    "netIncome": 915000000,
    "netIncomeRatio": 0.0115409356,
    "eps": 7.05,
    "epsdiluted": 7,
    "weightedAverageShsOut": 129800000,
    "weightedAverageShsOutDil": 130699999,
    "link": "https://www.sec.gov/Archives/edgar/data/927653/000092765324000098/0000927653-24-000098-index.htm",
    "finalLink": "https://www.sec.gov/Archives/edgar/data/927653/000092765324000098/mck-20240630.htm"
  },
  {
    "date": "2024-03-31",
    "symbol": "MCK",
    "reportedCurrency": "USD",
    "cik": "0000927653",
    "fillingDate": "2024-05-08",
    "acceptedDate": "2024-05-07 17:35:09",
    "calendarYear": "2024",
    "period": "Q4",
    "revenue": 76355000000,
    "costOfRevenue": 72892000000,
    "grossProfit": 3463000000,
    "grossProfitRatio": 0.0453539388,
    "researchAndDevelopmentExpenses": 0,
    "generalAndAdministrativeExpenses": 0,
    "sellingAndMarketingExpenses": 0,
    "sellingGeneralAndAdministrativeExpenses": 2091000000,
    "otherExpenses": 0,
    "operatingExpenses": 2091000000,
    "costAndExpenses": 74983000000,
    "interestIncome": 0,
    "interestExpense": 80000000,
    "depreciationAndAmortization": 160000000,
    "ebitda": 1410000000,
    "ebitdaratio": 0.0184663742,
    "operatingIncome": 1372000000,
    "operatingIncomeRatio": 0.0179686988,
    "totalOtherIncomeExpensesNet": -202000000,
    "incomeBeforeTax": 1170000000,
    "incomeBeforeTaxRatio": 0.0153231615,
    "incomeTaxExpense": 340000000,
    "netIncome": 791000000,
    "netIncomeRatio": 0.0103595049,
    "eps": 6.05,
    "epsdiluted": 6.01,
    "weightedAverageShsOut": 130699999,
    "weightedAverageShsOutDil": 131600000,
    "link": "https://www.sec.gov/Archives/edgar/data/927653/000092765324000035/0000927653-24-000035-index.htm",
    "finalLink": "https://www.sec.gov/Archives/edgar/data/927653/000092765324000035/mck-20240331.htm"
  },
  {
    "date": "2023-12-31",
    "symbol": "MCK",
    "reportedCurrency": "USD",
    "cik": "0000927653",
    "fillingDate": "2024-02-08",
    "acceptedDate": "2024-02-07 17:33:42",
    "calendarYear": "2024",
    "period": "Q3",
    "revenue": 80898000000,
    "costOfRevenue": 77866000000,
    "grossProfit": 3032000000,
    "grossProfitRatio": 0.0374792949,
    "researchAndDevelopmentExpenses": 0,
    "generalAndAdministrativeExpenses": 0,
    "sellingAndMarketingExpenses": 0,
    "sellingGeneralAndAdministrativeExpenses": 2409000000,
    "otherExpenses": 0,
    "operatingExpenses": 2409000000,
    "costAndExpenses": 80275000000,
    "interestIncome": 0,
    "interestExpense": 64000000,
    "depreciationAndAmortization": 159000000,
    "ebitda": 835000000,
    "ebitdaratio": 0.0103216396,
    "operatingIncome": 623000000,
    "operatingIncomeRatio": 0.0077010557,
    "totalOtherIncomeExpensesNet": -11000000,
    "incomeBeforeTax": 612000000,
    "incomeBeforeTaxRatio": 0.007565082,
    "incomeTaxExpense": -18000000,
    "netIncome": 589000000,
    "netIncomeRatio": 0.0072807733,
    "eps": 4.45,
    "epsdiluted": 4.42,
    "weightedAverageShsOut": 132500000,
    "weightedAverageShsOutDil": 133300000,
    "link": "https://www.sec.gov/Archives/edgar/data/927653/000092765324000021/0000927653-24-000021-index.htm",
    "finalLink": "https://www.sec.gov/Archives/edgar/data/927653/000092765324000021/mck-20231231.htm"
  },
  {
    "date": "2023-09-30",
    "symbol": "MCK",
    "reportedCurrency": "USD",
    "cik": "0000927653",
    "fillingDate": "2023-11-02",
    "acceptedDate": "2023-11-01 17:34:34",
    "calendarYear": "2024",
    "period": "Q2",
    "revenue": 77215000000,
    "costOfRevenue": 74317000000,
    "grossProfit": 2898000000,
    "grossProfitRatio": 0.0375315677,
    "researchAndDevelopmentExpenses": 0,
    "generalAndAdministrativeExpenses": 0,
    "sellingAndMarketingExpenses": 0,
    "sellingGeneralAndAdministrativeExpenses": 2000000000,
    "otherExpenses": 0,
    "operatingExpenses": 2000000000,
    "costAndExpenses": 76317000000,
    "interestIncome": 0,
    "interestExpense": 61000000,
    "depreciationAndAmortization": 157000000,
    "ebitda": 1134000000,
    "ebitdaratio": 0.0146862656,
    "operatingIncome": 898000000,
    "operatingIncomeRatio": 0.0116298647,
    "totalOtherIncomeExpensesNet": 18000000,
    "incomeBeforeTax": 916000000,
    "incomeBeforeTaxRatio": 0.01186298,
    "incomeTaxExpense": 213000000,
    "netIncome": 664000000,
    "netIncomeRatio": 0.0085993654,
    "eps": 4.95,
    "epsdiluted": 4.93,
    "weightedAverageShsOut": 134100000,
    "weightedAverageShsOutDil": 134800000,
    "link": "https://www.sec.gov/Archives/edgar/data/927653/000092765323000083/0000927653-23-000083-index.htm",
    "finalLink": "https://www.sec.gov/Archives/edgar/data/927653/000092765323000083/mck-20230930.htm"
  },
  {
    "date": "2023-06-30",
    "symbol": "MCK",
    "reportedCurrency": "USD",
    "cik": "0000927653",
    "fillingDate": "2023-08-02",
    "acceptedDate": "2023-08-02 17:30:23",
    "calendarYear": "2024",
    "period": "Q1",
    "revenue": 74483000000,
    "costOfRevenue": 71674000000,
    "grossProfit": 2809000000,
    "grossProfitRatio": 0.0377133037,
    "researchAndDevelopmentExpenses": 0,
    "generalAndAdministrativeExpenses": 0,
    "sellingAndMarketingExpenses": 0,
    "sellingGeneralAndAdministrativeExpenses": 1775000000,
    "otherExpenses": 0,
    "operatingExpenses": 1775000000,
    "costAndExpenses": 73449000000,
    "interestIncome": 0,
    "interestExpense": 38000000,
    "depreciationAndAmortization": 159000000,
    "ebitda": 1288000000,
    "ebitdaratio": 0.0172925366,
    "operatingIncome": 1034000000,
    "operatingIncomeRatio": 0.0138823624,
    "totalOtherIncomeExpensesNet": 57000000,
    "incomeBeforeTax": 1091000000,
    "incomeBeforeTaxRatio": 0.0146476377,
    "incomeTaxExpense": 94000000,
    "netIncome": 958000000,
    "netIncomeRatio": 0.0128619954,
    "eps": 7.07,
    "epsdiluted": 7.01,
    "weightedAverageShsOut": 135500000,
    "weightedAverageShsOutDil": 136600000,
    "link": "https://www.sec.gov/Archives/edgar/data/927653/000092765323000062/0000927653-23-000062-index.htm",
    "finalLink": "https://www.sec.gov/Archives/edgar/data/927653/000092765323000062/mck-20230630.htm"
  },
  {
    "date": "2023-03-31",
    "symbol": "MCK",
    "reportedCurrency": "USD",
    "cik": "0000927653",
    "fillingDate": "2023-05-09",
    "acceptedDate": "2023-05-08 17:46:40",
    "calendarYear": "2023",
    "period": "Q4",
    "revenue": 68910000000,
    "costOfRevenue": 65942000000,
    "grossProfit": 2968000000,
    "grossProfitRatio": 0.0430706719,
    "researchAndDevelopmentExpenses": 0,
    "generalAndAdministrativeExpenses": 0,
    "sellingAndMarketingExpenses": 0,
    "sellingGeneralAndAdministrativeExpenses": 1866000000,
    "otherExpenses": 0,
    "operatingExpenses": 1866000000,
    "costAndExpenses": 67808000000,
    "interestIncome": 0,
    "interestExpense": 79000000,
    "depreciationAndAmortization": 227000000,
    "ebitda": 1238000000,
    "ebitdaratio": 0.0179654622,
    "operatingIncome": 1102000000,
    "operatingIncomeRatio": 0.0159918735,
    "totalOtherIncomeExpensesNet": -170000000,
    "incomeBeforeTax": 932000000,
    "incomeBeforeTaxRatio": 0.0135248875,
    "incomeTaxExpense": 106000000,
    "netIncome": 787000000,
    "netIncomeRatio": 0.0114206937,
    "eps": 5.75,
    "epsdiluted": 5.7,
    "weightedAverageShsOut": 136900000,
    "weightedAverageShsOutDil": 138000000,
    "link": "https://www.sec.gov/Archives/edgar/data/927653/000092765323000038/0000927653-23-000038-index.htm",
    "finalLink": "https://www.sec.gov/Archives/edgar/data/927653/000092765323000038/mck-20230331.htm"
  },
  {
    "date": "2022-12-31",
    "symbol": "MCK",
    "reportedCurrency": "USD",
    "cik": "0000927653",
    "fillingDate": "2023-02-02",
    "acceptedDate": "2023-02-01 17:36:25",
    "calendarYear": "2023",
    "period": "Q3",
    "revenue": 70490000000,
    "costOfRevenue": 67532000000,
    "grossProfit": 2958000000,
    "grossProfitRatio": 0.0419633991,
    "researchAndDevelopmentExpenses": 0,
    "generalAndAdministrativeExpenses": 0,
    "sellingAndMarketingExpenses": 0,
    "sellingGeneralAndAdministrativeExpenses": 1816000000,
    "otherExpenses": 0,
    "operatingExpenses": 1816000000,
    "costAndExpenses": 69348000000,
    "interestIncome": 0,
    "interestExpense": 69000000,
    "depreciationAndAmortization": 205000000,
    "ebitda": 1722000000,
    "ebitdaratio": 0.024428997,
    "operatingIncome": 1142000000,
    "operatingIncomeRatio": 0.0162008796,
    "totalOtherIncomeExpensesNet": 306000000,
    "incomeBeforeTax": 1448000000,
    "incomeBeforeTaxRatio": 0.0205419208,
    "incomeTaxExpense": 329000000,
    "netIncome": 1079000000,
    "netIncomeRatio": 0.0153071358,
    "eps": 7.71,
    "epsdiluted": 7.65,
    "weightedAverageShsOut": 139900000,
    "weightedAverageShsOutDil": 141000000,
    "link": "https://www.sec.gov/Archives/edgar/data/927653/000092765323000017/0000927653-23-000017-index.htm",
    "finalLink": "https://www.sec.gov/Archives/edgar/data/927653/000092765323000017/mck-20221231.htm"
  },
  {
    "date": "2022-09-30",
    "symbol": "MCK",
    "reportedCurrency": "USD",
    "cik": "0000927653",
    "fillingDate": "2022-11-02",
    "acceptedDate": "2022-11-01 17:37:42",
    "calendarYear": "2023",
    "period": "Q2",
    "revenue": 70157000000,
    "costOfRevenue": 67150000000,
    "grossProfit": 3007000000,
    "grossProfitRatio": 0.0428610117,
    "researchAndDevelopmentExpenses": 0,
    "generalAndAdministrativeExpenses": 0,
    "sellingAndMarketingExpenses": 0,
    "sellingGeneralAndAdministrativeExpenses": 1862000000,
    "otherExpenses": 0,
    "operatingExpenses": 1862000000,
    "costAndExpenses": 69012000000,
    "interestIncome": 0,
    "interestExpense": 55000000,
    "depreciationAndAmortization": 214000000,
    "ebitda": 1513000000,
    "ebitdaratio": 0.0215659164,
    "operatingIncome": 1145000000,
    "operatingIncomeRatio": 0.0163205382,
    "totalOtherIncomeExpensesNet": 99000000,
    "incomeBeforeTax": 1244000000,
    "incomeBeforeTaxRatio": 0.017731659,
    "incomeTaxExpense": 271000000,
    "netIncome": 926000000,
    "netIncomeRatio": 0.013198968,
    "eps": 6.47,
    "epsdiluted": 6.43,
    "weightedAverageShsOut": 143100000,
    "weightedAverageShsOutDil": 144100000,
    "link": "https://www.sec.gov/Archives/edgar/data/927653/000092765322000097/0000927653-22-000097-index.htm",
    "finalLink": "https://www.sec.gov/Archives/edgar/data/927653/000092765322000097/mck-20220930.htm"
  },
  {
    "date": "2022-06-30",
    "symbol": "MCK",
    "reportedCurrency": "USD",
    "cik": "0000927653",
    "fillingDate": "2022-08-04",
    "acceptedDate": "2022-08-03 17:35:58",
    "calendarYear": "2023",
    "period": "Q1",
    "revenue": 67154000000,
    "costOfRevenue": 64218000000,
    "grossProfit": 2936000000,
    "grossProfitRatio": 0.0437204038,
    "researchAndDevelopmentExpenses": 0,
    "generalAndAdministrativeExpenses": 0,
    "sellingAndMarketingExpenses": 0,
    "sellingGeneralAndAdministrativeExpenses": 1872000000,
    "otherExpenses": 0,
    "operatingExpenses": 1872000000,
    "costAndExpenses": 66090000000,
    "interestIncome": 0,
    "interestExpense": 45000000,
    "depreciationAndAmortization": 211000000,
    "ebitda": 1262000000,
    "ebitdaratio": 0.0187926259,
    "operatingIncome": 1064000000,
    "operatingIncomeRatio": 0.0158441791,
    "totalOtherIncomeExpensesNet": -58000000,
    "incomeBeforeTax": 1006000000,
    "incomeBeforeTaxRatio": 0.0149804926,
    "incomeTaxExpense": 199000000,
    "netIncome": 768000000,
    "netIncomeRatio": 0.0114363999,
    "eps": 5.33,
    "epsdiluted": 5.26,
    "weightedAverageShsOut": 144200000,
    "weightedAverageShsOutDil": 145900000,
    "link": "https://www.sec.gov/Archives/edgar/data/927653/000092765322000077/0000927653-22-000077-index.htm",
    "finalLink": "https://www.sec.gov/Archives/edgar/data/927653/000092765322000077/mck-20220630.htm"
  },
  {
    "date": "2022-03-31",
    "symbol": "MCK",
    "reportedCurrency": "USD",
    "cik": "0000927653",
    "fillingDate": "2022-05-09",
    "acceptedDate": "2022-05-09 08:15:36",
    "calendarYear": "2022",
    "period": "Q4",
    "revenue": 66102000000,
    "costOfRevenue": 62882000000,
    "grossProfit": 3220000000,
    "grossProfitRatio": 0.0487125957,
    "researchAndDevelopmentExpenses": 0,
    "generalAndAdministrativeExpenses": 0,
    "sellingAndMarketingExpenses": 0,
    "sellingGeneralAndAdministrativeExpenses": 2433000000,
    "otherExpenses": 0,
    "operatingExpenses": 2433000000,
    "costAndExpenses": 65315000000,
    "interestIncome": 0,
    "interestExpense": 43000000,
    "depreciationAndAmortization": 205000000,
    "ebitda": 895000000,
    "ebitdaratio": 0.0135396811,
    "operatingIncome": 787000000,
    "operatingIncomeRatio": 0.0119058425,
    "totalOtherIncomeExpensesNet": -140000000,
    "incomeBeforeTax": 647000000,
    "incomeBeforeTaxRatio": 0.0097879035,
    "incomeTaxExpense": 240000000,
    "netIncome": 368000000,
    "netIncomeRatio": 0.0055671538,
    "eps": 2.5,
    "epsdiluted": 2.47,
    "weightedAverageShsOut": 147200000,
    "weightedAverageShsOutDil": 149200000,
    "link": "https://www.sec.gov/Archives/edgar/data/927653/000092765322000051/0000927653-22-000051-index.htm",
    "finalLink": "https://www.sec.gov/Archives/edgar/data/927653/000092765322000051/mck-20220331.htm"
  },
  {
    "date": "2021-12-31",
    "symbol": "MCK",
    "reportedCurrency": "USD",
    "cik": "0000927653",
    "fillingDate": "2022-02-03",
    "acceptedDate": "2022-02-02 17:41:12",
    "calendarYear": "2022",
    "period": "Q3",
    "revenue": 68614000000,
    "costOfRevenue": 65304000000,
    "grossProfit": 3310000000,
    "grossProfitRatio": 0.0482408838,
    "researchAndDevelopmentExpenses": 0,
    "generalAndAdministrativeExpenses": 0,
    "sellingAndMarketingExpenses": 0,
    "sellingGeneralAndAdministrativeExpenses": 2987000000,
    "otherExpenses": 0,
    "operatingExpenses": 2987000000,
    "costAndExpenses": 68291000000,
    "interestIncome": 0,
    "interestExpense": 41000000,
    "depreciationAndAmortization": 231000000,
    "ebitda": 549000000,
    "ebitdaratio": 0.0080012825,
    "operatingIncome": 323000000,
    "operatingIncomeRatio": 0.0047074941,
    "totalOtherIncomeExpensesNet": -46000000,
    "incomeBeforeTax": 277000000,
    "incomeBeforeTaxRatio": 0.004037077,
    "incomeTaxExpense": 238000000,
    "netIncome": -7000000,
    "netIncomeRatio": -0.00010202,
    "eps": -0.0462,
    "epsdiluted": -0.0462,
    "weightedAverageShsOut": 151600000,
    "weightedAverageShsOutDil": 151600000,
    "link": "https://www.sec.gov/Archives/edgar/data/927653/000092765322000017/0000927653-22-000017-index.htm",
    "finalLink": "https://www.sec.gov/Archives/edgar/data/927653/000092765322000017/mck-20211231.htm"
  },
  {
    "date": "2021-09-30",
    "symbol": "MCK",
    "reportedCurrency": "USD",
    "cik": "0000927653",
    "fillingDate": "2021-11-02",
    "acceptedDate": "2021-11-01 17:41:12",
    "calendarYear": "2022",
    "period": "Q2",
    "revenue": 66576000000,
    "costOfRevenue": 63351000000,
    "grossProfit": 3225000000,
    "grossProfitRatio": 0.0484408796,
    "researchAndDevelopmentExpenses": 0,
    "generalAndAdministrativeExpenses": 0,
    "sellingAndMarketingExpenses": 0,
    "sellingGeneralAndAdministrativeExpenses": 2542000000,
    "otherExpenses": 0,
    "operatingExpenses": 2542000000,
    "costAndExpenses": 65893000000,
    "interestIncome": 0,
    "interestExpense": 45000000,
    "depreciationAndAmortization": 257000000,
    "ebitda": 744000000,
    "ebitdaratio": 0.0111751983,
    "operatingIncome": 683000000,
    "operatingIncomeRatio": 0.0102589522,
    "totalOtherIncomeExpensesNet": -241000000,
    "incomeBeforeTax": 442000000,
    "incomeBeforeTaxRatio": 0.0066390291,
    "incomeTaxExpense": 132000000,
    "netIncome": 267000000,
    "netIncomeRatio": 0.0040104542,
    "eps": 1.73,
    "epsdiluted": 1.71,
    "weightedAverageShsOut": 154100000,
    "weightedAverageShsOutDil": 155800000,
    "link": "https://www.sec.gov/Archives/edgar/data/927653/000092765321000098/0000927653-21-000098-index.htm",
    "finalLink": "https://www.sec.gov/Archives/edgar/data/927653/000092765321000098/mck-20210930.htm"
  },
  {
    "date": "2021-06-30",
    "symbol": "MCK",
    "reportedCurrency": "USD",
    "cik": "0000927653",
    "fillingDate": "2021-08-05",
    "acceptedDate": "2021-08-04 17:44:11",
    "calendarYear": "2022",
    "period": "Q1",
    "revenue": 62674000000,
    "costOfRevenue": 59780000000,
    "grossProfit": 2894000000,
    "grossProfitRatio": 0.0461754476,
    "researchAndDevelopmentExpenses": 0,
    "generalAndAdministrativeExpenses": 0,
    "sellingAndMarketingExpenses": 0,
    "sellingGeneralAndAdministrativeExpenses": 2094000000,
    "otherExpenses": 0,
    "operatingExpenses": 2094000000,
    "costAndExpenses": 61874000000,
    "interestIncome": 0,
    "interestExpense": 49000000,
    "depreciationAndAmortization": 308000000,
    "ebitda": 919000000,
    "ebitdaratio": 0.0146631777,
    "operatingIncome": 800000000,
    "operatingIncomeRatio": 0.0127644637,
    "totalOtherIncomeExpensesNet": -238000000,
    "incomeBeforeTax": 562000000,
    "incomeBeforeTaxRatio": 0.0089670358,
    "incomeTaxExpense": 26000000,
    "netIncome": 486000000,
    "netIncomeRatio": 0.0077544117,
    "eps": 3.11,
    "epsdiluted": 3.07,
    "weightedAverageShsOut": 156200000,
    "weightedAverageShsOutDil": 158100000,
    "link": "https://www.sec.gov/Archives/edgar/data/927653/000092765321000065/0000927653-21-000065-index.htm",
    "finalLink": "https://www.sec.gov/Archives/edgar/data/927653/000092765321000065/mck-20210630.htm"
  },
  {
    "date": "2021-03-31",
    "symbol": "MCK",
    "reportedCurrency": "USD",
    "cik": "0000927653",
    "fillingDate": "2021-05-12",
    "acceptedDate": "2021-05-12 16:09:57",
    "calendarYear": "2021",
    "period": "Q4",
    "revenue": 59142000000,
    "costOfRevenue": 55982000000,
    "grossProfit": 3160000000,
    "grossProfitRatio": 0.053430726,
    "researchAndDevelopmentExpenses": 0,
    "generalAndAdministrativeExpenses": 0,
    "sellingAndMarketingExpenses": 0,
    "sellingGeneralAndAdministrativeExpenses": 2052000000,
    "otherExpenses": 0,
    "operatingExpenses": 2052000000,
    "costAndExpenses": 58034000000,
    "interestIncome": 0,
    "interestExpense": 52000000,
    "depreciationAndAmortization": 291000000,
    "ebitda": 1372000000,
    "ebitdaratio": 0.0231984038,
    "operatingIncome": 1108000000,
    "operatingIncomeRatio": 0.018734571,
    "totalOtherIncomeExpensesNet": -79000000,
    "incomeBeforeTax": 1029000000,
    "incomeBeforeTaxRatio": 0.0173988029,
    "incomeTaxExpense": 316000000,
    "netIncome": 666000000,
    "netIncomeRatio": 0.0112610328,
    "eps": 4.19,
    "epsdiluted": 4.15,
    "weightedAverageShsOut": 158800000,
    "weightedAverageShsOutDil": 160500000,
    "link": "https://www.sec.gov/Archives/edgar/data/927653/000092765321000039/0000927653-21-000039-index.htm",
    "finalLink": "https://www.sec.gov/Archives/edgar/data/927653/000092765321000039/mck-20210331.htm"
  },
  {
    "date": "2020-12-31",
    "symbol": "MCK",
    "reportedCurrency": "USD",
    "cik": "0000927653",
    "fillingDate": "2021-02-02",
    "acceptedDate": "2021-02-02 16:04:49",
    "calendarYear": "2021",
    "period": "Q3",
    "revenue": 62599000000,
    "costOfRevenue": 59592000000,
    "grossProfit": 3007000000,
    "grossProfitRatio": 0.0480359111,
    "researchAndDevelopmentExpenses": 0,
    "generalAndAdministrativeExpenses": 0,
    "sellingAndMarketingExpenses": 0,
    "sellingGeneralAndAdministrativeExpenses": 2113000000,
    "otherExpenses": 0,
    "operatingExpenses": 2113000000,
    "costAndExpenses": 61705000000,
    "interestIncome": 0,
    "interestExpense": 55000000,
    "depreciationAndAmortization": 319000000,
    "ebitda": -6989000000,
    "ebitdaratio": -0.1116471509,
    "operatingIncome": 894000000,
    "operatingIncomeRatio": 0.0142813783,
    "totalOtherIncomeExpensesNet": -8257000000,
    "incomeBeforeTax": -7363000000,
    "incomeBeforeTaxRatio": -0.1176216872,
    "incomeTaxExpense": -1189000000,
    "netIncome": -6226000000,
    "netIncomeRatio": -0.0994584578,
    "eps": -39.03,
    "epsdiluted": -39.03,
    "weightedAverageShsOut": 159500000,
    "weightedAverageShsOutDil": 159500000,
    "link": "https://www.sec.gov/Archives/edgar/data/927653/000092765321000013/0000927653-21-000013-index.htm",
    "finalLink": "https://www.sec.gov/Archives/edgar/data/927653/000092765321000013/mck-20201231.htm"
  },
  {
    "date": "2020-09-30",
    "symbol": "MCK",
    "reportedCurrency": "USD",
    "cik": "0000927653",
    "fillingDate": "2020-11-03",
    "acceptedDate": "2020-11-03 09:07:59",
    "calendarYear": "2021",
    "period": "Q2",
    "revenue": 60808000000,
    "costOfRevenue": 57951000000,
    "grossProfit": 2857000000,
    "grossProfitRatio": 0.0469839495,
    "researchAndDevelopmentExpenses": 0,
    "generalAndAdministrativeExpenses": 0,
    "sellingAndMarketingExpenses": 0,
    "sellingGeneralAndAdministrativeExpenses": 2053000000,
    "otherExpenses": 0,
    "operatingExpenses": 2053000000,
    "costAndExpenses": 60004000000,
    "interestIncome": 0,
    "interestExpense": 50000000,
    "depreciationAndAmortization": 311000000,
    "ebitda": 1016000000,
    "ebitdaratio": 0.0167083279,
    "operatingIncome": 804000000,
    "operatingIncomeRatio": 0.0132219445,
    "totalOtherIncomeExpensesNet": -149000000,
    "incomeBeforeTax": 655000000,
    "incomeBeforeTaxRatio": 0.010771609,
    "incomeTaxExpense": 28000000,
    "netIncome": 577000000,
    "netIncomeRatio": 0.009488883,
    "eps": 3.56,
    "epsdiluted": 3.54,
    "weightedAverageShsOut": 162000000,
    "weightedAverageShsOutDil": 163200000,
    "link": "https://www.sec.gov/Archives/edgar/data/927653/000092765320000093/0000927653-20-000093-index.htm",
    "finalLink": "https://www.sec.gov/Archives/edgar/data/927653/000092765320000093/mck-20200930.htm"
  },
  {
    "date": "2020-06-30",
    "symbol": "MCK",
    "reportedCurrency": "USD",
    "cik": "0000927653",
    "fillingDate": "2020-08-03",
    "acceptedDate": "2020-08-03 16:19:50",
    "calendarYear": "2021",
    "period": "Q1",
    "revenue": 55679000000,
    "costOfRevenue": 53121000000,
    "grossProfit": 2558000000,
    "grossProfitRatio": 0.0459419171,
    "researchAndDevelopmentExpenses": 0,
    "generalAndAdministrativeExpenses": 0,
    "sellingAndMarketingExpenses": 0,
    "sellingGeneralAndAdministrativeExpenses": 1912000000,
    "otherExpenses": 0,
    "operatingExpenses": 1912000000,
    "costAndExpenses": 55033000000,
    "interestIncome": 0,
    "interestExpense": 60000000,
    "depreciationAndAmortization": 300000000,
    "ebitda": 1005000000,
    "ebitdaratio": 0.0180498931,
    "operatingIncome": 646000000,
    "operatingIncomeRatio": 0.0116022199,
    "totalOtherIncomeExpensesNet": -1000000,
    "incomeBeforeTax": 645000000,
    "incomeBeforeTaxRatio": 0.0115842598,
    "incomeTaxExpense": 150000000,
    "netIncome": 444000000,
    "netIncomeRatio": 0.0079742811,
    "eps": 2.74,
    "epsdiluted": 2.72,
    "weightedAverageShsOut": 162000000,
    "weightedAverageShsOutDil": 163200000,
    "link": "https://www.sec.gov/Archives/edgar/data/927653/000092765320000061/0000927653-20-000061-index.htm",
    "finalLink": "https://www.sec.gov/Archives/edgar/data/927653/000092765320000061/mck-20200630.htm"
  },
  {
    "date": "2020-03-31",
    "symbol": "MCK",
    "reportedCurrency": "USD",
    "cik": "0000927653",
    "fillingDate": "2020-05-22",
    "acceptedDate": "2020-05-22 08:38:58",
    "calendarYear": "2020",
    "period": "Q4",
    "revenue": 58535000000,
    "costOfRevenue": 55430000000,
    "grossProfit": 3105000000,
    "grossProfitRatio": 0.0530451866,
    "researchAndDevelopmentExpenses": 0,
    "generalAndAdministrativeExpenses": 0,
    "sellingAndMarketingExpenses": 0,
    "sellingGeneralAndAdministrativeExpenses": 1897000000,
    "otherExpenses": 0,
    "operatingExpenses": 1897000000,
    "costAndExpenses": 57327000000,
    "interestIncome": 0,
    "interestExpense": 65000000,
    "depreciationAndAmortization": 231000000,
    "ebitda": 1497000000,
    "ebitdaratio": 0.0255744426,
    "operatingIncome": 1208000000,
    "operatingIncomeRatio": 0.0206372256,
    "totalOtherIncomeExpensesNet": -7000000,
    "incomeBeforeTax": 1201000000,
    "incomeBeforeTaxRatio": 0.020517639,
    "incomeTaxExpense": 129000000,
    "netIncome": 1021000000,
    "netIncomeRatio": 0.0174425557,
    "eps": 5.89,
    "epsdiluted": 5.85,
    "weightedAverageShsOut": 173000000,
    "weightedAverageShsOutDil": 174000000,
    "link": "https://www.sec.gov/Archives/edgar/data/927653/000092765320000033/0000927653-20-000033-index.htm",
    "finalLink": "https://www.sec.gov/Archives/edgar/data/927653/000092765320000033/mck10k3312020.htm"
  },
  {
    "date": "2019-12-31",
    "symbol": "MCK",
    "reportedCurrency": "USD",
    "cik": "0000927653",
    "fillingDate": "2020-02-04",
    "acceptedDate": "2020-02-04 16:08:50",
    "calendarYear": "2020",
    "period": "Q3",
    "revenue": 59172000000,
    "costOfRevenue": 56252000000,
    "grossProfit": 2920000000,
    "grossProfitRatio": 0.0493476644,
    "researchAndDevelopmentExpenses": 0,
    "generalAndAdministrativeExpenses": 0,
    "sellingAndMarketingExpenses": 0,
    "sellingGeneralAndAdministrativeExpenses": 2422000000,
    "otherExpenses": 0,
    "operatingExpenses": 2422000000,
    "costAndExpenses": 58674000000,
    "interestIncome": 0,
    "interestExpense": 64000000,
    "depreciationAndAmortization": 228000000,
    "ebitda": 586000000,
    "ebitdaratio": 0.0099033327,
    "operatingIncome": 498000000,
    "operatingIncomeRatio": 0.0084161428,
    "totalOtherIncomeExpensesNet": -204000000,
    "incomeBeforeTax": 294000000,
    "incomeBeforeTaxRatio": 0.0049685662,
    "incomeTaxExpense": 47000000,
    "netIncome": 186000000,
    "netIncomeRatio": 0.0031433786,
    "eps": 1.04,
    "epsdiluted": 1.03,
    "weightedAverageShsOut": 178700000,
    "weightedAverageShsOutDil": 179700000,
    "link": "https://www.sec.gov/Archives/edgar/data/927653/000092765320000016/0000927653-20-000016-index.htm",
    "finalLink": "https://www.sec.gov/Archives/edgar/data/927653/000092765320000016/mck10q12312019.htm"
  },
  {
    "date": "2019-09-30",
    "symbol": "MCK",
    "reportedCurrency": "USD",
    "cik": "0000927653",
    "fillingDate": "2019-10-30",
    "acceptedDate": "2019-10-30 16:03:30",
    "calendarYear": "2020",
    "period": "Q2",
    "revenue": 57616000000,
    "costOfRevenue": 54867000000,
    "grossProfit": 2749000000,
    "grossProfitRatio": 0.047712441,
    "researchAndDevelopmentExpenses": 0,
    "generalAndAdministrativeExpenses": 0,
    "sellingAndMarketingExpenses": 0,
    "sellingGeneralAndAdministrativeExpenses": 2078000000,
    "otherExpenses": 0,
    "operatingExpenses": 2078000000,
    "costAndExpenses": 56945000000,
    "interestIncome": 0,
    "interestExpense": 64000000,
    "depreciationAndAmortization": 234000000,
    "ebitda": -672000000,
    "ebitdaratio": -0.0116634268,
    "operatingIncome": 671000000,
    "operatingIncomeRatio": 0.0116460705,
    "totalOtherIncomeExpensesNet": -1641000000,
    "incomeBeforeTax": -970000000,
    "incomeBeforeTaxRatio": -0.0168356012,
    "incomeTaxExpense": -294000000,
    "netIncome": -730000000,
    "netIncomeRatio": -0.0126700916,
    "eps": -4,
    "epsdiluted": -3.99,
    "weightedAverageShsOut": 182706766,
    "weightedAverageShsOutDil": 183000000,
    "link": "https://www.sec.gov/Archives/edgar/data/927653/000092765319000021/0000927653-19-000021-index.htm",
    "finalLink": "https://www.sec.gov/Archives/edgar/data/927653/000092765319000021/mck10q09302019.htm"
  },
  {
    "date": "2019-06-30",
    "symbol": "MCK",
    "reportedCurrency": "USD",
    "cik": "0000927653",
    "fillingDate": "2019-08-01",
    "acceptedDate": "2019-07-31 18:13:10",
    "calendarYear": "2020",
    "period": "Q1",
    "revenue": 55728000000,
    "costOfRevenue": 53053000000,
    "grossProfit": 2675000000,
    "grossProfitRatio": 0.0480010049,
    "researchAndDevelopmentExpenses": 0,
    "generalAndAdministrativeExpenses": 0,
    "sellingAndMarketingExpenses": 0,
    "sellingGeneralAndAdministrativeExpenses": 2018000000,
    "otherExpenses": 0,
    "operatingExpenses": 2018000000,
    "costAndExpenses": 55071000000,
    "interestIncome": 0,
    "interestExpense": 56000000,
    "depreciationAndAmortization": 229000000,
    "ebitda": 904000000,
    "ebitdaratio": 0.016221648,
    "operatingIncome": 657000000,
    "operatingIncomeRatio": 0.0117894057,
    "totalOtherIncomeExpensesNet": -38000000,
    "incomeBeforeTax": 619000000,
    "incomeBeforeTaxRatio": 0.0111075223,
    "incomeTaxExpense": 136000000,
    "netIncome": 423000000,
    "netIncomeRatio": 0.0075904393,
    "eps": 2.25,
    "epsdiluted": 2.24,
    "weightedAverageShsOut": 188000000,
    "weightedAverageShsOutDil": 189000000,
    "link": "https://www.sec.gov/Archives/edgar/data/927653/000092765319000015/0000927653-19-000015-index.htm",
    "finalLink": "https://www.sec.gov/Archives/edgar/data/927653/000092765319000015/mck10q06302019.htm"
  },
  {
    "date": "2019-03-31",
    "symbol": "MCK",
    "reportedCurrency": "USD",
    "cik": "0000927653",
    "fillingDate": "2019-05-15",
    "acceptedDate": "2019-05-15 07:44:22",
    "calendarYear": "2019",
    "period": "Q4",
    "revenue": 52429000000,
    "costOfRevenue": 49526000000,
    "grossProfit": 2903000000,
    "grossProfitRatio": 0.0553701196,
    "researchAndDevelopmentExpenses": 0,
    "generalAndAdministrativeExpenses": 0,
    "sellingAndMarketingExpenses": 0,
    "sellingGeneralAndAdministrativeExpenses": 2020000000,
    "otherExpenses": 0,
    "operatingExpenses": 2020000000,
    "costAndExpenses": 51546000000,
    "interestIncome": 0,
    "interestExpense": 70000000,
    "depreciationAndAmortization": 235000000,
    "ebitda": -328000000,
    "ebitdaratio": -0.0062560797,
    "operatingIncome": 883000000,
    "operatingIncomeRatio": 0.0168418242,
    "totalOtherIncomeExpensesNet": -1516000000,
    "incomeBeforeTax": -633000000,
    "incomeBeforeTaxRatio": -0.0120734708,
    "incomeTaxExpense": 111000000,
    "netIncome": -796000000,
    "netIncomeRatio": -0.0151824372,
    "eps": -4.17,
    "epsdiluted": -4.17,
    "weightedAverageShsOut": 190918468,
    "weightedAverageShsOutDil": 191000000,
    "link": "https://www.sec.gov/Archives/edgar/data/927653/000092765319000009/0000927653-19-000009-index.htm",
    "finalLink": "https://www.sec.gov/Archives/edgar/data/927653/000092765319000009/mck_10kx3312019.htm"
  },
  {
    "date": "2018-12-31",
    "symbol": "MCK",
    "reportedCurrency": "USD",
    "cik": "0000927653",
    "fillingDate": "2019-01-31",
    "acceptedDate": "2019-01-31 16:27:43",
    "calendarYear": "2019",
    "period": "Q3",
    "revenue": 56208000000,
    "costOfRevenue": 53464000000,
    "grossProfit": 2744000000,
    "grossProfitRatio": 0.0488186735,
    "researchAndDevelopmentExpenses": 0,
    "generalAndAdministrativeExpenses": 0,
    "sellingAndMarketingExpenses": 0,
    "sellingGeneralAndAdministrativeExpenses": 2034000000,
    "otherExpenses": 0,
    "operatingExpenses": 2034000000,
    "costAndExpenses": 55498000000,
    "interestIncome": 0,
    "interestExpense": 67000000,
    "depreciationAndAmortization": 239000000,
    "ebitda": 956000000,
    "ebitdaratio": 0.0170082551,
    "operatingIncome": 710000000,
    "operatingIncomeRatio": 0.0126316539,
    "totalOtherIncomeExpensesNet": -60000000,
    "incomeBeforeTax": 650000000,
    "incomeBeforeTaxRatio": 0.0115641902,
    "incomeTaxExpense": 123000000,
    "netIncome": 469000000,
    "netIncomeRatio": 0.008344008,
    "eps": 2.41,
    "epsdiluted": 2.4,
    "weightedAverageShsOut": 194000000,
    "weightedAverageShsOutDil": 195000000,
    "link": "https://www.sec.gov/Archives/edgar/data/927653/000092765319000005/0000927653-19-000005-index.htm",
    "finalLink": "https://www.sec.gov/Archives/edgar/data/927653/000092765319000005/mck_10qx12312018.htm"
  },
  {
    "date": "2018-09-30",
    "symbol": "MCK",
    "reportedCurrency": "USD",
    "cik": "0000927653",
    "fillingDate": "2018-10-25",
    "acceptedDate": "2018-10-25 16:06:46",
    "calendarYear": "2019",
    "period": "Q2",
    "revenue": 53075000000,
    "costOfRevenue": 50392000000,
    "grossProfit": 2683000000,
    "grossProfitRatio": 0.0505511069,
    "researchAndDevelopmentExpenses": 0,
    "generalAndAdministrativeExpenses": 0,
    "sellingAndMarketingExpenses": 0,
    "sellingGeneralAndAdministrativeExpenses": 1912000000,
    "otherExpenses": 0,
    "operatingExpenses": 1912000000,
    "costAndExpenses": 52304000000,
    "interestIncome": 0,
    "interestExpense": 66000000,
    "depreciationAndAmortization": 240000000,
    "ebitda": 893000000,
    "ebitdaratio": 0.0168252473,
    "operatingIncome": 771000000,
    "operatingIncomeRatio": 0.0145266133,
    "totalOtherIncomeExpensesNet": -184000000,
    "incomeBeforeTax": 587000000,
    "incomeBeforeTaxRatio": 0.011059821,
    "incomeTaxExpense": 35000000,
    "netIncome": 499000000,
    "netIncomeRatio": 0.0094017899,
    "eps": 2.52,
    "epsdiluted": 2.51,
    "weightedAverageShsOut": 198000000,
    "weightedAverageShsOutDil": 199000000,
    "link": "https://www.sec.gov/Archives/edgar/data/927653/000092765318000020/0000927653-18-000020-index.htm",
    "finalLink": "https://www.sec.gov/Archives/edgar/data/927653/000092765318000020/mck_10qx09302018.htm"
  },
  {
    "date": "2018-06-30",
    "symbol": "MCK",
    "reportedCurrency": "USD",
    "cik": "0000927653",
    "fillingDate": "2018-07-26",
    "acceptedDate": "2018-07-26 16:09:30",
    "calendarYear": "2019",
    "period": "Q1",
    "revenue": 52607000000,
    "costOfRevenue": 49985000000,
    "grossProfit": 2622000000,
    "grossProfitRatio": 0.0498412759,
    "researchAndDevelopmentExpenses": 0,
    "generalAndAdministrativeExpenses": 0,
    "sellingAndMarketingExpenses": 0,
    "sellingGeneralAndAdministrativeExpenses": 2005000000,
    "otherExpenses": 0,
    "operatingExpenses": 2005000000,
    "costAndExpenses": 51990000000,
    "interestIncome": 0,
    "interestExpense": 61000000,
    "depreciationAndAmortization": 235000000,
    "ebitda": 302000000,
    "ebitdaratio": 0.0057406809,
    "operatingIncome": 617000000,
    "operatingIncomeRatio": 0.0117284772,
    "totalOtherIncomeExpensesNet": -611000000,
    "incomeBeforeTax": 6000000,
    "incomeBeforeTaxRatio": 0.0001140533,
    "incomeTaxExpense": 87000000,
    "netIncome": -138000000,
    "netIncomeRatio": -0.002623225,
    "eps": -0.69,
    "epsdiluted": -0.68,
    "weightedAverageShsOut": 201449275,
    "weightedAverageShsOutDil": 202000000,
    "link": "https://www.sec.gov/Archives/edgar/data/927653/000092765318000015/0000927653-18-000015-index.htm",
    "finalLink": "https://www.sec.gov/Archives/edgar/data/927653/000092765318000015/mck_10qx06302018.htm"
  },
  {
    "date": "2018-03-31",
    "symbol": "MCK",
    "reportedCurrency": "USD",
    "cik": "0000927653",
    "fillingDate": "2018-05-24",
    "acceptedDate": "2018-05-24 16:27:59",
    "calendarYear": "2018",
    "period": "Q4",
    "revenue": 51628000000,
    "costOfRevenue": 48761000000,
    "grossProfit": 2867000000,
    "grossProfitRatio": 0.0555318819,
    "researchAndDevelopmentExpenses": 0,
    "generalAndAdministrativeExpenses": 0,
    "sellingAndMarketingExpenses": 0,
    "sellingGeneralAndAdministrativeExpenses": 2108000000,
    "otherExpenses": 0,
    "operatingExpenses": 2108000000,
    "costAndExpenses": 50869000000,
    "interestIncome": 0,
    "interestExpense": 79000000,
    "depreciationAndAmortization": 254000000,
    "ebitda": -761000000,
    "ebitdaratio": -0.0147400635,
    "operatingIncome": 759000000,
    "operatingIncomeRatio": 0.0147013249,
    "totalOtherIncomeExpensesNet": -1853000000,
    "incomeBeforeTax": -1094000000,
    "incomeBeforeTaxRatio": -0.0211900519,
    "incomeTaxExpense": -7000000,
    "netIncome": -1146000000,
    "netIncomeRatio": -0.0221972573,
    "eps": -5.59,
    "epsdiluted": -5.56,
    "weightedAverageShsOut": 205000000,
    "weightedAverageShsOutDil": 206000000,
    "link": "https://www.sec.gov/Archives/edgar/data/927653/000092765318000010/0000927653-18-000010-index.htm",
    "finalLink": "https://www.sec.gov/Archives/edgar/data/927653/000092765318000010/mck_10kx3312018.htm"
  },
  {
    "date": "2017-12-31",
    "symbol": "MCK",
    "reportedCurrency": "USD",
    "cik": "0000927653",
    "fillingDate": "2018-02-01",
    "acceptedDate": "2018-02-01 16:05:47",
    "calendarYear": "2018",
    "period": "Q3",
    "revenue": 53617000000,
    "costOfRevenue": 51095000000,
    "grossProfit": 2522000000,
    "grossProfitRatio": 0.0470373203,
    "researchAndDevelopmentExpenses": 0,
    "generalAndAdministrativeExpenses": 0,
    "sellingAndMarketingExpenses": 0,
    "sellingGeneralAndAdministrativeExpenses": 1791000000,
    "otherExpenses": 0,
    "operatingExpenses": 1791000000,
    "costAndExpenses": 52886000000,
    "interestIncome": 0,
    "interestExpense": 67000000,
    "depreciationAndAmortization": 234000000,
    "ebitda": 998000000,
    "ebitdaratio": 0.0186134994,
    "operatingIncome": 731000000,
    "operatingIncomeRatio": 0.0136337356,
    "totalOtherIncomeExpensesNet": -34000000,
    "incomeBeforeTax": 697000000,
    "incomeBeforeTaxRatio": 0.0129996083,
    "incomeTaxExpense": -263000000,
    "netIncome": 903000000,
    "netIncomeRatio": 0.0168416733,
    "eps": 4.35,
    "epsdiluted": 4.33,
    "weightedAverageShsOut": 207000000,
    "weightedAverageShsOutDil": 208000000,
    "link": "https://www.sec.gov/Archives/edgar/data/927653/000092765318000005/0000927653-18-000005-index.htm",
    "finalLink": "https://www.sec.gov/Archives/edgar/data/927653/000092765318000005/mck_10qx12312017.htm"
  },
  {
    "date": "2017-09-30",
    "symbol": "MCK",
    "reportedCurrency": "USD",
    "cik": "0000927653",
    "fillingDate": "2017-10-27",
    "acceptedDate": "2017-10-27 07:11:33",
    "calendarYear": "2018",
    "period": "Q2",
    "revenue": 52061000000,
    "costOfRevenue": 49353000000,
    "grossProfit": 2708000000,
    "grossProfitRatio": 0.0520159044,
    "researchAndDevelopmentExpenses": 0,
    "generalAndAdministrativeExpenses": 0,
    "sellingAndMarketingExpenses": 0,
    "sellingGeneralAndAdministrativeExpenses": 1883000000,
    "otherExpenses": 0,
    "operatingExpenses": 1883000000,
    "costAndExpenses": 51236000000,
    "interestIncome": 0,
    "interestExpense": 69000000,
    "depreciationAndAmortization": 236000000,
    "ebitda": 483000000,
    "ebitdaratio": 0.0092775782,
    "operatingIncome": 825000000,
    "operatingIncomeRatio": 0.0158467951,
    "totalOtherIncomeExpensesNet": -647000000,
    "incomeBeforeTax": 178000000,
    "incomeBeforeTaxRatio": 0.0034190661,
    "incomeTaxExpense": 122000000,
    "netIncome": 1000000,
    "netIncomeRatio": 0.0000192082,
    "eps": 0.01,
    "epsdiluted": 0.01,
    "weightedAverageShsOut": 209000000,
    "weightedAverageShsOutDil": 210000000,
    "link": "https://www.sec.gov/Archives/edgar/data/927653/000092765317000018/0000927653-17-000018-index.htm",
    "finalLink": "https://www.sec.gov/Archives/edgar/data/927653/000092765317000018/mck_10qx09302017.htm"
  },
  {
    "date": "2017-06-30",
    "symbol": "MCK",
    "reportedCurrency": "USD",
    "cik": "0000927653",
    "fillingDate": "2017-07-27",
    "acceptedDate": "2017-07-27 16:05:26",
    "calendarYear": "2018",
    "period": "Q1",
    "revenue": 51051000000,
    "costOfRevenue": 48612000000,
    "grossProfit": 2439000000,
    "grossProfitRatio": 0.0477757537,
    "researchAndDevelopmentExpenses": 0,
    "generalAndAdministrativeExpenses": 0,
    "sellingAndMarketingExpenses": 0,
    "sellingGeneralAndAdministrativeExpenses": 1834000000,
    "otherExpenses": 0,
    "operatingExpenses": 1834000000,
    "costAndExpenses": 50446000000,
    "interestIncome": 0,
    "interestExpense": 68000000,
    "depreciationAndAmortization": 227000000,
    "ebitda": 753000000,
    "ebitdaratio": 0.0147499559,
    "operatingIncome": 605000000,
    "operatingIncomeRatio": 0.0118508942,
    "totalOtherIncomeExpensesNet": -147000000,
    "incomeBeforeTax": 458000000,
    "incomeBeforeTaxRatio": 0.0089714207,
    "incomeTaxExpense": 95000000,
    "netIncome": 307000000,
    "netIncomeRatio": 0.0060135942,
    "eps": 1.46,
    "epsdiluted": 1.45,
    "weightedAverageShsOut": 211000000,
    "weightedAverageShsOutDil": 213000000,
    "link": "https://www.sec.gov/Archives/edgar/data/927653/000092765317000011/0000927653-17-000011-index.htm",
    "finalLink": "https://www.sec.gov/Archives/edgar/data/927653/000092765317000011/mck_10qx06302017.htm"
  },
  {
    "date": "2017-03-31",
    "symbol": "MCK",
    "reportedCurrency": "USD",
    "cik": "0000927653",
    "fillingDate": "2017-05-22",
    "acceptedDate": "2017-05-22 16:43:21",
    "calendarYear": "2017",
    "period": "Q4",
    "revenue": 48713000000,
    "costOfRevenue": 46024000000,
    "grossProfit": 2689000000,
    "grossProfitRatio": 0.0552008704,
    "researchAndDevelopmentExpenses": 0,
    "generalAndAdministrativeExpenses": 0,
    "sellingAndMarketingExpenses": 0,
    "sellingGeneralAndAdministrativeExpenses": 1977000000,
    "otherExpenses": 0,
    "operatingExpenses": 1977000000,
    "costAndExpenses": 48001000000,
    "interestIncome": 0,
    "interestExpense": 77000000,
    "depreciationAndAmortization": 247000000,
    "ebitda": 4982000000,
    "ebitdaratio": 0.102272494,
    "operatingIncome": 712000000,
    "operatingIncomeRatio": 0.0146162215,
    "totalOtherIncomeExpensesNet": 3962000000,
    "incomeBeforeTax": 4674000000,
    "incomeBeforeTaxRatio": 0.0959497465,
    "incomeTaxExpense": 1044000000,
    "netIncome": 3588000000,
    "netIncomeRatio": 0.0736559029,
    "eps": 16.92,
    "epsdiluted": 16.76,
    "weightedAverageShsOut": 212000000,
    "weightedAverageShsOutDil": 214000000,
    "link": "https://www.sec.gov/Archives/edgar/data/927653/000092765317000007/0000927653-17-000007-index.htm",
    "finalLink": "https://www.sec.gov/Archives/edgar/data/927653/000092765317000007/mck_10kx3312017.htm"
  },
  {
    "date": "2016-12-31",
    "symbol": "MCK",
    "reportedCurrency": "USD",
    "cik": "0000927653",
    "fillingDate": "2017-01-26",
    "acceptedDate": "2017-01-26 16:03:34",
    "calendarYear": "2017",
    "period": "Q3",
    "revenue": 50130000000,
    "costOfRevenue": 47420000000,
    "grossProfit": 2710000000,
    "grossProfitRatio": 0.0540594454,
    "researchAndDevelopmentExpenses": 0,
    "generalAndAdministrativeExpenses": 0,
    "sellingAndMarketingExpenses": 0,
    "sellingGeneralAndAdministrativeExpenses": 1803000000,
    "otherExpenses": 0,
    "operatingExpenses": 1803000000,
    "costAndExpenses": 49223000000,
    "interestIncome": 0,
    "interestExpense": 74000000,
    "depreciationAndAmortization": 204000000,
    "ebitda": 1058000000,
    "ebitdaratio": 0.0211051267,
    "operatingIncome": 907000000,
    "operatingIncomeRatio": 0.0180929583,
    "totalOtherIncomeExpensesNet": -127000000,
    "incomeBeforeTax": 780000000,
    "incomeBeforeTaxRatio": 0.0155595452,
    "incomeTaxExpense": 131000000,
    "netIncome": 636000000,
    "netIncomeRatio": 0.0126870138,
    "eps": 2.87,
    "epsdiluted": 2.85,
    "weightedAverageShsOut": 221000000,
    "weightedAverageShsOutDil": 222000000,
    "link": "https://www.sec.gov/Archives/edgar/data/927653/000092765317000003/0000927653-17-000003-index.htm",
    "finalLink": "https://www.sec.gov/Archives/edgar/data/927653/000092765317000003/mck_10qx12312016.htm"
  },
  {
    "date": "2016-09-30",
    "symbol": "MCK",
    "reportedCurrency": "USD",
    "cik": "0000927653",
    "fillingDate": "2016-10-27",
    "acceptedDate": "2016-10-27 16:25:41",
    "calendarYear": "2017",
    "period": "Q2",
    "revenue": 49957000000,
    "costOfRevenue": 47316000000,
    "grossProfit": 2641000000,
    "grossProfitRatio": 0.0528654643,
    "researchAndDevelopmentExpenses": 0,
    "generalAndAdministrativeExpenses": 0,
    "sellingAndMarketingExpenses": 0,
    "sellingGeneralAndAdministrativeExpenses": 1745000000,
    "otherExpenses": 0,
    "operatingExpenses": 1745000000,
    "costAndExpenses": 49061000000,
    "interestIncome": 0,
    "interestExpense": 78000000,
    "depreciationAndAmortization": 217000000,
    "ebitda": 820000000,
    "ebitdaratio": 0.0164141161,
    "operatingIncome": 896000000,
    "operatingIncomeRatio": 0.0179354245,
    "totalOtherIncomeExpensesNet": -371000000,
    "incomeBeforeTax": 525000000,
    "incomeBeforeTaxRatio": 0.0105090378,
    "incomeTaxExpense": 200000000,
    "netIncome": 308000000,
    "netIncomeRatio": 0.0061653022,
    "eps": 1.36,
    "epsdiluted": 1.34,
    "weightedAverageShsOut": 226000000,
    "weightedAverageShsOutDil": 228000000,
    "link": "https://www.sec.gov/Archives/edgar/data/927653/000092765316000031/0000927653-16-000031-index.htm",
    "finalLink": "https://www.sec.gov/Archives/edgar/data/927653/000092765316000031/mck_10qx09302016.htm"
  },
  {
    "date": "2016-06-30",
    "symbol": "MCK",
    "reportedCurrency": "USD",
    "cik": "0000927653",
    "fillingDate": "2016-07-27",
    "acceptedDate": "2016-07-27 16:29:38",
    "calendarYear": "2017",
    "period": "Q1",
    "revenue": 49733000000,
    "costOfRevenue": 46826000000,
    "grossProfit": 2907000000,
    "grossProfitRatio": 0.0584521344,
    "researchAndDevelopmentExpenses": 0,
    "generalAndAdministrativeExpenses": 1935000000,
    "sellingAndMarketingExpenses": 0,
    "sellingGeneralAndAdministrativeExpenses": 1935000000,
    "otherExpenses": 19000000,
    "operatingExpenses": 1935000000,
    "costAndExpenses": 48761000000,
    "interestIncome": 0,
    "interestExpense": 79000000,
    "depreciationAndAmortization": 242000000,
    "ebitda": 1260000000,
    "ebitdaratio": 0.0253352905,
    "operatingIncome": 972000000,
    "operatingIncomeRatio": 0.0195443669,
    "totalOtherIncomeExpensesNet": -60000000,
    "incomeBeforeTax": 912000000,
    "incomeBeforeTaxRatio": 0.0183379245,
    "incomeTaxExpense": 239000000,
    "netIncome": 542000000,
    "netIncomeRatio": 0.0108981964,
    "eps": 2.41,
    "epsdiluted": 2.38,
    "weightedAverageShsOut": 225000000,
    "weightedAverageShsOutDil": 228000000,
    "link": "https://www.sec.gov/Archives/edgar/data/927653/000092765316000024/0000927653-16-000024-index.htm",
    "finalLink": "https://www.sec.gov/Archives/edgar/data/927653/000092765316000024/mck_10qx06302016.htm"
  },
  {
    "date": "2016-03-31",
    "symbol": "MCK",
    "reportedCurrency": "USD",
    "cik": "0000927653",
    "fillingDate": "2016-05-05",
    "acceptedDate": "2016-05-05 16:12:14",
    "calendarYear": "2016",
    "period": "Q4",
    "revenue": 46678000000,
    "costOfRevenue": 43826000000,
    "grossProfit": 2852000000,
    "grossProfitRatio": 0.0610994473,
    "researchAndDevelopmentExpenses": 392000000,
    "generalAndAdministrativeExpenses": 1517000000,
    "sellingAndMarketingExpenses": 392000000,
    "sellingGeneralAndAdministrativeExpenses": 1909000000,
    "otherExpenses": 15000000,
    "operatingExpenses": 1909000000,
    "costAndExpenses": 45735000000,
    "interestIncome": 18000000,
    "interestExpense": 86000000,
    "depreciationAndAmortization": 214000000,
    "ebitda": 1172000000,
    "ebitdaratio": 0.025108188,
    "operatingIncome": 740000000,
    "operatingIncomeRatio": 0.0158532928,
    "totalOtherIncomeExpensesNet": -71000000,
    "incomeBeforeTax": 669000000,
    "incomeBeforeTaxRatio": 0.0143322336,
    "incomeTaxExpense": 204000000,
    "netIncome": 431000000,
    "netIncomeRatio": 0.0092334719,
    "eps": 1.9,
    "epsdiluted": 1.88,
    "weightedAverageShsOut": 227000000,
    "weightedAverageShsOutDil": 229000000,
    "link": "https://www.sec.gov/Archives/edgar/data/927653/000092765316000020/0000927653-16-000020-index.htm",
    "finalLink": "https://www.sec.gov/Archives/edgar/data/927653/000092765316000020/mck_10kx3312016.htm"
  },
  {
    "date": "2015-12-31",
    "symbol": "MCK",
    "reportedCurrency": "USD",
    "cik": "0000927653",
    "fillingDate": "2016-01-27",
    "acceptedDate": "2016-01-27 16:25:21",
    "calendarYear": "2016",
    "period": "Q3",
    "revenue": 47899000000,
    "costOfRevenue": 45027000000,
    "grossProfit": 2872000000,
    "grossProfitRatio": 0.0599594981,
    "researchAndDevelopmentExpenses": 0,
    "generalAndAdministrativeExpenses": 1952000000,
    "sellingAndMarketingExpenses": 0,
    "sellingGeneralAndAdministrativeExpenses": 1952000000,
    "otherExpenses": 13000000,
    "operatingExpenses": 1952000000,
    "costAndExpenses": 46979000000,
    "interestIncome": 0,
    "interestExpense": 87000000,
    "depreciationAndAmortization": 220000000,
    "ebitda": 1194000000,
    "ebitdaratio": 0.0249274515,
    "operatingIncome": 920000000,
    "operatingIncomeRatio": 0.0192070816,
    "totalOtherIncomeExpensesNet": -74000000,
    "incomeBeforeTax": 846000000,
    "incomeBeforeTaxRatio": 0.0176621641,
    "incomeTaxExpense": 204000000,
    "netIncome": 634000000,
    "netIncomeRatio": 0.0132361845,
    "eps": 2.76,
    "epsdiluted": 2.73,
    "weightedAverageShsOut": 230000000,
    "weightedAverageShsOutDil": 232000000,
    "link": "https://www.sec.gov/Archives/edgar/data/927653/000092765316000016/0000927653-16-000016-index.htm",
    "finalLink": "https://www.sec.gov/Archives/edgar/data/927653/000092765316000016/mck_10qx12312015.htm"
  },
  {
    "date": "2015-09-30",
    "symbol": "MCK",
    "reportedCurrency": "USD",
    "cik": "0000927653",
    "fillingDate": "2015-10-29",
    "acceptedDate": "2015-10-29 16:05:50",
    "calendarYear": "2016",
    "period": "Q2",
    "revenue": 48761000000,
    "costOfRevenue": 45917000000,
    "grossProfit": 2844000000,
    "grossProfitRatio": 0.058325301,
    "researchAndDevelopmentExpenses": 0,
    "generalAndAdministrativeExpenses": 1890000000,
    "sellingAndMarketingExpenses": 0,
    "sellingGeneralAndAdministrativeExpenses": 1890000000,
    "otherExpenses": 17000000,
    "operatingExpenses": 1890000000,
    "costAndExpenses": 47807000000,
    "interestIncome": 0,
    "interestExpense": 91000000,
    "depreciationAndAmortization": 222000000,
    "ebitda": 1209000000,
    "ebitdaratio": 0.0247944054,
    "operatingIncome": 954000000,
    "operatingIncomeRatio": 0.0195648161,
    "totalOtherIncomeExpensesNet": -74000000,
    "incomeBeforeTax": 880000000,
    "incomeBeforeTaxRatio": 0.0180472099,
    "incomeTaxExpense": 244000000,
    "netIncome": 617000000,
    "netIncomeRatio": 0.0126535551,
    "eps": 2.66,
    "epsdiluted": 2.63,
    "weightedAverageShsOut": 232000000,
    "weightedAverageShsOutDil": 235000000,
    "link": "https://www.sec.gov/Archives/edgar/data/927653/000092765315000013/0000927653-15-000013-index.htm",
    "finalLink": "https://www.sec.gov/Archives/edgar/data/927653/000092765315000013/mck_10qx09302015.htm"
  },
  {
    "date": "2015-06-30",
    "symbol": "MCK",
    "reportedCurrency": "USD",
    "cik": "0000927653",
    "fillingDate": "2015-07-29",
    "acceptedDate": "2015-07-29 16:26:47",
    "calendarYear": "2016",
    "period": "Q1",
    "revenue": 47546000000,
    "costOfRevenue": 44698000000,
    "grossProfit": 2848000000,
    "grossProfitRatio": 0.0598998864,
    "researchAndDevelopmentExpenses": 0,
    "generalAndAdministrativeExpenses": 1917000000,
    "sellingAndMarketingExpenses": 0,
    "sellingGeneralAndAdministrativeExpenses": 1917000000,
    "otherExpenses": 13000000,
    "operatingExpenses": 1917000000,
    "costAndExpenses": 46615000000,
    "interestIncome": 0,
    "interestExpense": 89000000,
    "depreciationAndAmortization": 229000000,
    "ebitda": 1151000000,
    "ebitdaratio": 0.0242081353,
    "operatingIncome": 931000000,
    "operatingIncomeRatio": 0.0195810373,
    "totalOtherIncomeExpensesNet": -76000000,
    "incomeBeforeTax": 855000000,
    "incomeBeforeTaxRatio": 0.0179825853,
    "incomeTaxExpense": 256000000,
    "netIncome": 576000000,
    "netIncomeRatio": 0.0121145838,
    "eps": 2.49,
    "epsdiluted": 2.45,
    "weightedAverageShsOut": 232000000,
    "weightedAverageShsOutDil": 235000000,
    "link": "https://www.sec.gov/Archives/edgar/data/927653/000092765315000006/0000927653-15-000006-index.htm",
    "finalLink": "https://www.sec.gov/Archives/edgar/data/927653/000092765315000006/mck_10qx06302015.htm"
  },
  {
    "date": "2015-03-31",
    "symbol": "MCK",
    "reportedCurrency": "USD",
    "cik": "0000927653",
    "fillingDate": "2015-05-12",
    "acceptedDate": "2015-05-12 16:56:22",
    "calendarYear": "2015",
    "period": "Q4",
    "revenue": 44925000000,
    "costOfRevenue": 42008000000,
    "grossProfit": 2917000000,
    "grossProfitRatio": 0.0649304396,
    "researchAndDevelopmentExpenses": 392000000,
    "generalAndAdministrativeExpenses": 1495000000,
    "sellingAndMarketingExpenses": 572000000,
    "sellingGeneralAndAdministrativeExpenses": 2067000000,
    "otherExpenses": 10000000,
    "operatingExpenses": 2067000000,
    "costAndExpenses": 44075000000,
    "interestIncome": 20000000,
    "interestExpense": 90000000,
    "depreciationAndAmortization": 224000000,
    "ebitda": 942000000,
    "ebitdaratio": 0.0209682805,
    "operatingIncome": 700000000,
    "operatingIncomeRatio": 0.0155815248,
    "totalOtherIncomeExpensesNet": -92000000,
    "incomeBeforeTax": 620000000,
    "incomeBeforeTaxRatio": 0.0138007791,
    "incomeTaxExpense": 209000000,
    "netIncome": 132000000,
    "netIncomeRatio": 0.0029382304,
    "eps": 0.57,
    "epsdiluted": 0.56,
    "weightedAverageShsOut": 232000000,
    "weightedAverageShsOutDil": 236000000,
    "link": "https://www.sec.gov/Archives/edgar/data/927653/000162828015004098/0001628280-15-004098-index.htm",
    "finalLink": "https://www.sec.gov/Archives/edgar/data/927653/000162828015004098/mck_10kx3312015.htm"
  },
  {
    "date": "2014-12-31",
    "symbol": "MCK",
    "reportedCurrency": "USD",
    "cik": "0000927653",
    "fillingDate": "2015-02-05",
    "acceptedDate": "2015-02-05 16:43:42",
    "calendarYear": "2015",
    "period": "Q3",
    "revenue": 47005000000,
    "costOfRevenue": 44063000000,
    "grossProfit": 2942000000,
    "grossProfitRatio": 0.0625890863,
    "researchAndDevelopmentExpenses": 0,
    "generalAndAdministrativeExpenses": 2162000000,
    "sellingAndMarketingExpenses": 0,
    "sellingGeneralAndAdministrativeExpenses": 2162000000,
    "otherExpenses": 13000000,
    "operatingExpenses": 2162000000,
    "costAndExpenses": 46225000000,
    "interestIncome": 0,
    "interestExpense": 97000000,
    "depreciationAndAmortization": 250000000,
    "ebitda": 1073000000,
    "ebitdaratio": 0.0228273588,
    "operatingIncome": 780000000,
    "operatingIncomeRatio": 0.0165939794,
    "totalOtherIncomeExpensesNet": -81000000,
    "incomeBeforeTax": 696000000,
    "incomeBeforeTaxRatio": 0.0148069354,
    "incomeTaxExpense": 183000000,
    "netIncome": 472000000,
    "netIncomeRatio": 0.0100414849,
    "eps": 2.03,
    "epsdiluted": 2,
    "weightedAverageShsOut": 232000000,
    "weightedAverageShsOutDil": 236000000,
    "link": "https://www.sec.gov/Archives/edgar/data/927653/000162828015000491/0001628280-15-000491-index.htm",
    "finalLink": "https://www.sec.gov/Archives/edgar/data/927653/000162828015000491/mck_10qx12312014.htm"
  },
  {
    "date": "2014-09-30",
    "symbol": "MCK",
    "reportedCurrency": "USD",
    "cik": "0000927653",
    "fillingDate": "2014-10-28",
    "acceptedDate": "2014-10-28 16:42:17",
    "calendarYear": "2015",
    "period": "Q2",
    "revenue": 44758000000,
    "costOfRevenue": 41835000000,
    "grossProfit": 2923000000,
    "grossProfitRatio": 0.0653067608,
    "researchAndDevelopmentExpenses": 0,
    "generalAndAdministrativeExpenses": 2135000000,
    "sellingAndMarketingExpenses": 0,
    "sellingGeneralAndAdministrativeExpenses": 2135000000,
    "otherExpenses": 0,
    "operatingExpenses": 2135000000,
    "costAndExpenses": 43970000000,
    "interestIncome": 0,
    "interestExpense": 99000000,
    "depreciationAndAmortization": 259000000,
    "ebitda": 1075000000,
    "ebitdaratio": 0.0240180526,
    "operatingIncome": 788000000,
    "operatingIncomeRatio": 0.0176057911,
    "totalOtherIncomeExpensesNet": -73000000,
    "incomeBeforeTax": 713000000,
    "incomeBeforeTaxRatio": 0.0159301131,
    "incomeTaxExpense": 222000000,
    "netIncome": 469000000,
    "netIncomeRatio": 0.0104785737,
    "eps": 2.02,
    "epsdiluted": 1.99,
    "weightedAverageShsOut": 232000000,
    "weightedAverageShsOutDil": 235000000,
    "link": "https://www.sec.gov/Archives/edgar/data/927653/000144530514004514/0001445305-14-004514-index.htm",
    "finalLink": "https://www.sec.gov/Archives/edgar/data/927653/000144530514004514/mck_10qx09302014.htm"
  },
  {
    "date": "2014-06-30",
    "symbol": "MCK",
    "reportedCurrency": "USD",
    "cik": "0000927653",
    "fillingDate": "2014-07-31",
    "acceptedDate": "2014-07-31 16:17:18",
    "calendarYear": "2015",
    "period": "Q1",
    "revenue": 44058000000,
    "costOfRevenue": 41261000000,
    "grossProfit": 2797000000,
    "grossProfitRatio": 0.0634844977,
    "researchAndDevelopmentExpenses": 0,
    "generalAndAdministrativeExpenses": 2109000000,
    "sellingAndMarketingExpenses": 0,
    "sellingGeneralAndAdministrativeExpenses": 2109000000,
    "otherExpenses": 20000000,
    "operatingExpenses": 2109000000,
    "costAndExpenses": 43370000000,
    "interestIncome": 0,
    "interestExpense": 101000000,
    "depreciationAndAmortization": 284000000,
    "ebitda": 1010000000,
    "ebitdaratio": 0.022924327,
    "operatingIncome": 688000000,
    "operatingIncomeRatio": 0.0156157792,
    "totalOtherIncomeExpensesNet": -77000000,
    "incomeBeforeTax": 607000000,
    "incomeBeforeTaxRatio": 0.0137772936,
    "incomeTaxExpense": 182000000,
    "netIncome": 403000000,
    "netIncomeRatio": 0.0091470335,
    "eps": 1.75,
    "epsdiluted": 1.72,
    "weightedAverageShsOut": 231000000,
    "weightedAverageShsOutDil": 235000000,
    "link": "https://www.sec.gov/Archives/edgar/data/927653/000144530514003299/0001445305-14-003299-index.htm",
    "finalLink": "https://www.sec.gov/Archives/edgar/data/927653/000144530514003299/mck_10qx06302014.htm"
  },
  {
    "date": "2014-03-31",
    "symbol": "MCK",
    "reportedCurrency": "USD",
    "cik": "0000927653",
    "fillingDate": "2014-05-14",
    "acceptedDate": "2014-05-13 21:41:08",
    "calendarYear": "2014",
    "period": "Q4",
    "revenue": 38141000000,
    "costOfRevenue": 35601000000,
    "grossProfit": 2540000000,
    "grossProfitRatio": 0.0665950028,
    "researchAndDevelopmentExpenses": 456000000,
    "generalAndAdministrativeExpenses": 1528000000,
    "sellingAndMarketingExpenses": 456000000,
    "sellingGeneralAndAdministrativeExpenses": 1984000000,
    "otherExpenses": 25000000,
    "operatingExpenses": 1984000000,
    "costAndExpenses": 37585000000,
    "interestIncome": 23000000,
    "interestExpense": 116000000,
    "depreciationAndAmortization": 229000000,
    "ebitda": 810000000,
    "ebitdaratio": 0.0212369891,
    "operatingIncome": 556000000,
    "operatingIncomeRatio": 0.0145774888,
    "totalOtherIncomeExpensesNet": -91000000,
    "incomeBeforeTax": 465000000,
    "incomeBeforeTaxRatio": 0.0121916048,
    "incomeTaxExpense": 103000000,
    "netIncome": 371000000,
    "netIncomeRatio": 0.0097270654,
    "eps": 1.61,
    "epsdiluted": 1.58,
    "weightedAverageShsOut": 230000000,
    "weightedAverageShsOutDil": 235000000,
    "link": "https://www.sec.gov/Archives/edgar/data/927653/000144530514002132/0001445305-14-002132-index.htm",
    "finalLink": "https://www.sec.gov/Archives/edgar/data/927653/000144530514002132/mck_10kx3312014.htm"
  },
  {
    "date": "2013-12-31",
    "symbol": "MCK",
    "reportedCurrency": "USD",
    "cik": "0000927653",
    "fillingDate": "2014-01-30",
    "acceptedDate": "2014-01-30 16:21:45",
    "calendarYear": "2014",
    "period": "Q3",
    "revenue": 34306000000,
    "costOfRevenue": 32466000000,
    "grossProfit": 1840000000,
    "grossProfitRatio": 0.0536349327,
    "researchAndDevelopmentExpenses": 0,
    "generalAndAdministrativeExpenses": 1337000000,
    "sellingAndMarketingExpenses": 0,
    "sellingGeneralAndAdministrativeExpenses": 1337000000,
    "otherExpenses": -8000000,
    "operatingExpenses": 1337000000,
    "costAndExpenses": 33803000000,
    "interestIncome": 0,
    "interestExpense": 69000000,
    "depreciationAndAmortization": 159000000,
    "ebitda": 654000000,
    "ebitdaratio": 0.0190637206,
    "operatingIncome": 485000000,
    "operatingIncomeRatio": 0.0141374687,
    "totalOtherIncomeExpensesNet": -75000000,
    "incomeBeforeTax": 408000000,
    "incomeBeforeTaxRatio": 0.0118929633,
    "incomeTaxExpense": 252000000,
    "netIncome": 64000000,
    "netIncomeRatio": 0.0018655629,
    "eps": 0.28,
    "epsdiluted": 0.28,
    "weightedAverageShsOut": 230000000,
    "weightedAverageShsOutDil": 234000000,
    "link": "https://www.sec.gov/Archives/edgar/data/927653/000144530514000159/0001445305-14-000159-index.htm",
    "finalLink": "https://www.sec.gov/Archives/edgar/data/927653/000144530514000159/mck_10qx12312013.htm"
  },
  {
    "date": "2013-09-30",
    "symbol": "MCK",
    "reportedCurrency": "USD",
    "cik": "0000927653",
    "fillingDate": "2013-10-24",
    "acceptedDate": "2013-10-24 16:40:22",
    "calendarYear": "2014",
    "period": "Q2",
    "revenue": 32954000000,
    "costOfRevenue": 30945000000,
    "grossProfit": 2009000000,
    "grossProfitRatio": 0.0609637677,
    "researchAndDevelopmentExpenses": 0,
    "generalAndAdministrativeExpenses": 1295000000,
    "sellingAndMarketingExpenses": 0,
    "sellingGeneralAndAdministrativeExpenses": 1295000000,
    "otherExpenses": 9000000,
    "operatingExpenses": 1295000000,
    "costAndExpenses": 32240000000,
    "interestIncome": 0,
    "interestExpense": 59000000,
    "depreciationAndAmortization": 162000000,
    "ebitda": 904000000,
    "ebitdaratio": 0.0274321782,
    "operatingIncome": 679000000,
    "operatingIncomeRatio": 0.020604479,
    "totalOtherIncomeExpensesNet": -50000000,
    "incomeBeforeTax": 629000000,
    "incomeBeforeTaxRatio": 0.0190872125,
    "incomeTaxExpense": 213000000,
    "netIncome": 404000000,
    "netIncomeRatio": 0.0122595133,
    "eps": 1.76,
    "epsdiluted": 1.74,
    "weightedAverageShsOut": 229000000,
    "weightedAverageShsOutDil": 233000000,
    "link": "https://www.sec.gov/Archives/edgar/data/927653/000144530513002484/0001445305-13-002484-index.htm",
    "finalLink": "https://www.sec.gov/Archives/edgar/data/927653/000144530513002484/mck_10qx09302013.htm"
  },
  {
    "date": "2013-06-30",
    "symbol": "MCK",
    "reportedCurrency": "USD",
    "cik": "0000927653",
    "fillingDate": "2013-07-25",
    "acceptedDate": "2013-07-25 16:23:03",
    "calendarYear": "2014",
    "period": "Q1",
    "revenue": 32208000000,
    "costOfRevenue": 30288000000,
    "grossProfit": 1920000000,
    "grossProfitRatio": 0.0596125186,
    "researchAndDevelopmentExpenses": 0,
    "generalAndAdministrativeExpenses": 1258000000,
    "sellingAndMarketingExpenses": 0,
    "sellingGeneralAndAdministrativeExpenses": 1258000000,
    "otherExpenses": 6000000,
    "operatingExpenses": 1258000000,
    "costAndExpenses": 31546000000,
    "interestIncome": 0,
    "interestExpense": 59000000,
    "depreciationAndAmortization": 154000000,
    "ebitda": 823000000,
    "ebitdaratio": 0.0255526577,
    "operatingIncome": 647000000,
    "operatingIncomeRatio": 0.0200881769,
    "totalOtherIncomeExpensesNet": -53000000,
    "incomeBeforeTax": 594000000,
    "incomeBeforeTaxRatio": 0.018442623,
    "incomeTaxExpense": 174000000,
    "netIncome": 424000000,
    "netIncomeRatio": 0.0131644312,
    "eps": 1.86,
    "epsdiluted": 1.83,
    "weightedAverageShsOut": 227000000,
    "weightedAverageShsOutDil": 232000000,
    "link": "https://www.sec.gov/Archives/edgar/data/927653/000156178713000013/0001561787-13-000013-index.htm",
    "finalLink": "https://www.sec.gov/Archives/edgar/data/927653/000156178713000013/mck_10qx06302013.htm"
  },
  {
    "date": "2013-03-31",
    "symbol": "MCK",
    "reportedCurrency": "USD",
    "cik": "0000927653",
    "fillingDate": "2013-05-07",
    "acceptedDate": "2013-05-07 16:33:17",
    "calendarYear": "2013",
    "period": "Q4",
    "revenue": 30620000000,
    "costOfRevenue": 28624000000,
    "grossProfit": 1996000000,
    "grossProfitRatio": 0.0651861528,
    "researchAndDevelopmentExpenses": 433000000,
    "generalAndAdministrativeExpenses": 864000000,
    "sellingAndMarketingExpenses": 0,
    "sellingGeneralAndAdministrativeExpenses": 864000000,
    "otherExpenses": -18000000,
    "operatingExpenses": 1344000000,
    "costAndExpenses": 29968000000,
    "interestIncome": 22000000,
    "interestExpense": 70000000,
    "depreciationAndAmortization": 163000000,
    "ebitda": 619000000,
    "ebitdaratio": 0.0202155454,
    "operatingIncome": 640000000,
    "operatingIncomeRatio": 0.0209013717,
    "totalOtherIncomeExpensesNet": -254000000,
    "incomeBeforeTax": 386000000,
    "incomeBeforeTaxRatio": 0.0126061398,
    "incomeTaxExpense": 127000000,
    "netIncome": 259000000,
    "netIncomeRatio": 0.0084585238,
    "eps": 1.14,
    "epsdiluted": 1.14,
    "weightedAverageShsOut": 227000000,
    "weightedAverageShsOutDil": 227000000,
    "link": "https://www.sec.gov/Archives/edgar/data/927653/000156178713000010/0001561787-13-000010-index.htm",
    "finalLink": "https://www.sec.gov/Archives/edgar/data/927653/000156178713000010/mck_10kx3312013.htm"
  },
  {
    "date": "2012-12-31",
    "symbol": "MCK",
    "reportedCurrency": "USD",
    "cik": "0000927653",
    "fillingDate": "2013-01-31",
    "acceptedDate": "2013-01-31 16:21:52",
    "calendarYear": "2013",
    "period": "Q3",
    "revenue": 31187000000,
    "costOfRevenue": 29519000000,
    "grossProfit": 1668000000,
    "grossProfitRatio": 0.0534838234,
    "researchAndDevelopmentExpenses": 0,
    "generalAndAdministrativeExpenses": 1183000000,
    "sellingAndMarketingExpenses": 0,
    "sellingGeneralAndAdministrativeExpenses": 1183000000,
    "otherExpenses": 10000000,
    "operatingExpenses": 1183000000,
    "costAndExpenses": 30702000000,
    "interestIncome": 0,
    "interestExpense": 59000000,
    "depreciationAndAmortization": 146000000,
    "ebitda": 639000000,
    "ebitdaratio": 0.0204893064,
    "operatingIncome": 485000000,
    "operatingIncomeRatio": 0.0155513515,
    "totalOtherIncomeExpensesNet": -49000000,
    "incomeBeforeTax": 436000000,
    "incomeBeforeTaxRatio": 0.0139801841,
    "incomeTaxExpense": 138000000,
    "netIncome": 298000000,
    "netIncomeRatio": 0.0095552634,
    "eps": 1.27,
    "epsdiluted": 1.24,
    "weightedAverageShsOut": 235000000,
    "weightedAverageShsOutDil": 240000000,
    "link": "https://www.sec.gov/Archives/edgar/data/927653/000156178713000004/0001561787-13-000004-index.htm",
    "finalLink": "https://www.sec.gov/Archives/edgar/data/927653/000156178713000004/mck_10qx12312012.htm"
  },
  {
    "date": "2012-09-30",
    "symbol": "MCK",
    "reportedCurrency": "USD",
    "cik": "0000927653",
    "fillingDate": "2012-10-25",
    "acceptedDate": "2012-10-25 16:12:17",
    "calendarYear": "2013",
    "period": "Q2",
    "revenue": 29850000000,
    "costOfRevenue": 28130000000,
    "grossProfit": 1720000000,
    "grossProfitRatio": 0.0576214405,
    "researchAndDevelopmentExpenses": 0,
    "generalAndAdministrativeExpenses": 1065000000,
    "sellingAndMarketingExpenses": 0,
    "sellingGeneralAndAdministrativeExpenses": 1065000000,
    "otherExpenses": 0,
    "operatingExpenses": 1065000000,
    "costAndExpenses": 29195000000,
    "interestIncome": 0,
    "interestExpense": 55000000,
    "depreciationAndAmortization": 142000000,
    "ebitda": 743000000,
    "ebitdaratio": 0.0248911223,
    "operatingIncome": 611000000,
    "operatingIncomeRatio": 0.0204690117,
    "totalOtherIncomeExpensesNet": -45000000,
    "incomeBeforeTax": 566000000,
    "incomeBeforeTaxRatio": 0.018961474,
    "incomeTaxExpense": 165000000,
    "netIncome": 401000000,
    "netIncomeRatio": 0.0134338358,
    "eps": 1.7,
    "epsdiluted": 1.67,
    "weightedAverageShsOut": 236000000,
    "weightedAverageShsOutDil": 240000000,
    "link": "https://www.sec.gov/Archives/edgar/data/927653/000155880312000004/0001558803-12-000004-index.htm",
    "finalLink": "https://www.sec.gov/Archives/edgar/data/927653/000155880312000004/mck_10qx9302012.htm"
  },
  {
    "date": "2012-06-30",
    "symbol": "MCK",
    "reportedCurrency": "USD",
    "cik": "0000927653",
    "fillingDate": "2012-07-26",
    "acceptedDate": "2012-07-26 16:23:16",
    "calendarYear": "2013",
    "period": "Q1",
    "revenue": 30798000000,
    "costOfRevenue": 29198000000,
    "grossProfit": 1600000000,
    "grossProfitRatio": 0.0519514254,
    "researchAndDevelopmentExpenses": 0,
    "generalAndAdministrativeExpenses": 1086000000,
    "sellingAndMarketingExpenses": 0,
    "sellingGeneralAndAdministrativeExpenses": 1086000000,
    "otherExpenses": -81000000,
    "operatingExpenses": 1005000000,
    "costAndExpenses": 30203000000,
    "interestIncome": 0,
    "interestExpense": 56000000,
    "depreciationAndAmortization": 140000000,
    "ebitda": 709000000,
    "ebitdaratio": 0.0230209754,
    "operatingIncome": 579000000,
    "operatingIncomeRatio": 0.0187999221,
    "totalOtherIncomeExpensesNet": -45000000,
    "incomeBeforeTax": 531000000,
    "incomeBeforeTaxRatio": 0.0172413793,
    "incomeTaxExpense": 151000000,
    "netIncome": 380000000,
    "netIncomeRatio": 0.0123384635,
    "eps": 1.61,
    "epsdiluted": 1.58,
    "weightedAverageShsOut": 236000000,
    "weightedAverageShsOutDil": 240000000,
    "link": "https://www.sec.gov/Archives/edgar/data/927653/000119312512316890/0001193125-12-316890-index.htm",
    "finalLink": "https://www.sec.gov/Archives/edgar/data/927653/000119312512316890/d371102d10q.htm"
  },
  {
    "date": "2012-03-31",
    "symbol": "MCK",
    "reportedCurrency": "USD",
    "cik": "0000927653",
    "fillingDate": "2012-05-02",
    "acceptedDate": "2012-05-02 16:33:22",
    "calendarYear": "2012",
    "period": "Q4",
    "revenue": 31699000000,
    "costOfRevenue": 29854000000,
    "grossProfit": 1845000000,
    "grossProfitRatio": 0.0582037288,
    "researchAndDevelopmentExpenses": 440000000,
    "generalAndAdministrativeExpenses": 694000000,
    "sellingAndMarketingExpenses": 0,
    "sellingGeneralAndAdministrativeExpenses": 694000000,
    "otherExpenses": 0,
    "operatingExpenses": 1134000000,
    "costAndExpenses": 30988000000,
    "interestIncome": 19000000,
    "interestExpense": 59000000,
    "depreciationAndAmortization": 143000000,
    "ebitda": 859000000,
    "ebitdaratio": 0.0270986466,
    "operatingIncome": 707000000,
    "operatingIncomeRatio": 0.0223035427,
    "totalOtherIncomeExpensesNet": -50000000,
    "incomeBeforeTax": 657000000,
    "incomeBeforeTaxRatio": 0.0207262059,
    "incomeTaxExpense": 136000000,
    "netIncome": 521000000,
    "netIncomeRatio": 0.0164358497,
    "eps": 2.21,
    "epsdiluted": 2.21,
    "weightedAverageShsOut": 236000000,
    "weightedAverageShsOutDil": 236000000,
    "link": "https://www.sec.gov/Archives/edgar/data/927653/000119312512204736/0001193125-12-204736-index.htm",
    "finalLink": "https://www.sec.gov/Archives/edgar/data/927653/000119312512204736/d318930d10k.htm"
  },
  {
    "date": "2011-12-31",
    "symbol": "MCK",
    "reportedCurrency": "USD",
    "cik": "0000927653",
    "fillingDate": "2012-01-30",
    "acceptedDate": "2012-01-30 16:47:07",
    "calendarYear": "2012",
    "period": "Q3",
    "revenue": 30839000000,
    "costOfRevenue": 29273000000,
    "grossProfit": 1566000000,
    "grossProfitRatio": 0.0507798567,
    "researchAndDevelopmentExpenses": 0,
    "generalAndAdministrativeExpenses": 1047000000,
    "sellingAndMarketingExpenses": 0,
    "sellingGeneralAndAdministrativeExpenses": 1047000000,
    "otherExpenses": 0,
    "operatingExpenses": 1047000000,
    "costAndExpenses": 30320000000,
    "interestIncome": 0,
    "interestExpense": 64000000,
    "depreciationAndAmortization": 137000000,
    "ebitda": 627000000,
    "ebitdaratio": 0.0203313986,
    "operatingIncome": 492000000,
    "operatingIncomeRatio": 0.0159538247,
    "totalOtherIncomeExpensesNet": -66000000,
    "incomeBeforeTax": 426000000,
    "incomeBeforeTaxRatio": 0.0138136775,
    "incomeTaxExpense": 126000000,
    "netIncome": 300000000,
    "netIncomeRatio": 0.0097279419,
    "eps": 1.22,
    "epsdiluted": 1.2,
    "weightedAverageShsOut": 246000000,
    "weightedAverageShsOutDil": 251000000,
    "link": "https://www.sec.gov/Archives/edgar/data/927653/000119312512029656/0001193125-12-029656-index.htm",
    "finalLink": "https://www.sec.gov/Archives/edgar/data/927653/000119312512029656/d280827d10q.htm"
  },
  {
    "date": "2011-09-30",
    "symbol": "MCK",
    "reportedCurrency": "USD",
    "cik": "0000927653",
    "fillingDate": "2011-10-25",
    "acceptedDate": "2011-10-25 16:32:36",
    "calendarYear": "2012",
    "period": "Q2",
    "revenue": 30216000000,
    "costOfRevenue": 28569000000,
    "grossProfit": 1647000000,
    "grossProfitRatio": 0.0545075457,
    "researchAndDevelopmentExpenses": 0,
    "generalAndAdministrativeExpenses": 1051000000,
    "sellingAndMarketingExpenses": 0,
    "sellingGeneralAndAdministrativeExpenses": 1051000000,
    "otherExpenses": 0,
    "operatingExpenses": 1051000000,
    "costAndExpenses": 29620000000,
    "interestIncome": 0,
    "interestExpense": 64000000,
    "depreciationAndAmortization": 136000000,
    "ebitda": 620000000,
    "ebitdaratio": 0.0205189304,
    "operatingIncome": 478000000,
    "operatingIncomeRatio": 0.0158194334,
    "totalOtherIncomeExpensesNet": -58000000,
    "incomeBeforeTax": 420000000,
    "incomeBeforeTaxRatio": 0.0138999206,
    "incomeTaxExpense": 124000000,
    "netIncome": 296000000,
    "netIncomeRatio": 0.0097961345,
    "eps": 1.2,
    "epsdiluted": 1.18,
    "weightedAverageShsOut": 246000000,
    "weightedAverageShsOutDil": 250000000,
    "link": "https://www.sec.gov/Archives/edgar/data/927653/000119312511280331/0001193125-11-280331-index.htm",
    "finalLink": "https://www.sec.gov/Archives/edgar/data/927653/000119312511280331/d241473d10q.htm"
  },
  {
    "date": "2011-06-30",
    "symbol": "MCK",
    "reportedCurrency": "USD",
    "cik": "0000927653",
    "fillingDate": "2011-07-28",
    "acceptedDate": "2011-07-28 16:24:57",
    "calendarYear": "2012",
    "period": "Q1",
    "revenue": 29980000000,
    "costOfRevenue": 28471000000,
    "grossProfit": 1509000000,
    "grossProfitRatio": 0.0503335557,
    "researchAndDevelopmentExpenses": 0,
    "generalAndAdministrativeExpenses": 1037000000,
    "sellingAndMarketingExpenses": 0,
    "sellingGeneralAndAdministrativeExpenses": 1037000000,
    "otherExpenses": 0,
    "operatingExpenses": 1037000000,
    "costAndExpenses": 29508000000,
    "interestIncome": 0,
    "interestExpense": 64000000,
    "depreciationAndAmortization": 135000000,
    "ebitda": 615000000,
    "ebitdaratio": 0.0205136758,
    "operatingIncome": 472000000,
    "operatingIncomeRatio": 0.0157438292,
    "totalOtherIncomeExpensesNet": -56000000,
    "incomeBeforeTax": 416000000,
    "incomeBeforeTaxRatio": 0.0138759173,
    "incomeTaxExpense": 130000000,
    "netIncome": 286000000,
    "netIncomeRatio": 0.0095396931,
    "eps": 1.15,
    "epsdiluted": 1.13,
    "weightedAverageShsOut": 249000000,
    "weightedAverageShsOutDil": 254000000,
    "link": "https://www.sec.gov/Archives/edgar/data/927653/000095012311069615/0000950123-11-069615-index.htm",
    "finalLink": "https://www.sec.gov/Archives/edgar/data/927653/000095012311069615/f59251e10vq.htm"
  },
  {
    "date": "2011-03-31",
    "symbol": "MCK",
    "reportedCurrency": "USD",
    "cik": "0000927653",
    "fillingDate": "2011-05-05",
    "acceptedDate": "2011-05-05 16:02:58",
    "calendarYear": "2011",
    "period": "Q4",
    "revenue": 28853000000,
    "costOfRevenue": 27102000000,
    "grossProfit": 1751000000,
    "grossProfitRatio": 0.0606869303,
    "researchAndDevelopmentExpenses": 407000000,
    "generalAndAdministrativeExpenses": 508000000,
    "sellingAndMarketingExpenses": 0,
    "sellingGeneralAndAdministrativeExpenses": 508000000,
    "otherExpenses": 0,
    "operatingExpenses": 915000000,
    "costAndExpenses": 28017000000,
    "interestIncome": 0,
    "interestExpense": 82000000,
    "depreciationAndAmortization": -213000000,
    "ebitda": 640000000,
    "ebitdaratio": 0.0221814023,
    "operatingIncome": 623000000,
    "operatingIncomeRatio": 0.0215922088,
    "totalOtherIncomeExpensesNet": -65000000,
    "incomeBeforeTax": 558000000,
    "incomeBeforeTaxRatio": 0.0193394101,
    "incomeTaxExpense": 136000000,
    "netIncome": 422000000,
    "netIncomeRatio": 0.0146258621,
    "eps": 1.69,
    "epsdiluted": 1.69,
    "weightedAverageShsOut": 249000000,
    "weightedAverageShsOutDil": 249000000,
    "link": "https://www.sec.gov/Archives/edgar/data/927653/000095012311045634/0000950123-11-045634-index.htm",
    "finalLink": "https://www.sec.gov/Archives/edgar/data/927653/000095012311045634/f56549e10vk.htm"
  },
  {
    "date": "2010-12-31",
    "symbol": "MCK",
    "reportedCurrency": "USD",
    "cik": "0000927653",
    "fillingDate": "2011-02-01",
    "acceptedDate": "2011-02-01 17:10:46",
    "calendarYear": "2011",
    "period": "Q3",
    "revenue": 28247000000,
    "costOfRevenue": 26786000000,
    "grossProfit": 1461000000,
    "grossProfitRatio": 0.0517223068,
    "researchAndDevelopmentExpenses": 0,
    "generalAndAdministrativeExpenses": 965000000,
    "sellingAndMarketingExpenses": 0,
    "sellingGeneralAndAdministrativeExpenses": 965000000,
    "otherExpenses": 0,
    "operatingExpenses": 965000000,
    "costAndExpenses": 27751000000,
    "interestIncome": 0,
    "interestExpense": 53000000,
    "depreciationAndAmortization": 114000000,
    "ebitda": 428000000,
    "ebitdaratio": 0.0151520515,
    "operatingIncome": 307000000,
    "operatingIncomeRatio": 0.0108684108,
    "totalOtherIncomeExpensesNet": -46000000,
    "incomeBeforeTax": 261000000,
    "incomeBeforeTaxRatio": 0.0092399193,
    "incomeTaxExpense": 106000000,
    "netIncome": 155000000,
    "netIncomeRatio": 0.0054873084,
    "eps": 0.61,
    "epsdiluted": 0.6,
    "weightedAverageShsOut": 254000000,
    "weightedAverageShsOutDil": 258000000,
    "link": "https://www.sec.gov/Archives/edgar/data/927653/000095012311007913/0000950123-11-007913-index.htm",
    "finalLink": "https://www.sec.gov/Archives/edgar/data/927653/000095012311007913/f57361e10vq.htm"
  },
  {
    "date": "2010-09-30",
    "symbol": "MCK",
    "reportedCurrency": "USD",
    "cik": "0000927653",
    "fillingDate": "2010-10-26",
    "acceptedDate": "2010-10-26 16:24:48",
    "calendarYear": "2011",
    "period": "Q2",
    "revenue": 27534000000,
    "costOfRevenue": 26168000000,
    "grossProfit": 1366000000,
    "grossProfitRatio": 0.0496113896,
    "researchAndDevelopmentExpenses": 0,
    "generalAndAdministrativeExpenses": 925000000,
    "sellingAndMarketingExpenses": 24000000,
    "sellingGeneralAndAdministrativeExpenses": 949000000,
    "otherExpenses": 0,
    "operatingExpenses": 949000000,
    "costAndExpenses": 27117000000,
    "interestIncome": 0,
    "interestExpense": 44000000,
    "depreciationAndAmortization": 118000000,
    "ebitda": 538000000,
    "ebitdaratio": 0.0195394785,
    "operatingIncome": 417000000,
    "operatingIncomeRatio": 0.0151449117,
    "totalOtherIncomeExpensesNet": -41000000,
    "incomeBeforeTax": 376000000,
    "incomeBeforeTaxRatio": 0.0136558437,
    "incomeTaxExpense": 121000000,
    "netIncome": 327000000,
    "netIncomeRatio": 0.0118762258,
    "eps": 1.27,
    "epsdiluted": 1.25,
    "weightedAverageShsOut": 258000000,
    "weightedAverageShsOutDil": 262000000,
    "link": "https://www.sec.gov/Archives/edgar/data/927653/000095012310096135/0000950123-10-096135-index.htm",
    "finalLink": "https://www.sec.gov/Archives/edgar/data/927653/000095012310096135/f56548e10vq.htm"
  },
  {
    "date": "2010-06-30",
    "symbol": "MCK",
    "reportedCurrency": "USD",
    "cik": "0000927653",
    "fillingDate": "2010-07-30",
    "acceptedDate": "2010-07-30 16:38:31",
    "calendarYear": "2011",
    "period": "Q1",
    "revenue": 27450000000,
    "costOfRevenue": 26058000000,
    "grossProfit": 1392000000,
    "grossProfitRatio": 0.0507103825,
    "researchAndDevelopmentExpenses": 0,
    "generalAndAdministrativeExpenses": 918000000,
    "sellingAndMarketingExpenses": 0,
    "sellingGeneralAndAdministrativeExpenses": 918000000,
    "otherExpenses": 0,
    "operatingExpenses": 918000000,
    "costAndExpenses": 26976000000,
    "interestIncome": 0,
    "interestExpense": 43000000,
    "depreciationAndAmortization": 120000000,
    "ebitda": 603000000,
    "ebitdaratio": 0.0219672131,
    "operatingIncome": 474000000,
    "operatingIncomeRatio": 0.0172677596,
    "totalOtherIncomeExpensesNet": -34000000,
    "incomeBeforeTax": 440000000,
    "incomeBeforeTaxRatio": 0.0160291439,
    "incomeTaxExpense": 142000000,
    "netIncome": 298000000,
    "netIncomeRatio": 0.010856102,
    "eps": 1.12,
    "epsdiluted": 1.1,
    "weightedAverageShsOut": 266000000,
    "weightedAverageShsOutDil": 272000000,
    "link": "https://www.sec.gov/Archives/edgar/data/927653/000095012310070537/0000950123-10-070537-index.htm",
    "finalLink": "https://www.sec.gov/Archives/edgar/data/927653/000095012310070537/f56102e10vq.htm"
  },
  {
    "date": "2010-03-31",
    "symbol": "MCK",
    "reportedCurrency": "USD",
    "cik": "0000927653",
    "fillingDate": "2010-05-04",
    "acceptedDate": "2010-05-04 16:25:08",
    "calendarYear": "2010",
    "period": "Q4",
    "revenue": 26643000000,
    "costOfRevenue": 25060000000,
    "grossProfit": 1583000000,
    "grossProfitRatio": 0.059415231,
    "researchAndDevelopmentExpenses": 376000000,
    "generalAndAdministrativeExpenses": 2586000000,
    "sellingAndMarketingExpenses": -1932000000,
    "sellingGeneralAndAdministrativeExpenses": 654000000,
    "otherExpenses": 356000000,
    "operatingExpenses": 1010000000,
    "costAndExpenses": 26070000000,
    "interestIncome": 0,
    "interestExpense": 45000000,
    "depreciationAndAmortization": 124000000,
    "ebitda": 701000000,
    "ebitdaratio": 0.0263108509,
    "operatingIncome": 573000000,
    "operatingIncomeRatio": 0.0215065871,
    "totalOtherIncomeExpensesNet": -41000000,
    "incomeBeforeTax": 532000000,
    "incomeBeforeTaxRatio": 0.0199677214,
    "incomeTaxExpense": 184000000,
    "netIncome": 348000000,
    "netIncomeRatio": 0.0130615922,
    "eps": 1.31,
    "epsdiluted": 1.31,
    "weightedAverageShsOut": 266000000,
    "weightedAverageShsOutDil": 266000000,
    "link": "https://www.sec.gov/Archives/edgar/data/927653/000095012310043581/0000950123-10-043581-index.htm",
    "finalLink": "https://www.sec.gov/Archives/edgar/data/927653/000095012310043581/f54765e10vk.htm"
  },
  {
    "date": "2009-12-31",
    "symbol": "MCK",
    "reportedCurrency": "USD",
    "cik": "0000927653",
    "fillingDate": "2010-01-26",
    "acceptedDate": "2010-01-26 16:42:35",
    "calendarYear": "2010",
    "period": "Q3",
    "revenue": 28272000000,
    "costOfRevenue": 26817000000,
    "grossProfit": 1455000000,
    "grossProfitRatio": 0.0514643463,
    "researchAndDevelopmentExpenses": 0,
    "generalAndAdministrativeExpenses": 946000000,
    "sellingAndMarketingExpenses": 0,
    "sellingGeneralAndAdministrativeExpenses": 946000000,
    "otherExpenses": 0,
    "operatingExpenses": 946000000,
    "costAndExpenses": 27763000000,
    "interestIncome": 0,
    "interestExpense": 47000000,
    "depreciationAndAmortization": 126000000,
    "ebitda": 660000000,
    "ebitdaratio": 0.023344652,
    "operatingIncome": 509000000,
    "operatingIncomeRatio": 0.0180036786,
    "totalOtherIncomeExpensesNet": -22000000,
    "incomeBeforeTax": 487000000,
    "incomeBeforeTaxRatio": 0.0172255235,
    "incomeTaxExpense": 161000000,
    "netIncome": 326000000,
    "netIncomeRatio": 0.0115308432,
    "eps": 1.21,
    "epsdiluted": 1.19,
    "weightedAverageShsOut": 269000000,
    "weightedAverageShsOutDil": 274000000,
    "link": "https://www.sec.gov/Archives/edgar/data/927653/000095012310005311/0000950123-10-005311-index.htm",
    "finalLink": "https://www.sec.gov/Archives/edgar/data/927653/000095012310005311/f54087e10vq.htm"
  },
  {
    "date": "2009-09-30",
    "symbol": "MCK",
    "reportedCurrency": "USD",
    "cik": "0000927653",
    "fillingDate": "2009-10-27",
    "acceptedDate": "2009-10-27 17:07:26",
    "calendarYear": "2010",
    "period": "Q2",
    "revenue": 27130000000,
    "costOfRevenue": 25795000000,
    "grossProfit": 1335000000,
    "grossProfitRatio": 0.0492075194,
    "researchAndDevelopmentExpenses": 0,
    "generalAndAdministrativeExpenses": 868000000,
    "sellingAndMarketingExpenses": 0,
    "sellingGeneralAndAdministrativeExpenses": 868000000,
    "otherExpenses": 0,
    "operatingExpenses": 868000000,
    "costAndExpenses": 26663000000,
    "interestIncome": 0,
    "interestExpense": 47000000,
    "depreciationAndAmortization": 113000000,
    "ebitda": 584000000,
    "ebitdaratio": 0.021525986,
    "operatingIncome": 467000000,
    "operatingIncomeRatio": 0.0172134169,
    "totalOtherIncomeExpensesNet": -43000000,
    "incomeBeforeTax": 424000000,
    "incomeBeforeTaxRatio": 0.0156284556,
    "incomeTaxExpense": 123000000,
    "netIncome": 301000000,
    "netIncomeRatio": 0.0110947291,
    "eps": 1.13,
    "epsdiluted": 1.11,
    "weightedAverageShsOut": 267000000,
    "weightedAverageShsOutDil": 271000000,
    "link": "https://www.sec.gov/Archives/edgar/data/927653/000095012309053715/0000950123-09-053715-index.htm",
    "finalLink": "https://www.sec.gov/Archives/edgar/data/927653/000095012309053715/f53314e10vq.htm"
  },
  {
    "date": "2009-06-30",
    "symbol": "MCK",
    "reportedCurrency": "USD",
    "cik": "0000927653",
    "fillingDate": "2009-07-28",
    "acceptedDate": "2009-07-28 16:45:15",
    "calendarYear": "2010",
    "period": "Q1",
    "revenue": 26657000000,
    "costOfRevenue": 25354000000,
    "grossProfit": 1303000000,
    "grossProfitRatio": 0.0488802191,
    "researchAndDevelopmentExpenses": 0,
    "generalAndAdministrativeExpenses": 844000000,
    "sellingAndMarketingExpenses": 0,
    "sellingGeneralAndAdministrativeExpenses": 844000000,
    "otherExpenses": 0,
    "operatingExpenses": 844000000,
    "costAndExpenses": 26198000000,
    "interestIncome": 0,
    "interestExpense": 48000000,
    "depreciationAndAmortization": 111000000,
    "ebitda": 580000000,
    "ebitdaratio": 0.0217578872,
    "operatingIncome": 459000000,
    "operatingIncomeRatio": 0.0172187418,
    "totalOtherIncomeExpensesNet": -38000000,
    "incomeBeforeTax": 421000000,
    "incomeBeforeTaxRatio": 0.015793225,
    "incomeTaxExpense": 133000000,
    "netIncome": 288000000,
    "netIncomeRatio": 0.0108039164,
    "eps": 1.07,
    "epsdiluted": 1.06,
    "weightedAverageShsOut": 270000000,
    "weightedAverageShsOutDil": 272000000,
    "link": "https://www.sec.gov/Archives/edgar/data/927653/000095012309026374/0000950123-09-026374-index.htm",
    "finalLink": "https://www.sec.gov/Archives/edgar/data/927653/000095012309026374/f53016e10vq.htm"
  },
  {
    "date": "2009-03-31",
    "symbol": "MCK",
    "reportedCurrency": "USD",
    "cik": "0000927653",
    "fillingDate": "2009-05-05",
    "acceptedDate": "2009-05-05 17:00:00",
    "calendarYear": "2009",
    "period": "Q4",
    "revenue": 26224000000,
    "costOfRevenue": 24759000000,
    "grossProfit": 1465000000,
    "grossProfitRatio": 0.0558648566,
    "researchAndDevelopmentExpenses": 364000000,
    "generalAndAdministrativeExpenses": 1096000000,
    "sellingAndMarketingExpenses": 0,
    "sellingGeneralAndAdministrativeExpenses": 1096000000,
    "otherExpenses": -129000000,
    "operatingExpenses": 967000000,
    "costAndExpenses": 25726000000,
    "interestIncome": 0,
    "interestExpense": 0,
    "depreciationAndAmortization": 111000000,
    "ebitda": 621000000,
    "ebitdaratio": 0.0236805979,
    "operatingIncome": 498000000,
    "operatingIncomeRatio": 0.0189902379,
    "totalOtherIncomeExpensesNet": -101000000,
    "incomeBeforeTax": 397000000,
    "incomeBeforeTaxRatio": 0.0151388041,
    "incomeTaxExpense": 116000000,
    "netIncome": 281000000,
    "netIncomeRatio": 0.0107153752,
    "eps": 1.04,
    "epsdiluted": 1.04,
    "weightedAverageShsOut": 270000000,
    "weightedAverageShsOutDil": 270000000,
    "link": "https://www.sec.gov/Archives/edgar/data/927653/000095013409009477/0000950134-09-009477-index.htm",
    "finalLink": "https://www.sec.gov/Archives/edgar/data/927653/000095013409009477/f52248e10vk.htm"
  },
  {
    "date": "2008-12-31",
    "symbol": "MCK",
    "reportedCurrency": "USD",
    "cik": "0000927653",
    "fillingDate": "2009-01-27",
    "acceptedDate": "2009-01-27 17:19:37",
    "calendarYear": "2009",
    "period": "Q3",
    "revenue": 27130000000,
    "costOfRevenue": 25787000000,
    "grossProfit": 1343000000,
    "grossProfitRatio": 0.0495023959,
    "researchAndDevelopmentExpenses": 0,
    "generalAndAdministrativeExpenses": 904000000,
    "sellingAndMarketingExpenses": 0,
    "sellingGeneralAndAdministrativeExpenses": 904000000,
    "otherExpenses": 493000000,
    "operatingExpenses": 1397000000,
    "costAndExpenses": 27184000000,
    "interestIncome": 0,
    "interestExpense": 33000000,
    "depreciationAndAmortization": 112000000,
    "ebitda": 75000000,
    "ebitdaratio": 0.0027644674,
    "operatingIncome": -54000000,
    "operatingIncomeRatio": -0.0019904165,
    "totalOtherIncomeExpensesNet": -16000000,
    "incomeBeforeTax": -70000000,
    "incomeBeforeTaxRatio": -0.0025801696,
    "incomeTaxExpense": -50000000,
    "netIncome": -20000000,
    "netIncomeRatio": -0.0007371913,
    "eps": -0.073,
    "epsdiluted": -0.073,
    "weightedAverageShsOut": 274000000,
    "weightedAverageShsOutDil": 274000000,
    "link": "https://www.sec.gov/Archives/edgar/data/927653/000089161809000020/0000891618-09-000020-index.htm",
    "finalLink": "https://www.sec.gov/Archives/edgar/data/927653/000089161809000020/f51204e10vq.htm"
  },
  {
    "date": "2008-09-30",
    "symbol": "MCK",
    "reportedCurrency": "USD",
    "cik": "0000927653",
    "fillingDate": "2008-10-29",
    "acceptedDate": "2008-10-29 17:12:55",
    "calendarYear": "2009",
    "period": "Q2",
    "revenue": 26574000000,
    "costOfRevenue": 25272000000,
    "grossProfit": 1302000000,
    "grossProfitRatio": 0.0489952585,
    "researchAndDevelopmentExpenses": 0,
    "generalAndAdministrativeExpenses": 921000000,
    "sellingAndMarketingExpenses": 0,
    "sellingGeneralAndAdministrativeExpenses": 921000000,
    "otherExpenses": 0,
    "operatingExpenses": 921000000,
    "costAndExpenses": 26193000000,
    "interestIncome": 0,
    "interestExpense": 35000000,
    "depreciationAndAmortization": 112000000,
    "ebitda": 460000000,
    "ebitdaratio": 0.0173101528,
    "operatingIncome": 381000000,
    "operatingIncomeRatio": 0.0143373222,
    "totalOtherIncomeExpensesNet": -2000000,
    "incomeBeforeTax": 379000000,
    "incomeBeforeTaxRatio": 0.0142620607,
    "incomeTaxExpense": 52000000,
    "netIncome": 327000000,
    "netIncomeRatio": 0.0123052608,
    "eps": 1.19,
    "epsdiluted": 1.17,
    "weightedAverageShsOut": 275000000,
    "weightedAverageShsOutDil": 280000000,
    "link": "https://www.sec.gov/Archives/edgar/data/927653/000089161808000466/0000891618-08-000466-index.htm",
    "finalLink": "https://www.sec.gov/Archives/edgar/data/927653/000089161808000466/f50020e10vq.htm"
  },
  {
    "date": "2008-06-30",
    "symbol": "MCK",
    "reportedCurrency": "USD",
    "cik": "0000927653",
    "fillingDate": "2008-07-24",
    "acceptedDate": "2008-07-24 16:01:54",
    "calendarYear": "2009",
    "period": "Q1",
    "revenue": 26704000000,
    "costOfRevenue": 25436000000,
    "grossProfit": 1268000000,
    "grossProfitRatio": 0.0474835231,
    "researchAndDevelopmentExpenses": 0,
    "generalAndAdministrativeExpenses": 897000000,
    "sellingAndMarketingExpenses": 0,
    "sellingGeneralAndAdministrativeExpenses": 897000000,
    "otherExpenses": 0,
    "operatingExpenses": 897000000,
    "costAndExpenses": 26333000000,
    "interestIncome": 0,
    "interestExpense": 34000000,
    "depreciationAndAmortization": 106000000,
    "ebitda": 456000000,
    "ebitdaratio": 0.0170760935,
    "operatingIncome": 371000000,
    "operatingIncomeRatio": 0.0138930497,
    "totalOtherIncomeExpensesNet": -13000000,
    "incomeBeforeTax": 358000000,
    "incomeBeforeTaxRatio": 0.0134062313,
    "incomeTaxExpense": 123000000,
    "netIncome": 235000000,
    "netIncomeRatio": 0.0088001797,
    "eps": 0.85,
    "epsdiluted": 0.83,
    "weightedAverageShsOut": 277000000,
    "weightedAverageShsOutDil": 282000000,
    "link": "https://www.sec.gov/Archives/edgar/data/927653/000095014908000084/0000950149-08-000084-index.htm",
    "finalLink": "https://www.sec.gov/Archives/edgar/data/927653/000095014908000084/f42380e10vq.htm"
  },
  {
    "date": "2008-03-31",
    "symbol": "MCK",
    "reportedCurrency": "USD",
    "cik": "0000927653",
    "fillingDate": "2008-05-07",
    "acceptedDate": "2008-05-07 16:04:13",
    "calendarYear": "2008",
    "period": "Q4",
    "revenue": 26231000000,
    "costOfRevenue": 24784000000,
    "grossProfit": 1447000000,
    "grossProfitRatio": 0.0551637376,
    "researchAndDevelopmentExpenses": 347000000,
    "generalAndAdministrativeExpenses": 619000000,
    "sellingAndMarketingExpenses": 0,
    "sellingGeneralAndAdministrativeExpenses": 619000000,
    "otherExpenses": 0,
    "operatingExpenses": 966000000,
    "costAndExpenses": 25750000000,
    "interestIncome": 0,
    "interestExpense": 0,
    "depreciationAndAmortization": 100000000,
    "ebitda": 581000000,
    "ebitdaratio": 0.0221493653,
    "operatingIncome": 481000000,
    "operatingIncomeRatio": 0.0183370821,
    "totalOtherIncomeExpensesNet": -17000000,
    "incomeBeforeTax": 464000000,
    "incomeBeforeTaxRatio": 0.0176889939,
    "incomeTaxExpense": 159000000,
    "netIncome": 307000000,
    "netIncomeRatio": 0.0117037094,
    "eps": 1.11,
    "epsdiluted": 1.11,
    "weightedAverageShsOut": 277000000,
    "weightedAverageShsOutDil": 277000000,
    "link": "https://www.sec.gov/Archives/edgar/data/927653/000095014908000067/0000950149-08-000067-index.htm",
    "finalLink": "https://www.sec.gov/Archives/edgar/data/927653/000095014908000067/f39986e10vk.htm"
  },
  {
    "date": "2007-12-31",
    "symbol": "MCK",
    "reportedCurrency": "USD",
    "cik": "0000927653",
    "fillingDate": "2008-02-01",
    "acceptedDate": "2008-02-01 16:52:30",
    "calendarYear": "2008",
    "period": "Q3",
    "revenue": 26494000000,
    "costOfRevenue": 25290000000,
    "grossProfit": 1204000000,
    "grossProfitRatio": 0.0454442515,
    "researchAndDevelopmentExpenses": 0,
    "generalAndAdministrativeExpenses": 922000000,
    "sellingAndMarketingExpenses": 0,
    "sellingGeneralAndAdministrativeExpenses": 922000000,
    "otherExpenses": 0,
    "operatingExpenses": 922000000,
    "costAndExpenses": 26212000000,
    "interestIncome": 0,
    "interestExpense": 0,
    "depreciationAndAmortization": 93000000,
    "ebitda": 282000000,
    "ebitdaratio": 0.0106439194,
    "operatingIncome": 282000000,
    "operatingIncomeRatio": 0.0106439194,
    "totalOtherIncomeExpensesNet": -5000000,
    "incomeBeforeTax": 277000000,
    "incomeBeforeTaxRatio": 0.0104551974,
    "incomeTaxExpense": 76000000,
    "netIncome": 201000000,
    "netIncomeRatio": 0.0075866234,
    "eps": 0.69,
    "epsdiluted": 0.68,
    "weightedAverageShsOut": 290000000,
    "weightedAverageShsOutDil": 297000000,
    "link": "https://www.sec.gov/Archives/edgar/data/927653/000095013408001520/0000950134-08-001520-index.htm",
    "finalLink": "https://www.sec.gov/Archives/edgar/data/927653/000095013408001520/f37535e10vq.htm"
  },
  {
    "date": "2007-09-30",
    "symbol": "MCK",
    "reportedCurrency": "USD",
    "cik": "0000927653",
    "fillingDate": "2007-10-31",
    "acceptedDate": "2007-10-31 16:11:31",
    "calendarYear": "2008",
    "period": "Q2",
    "revenue": 24450000000,
    "costOfRevenue": 23269000000,
    "grossProfit": 1181000000,
    "grossProfitRatio": 0.0483026585,
    "researchAndDevelopmentExpenses": 0,
    "generalAndAdministrativeExpenses": 827000000,
    "sellingAndMarketingExpenses": 0,
    "sellingGeneralAndAdministrativeExpenses": 827000000,
    "otherExpenses": -5000000,
    "operatingExpenses": 822000000,
    "costAndExpenses": 24091000000,
    "interestIncome": 0,
    "interestExpense": 0,
    "depreciationAndAmortization": 89000000,
    "ebitda": 359000000,
    "ebitdaratio": 0.0146830266,
    "operatingIncome": 359000000,
    "operatingIncomeRatio": 0.0146830266,
    "totalOtherIncomeExpensesNet": 0,
    "incomeBeforeTax": 359000000,
    "incomeBeforeTaxRatio": 0.0146830266,
    "incomeTaxExpense": 112000000,
    "netIncome": 247000000,
    "netIncomeRatio": 0.0101022495,
    "eps": 0.85,
    "epsdiluted": 0.83,
    "weightedAverageShsOut": 293000000,
    "weightedAverageShsOutDil": 299000000,
    "link": "https://www.sec.gov/Archives/edgar/data/927653/000095013407022397/0000950134-07-022397-index.htm",
    "finalLink": "https://www.sec.gov/Archives/edgar/data/927653/000095013407022397/f34826e10vq.htm"
  },
  {
    "date": "2007-06-30",
    "symbol": "MCK",
    "reportedCurrency": "USD",
    "cik": "0000927653",
    "fillingDate": "2007-07-30",
    "acceptedDate": "2007-07-30 17:16:01",
    "calendarYear": "2008",
    "period": "Q1",
    "revenue": 24528000000,
    "costOfRevenue": 23351000000,
    "grossProfit": 1177000000,
    "grossProfitRatio": 0.0479859752,
    "researchAndDevelopmentExpenses": 0,
    "generalAndAdministrativeExpenses": 821000000,
    "sellingAndMarketingExpenses": 0,
    "sellingGeneralAndAdministrativeExpenses": 821000000,
    "otherExpenses": 0,
    "operatingExpenses": 821000000,
    "costAndExpenses": 24172000000,
    "interestIncome": 0,
    "interestExpense": 0,
    "depreciationAndAmortization": 89000000,
    "ebitda": 356000000,
    "ebitdaratio": 0.0145140248,
    "operatingIncome": 356000000,
    "operatingIncomeRatio": 0.0145140248,
    "totalOtherIncomeExpensesNet": 1000000,
    "incomeBeforeTax": 357000000,
    "incomeBeforeTaxRatio": 0.0145547945,
    "incomeTaxExpense": 121000000,
    "netIncome": 235000000,
    "netIncomeRatio": 0.0095808871,
    "eps": 0.79,
    "epsdiluted": 0.77,
    "weightedAverageShsOut": 297000000,
    "weightedAverageShsOutDil": 304000000,
    "link": "https://www.sec.gov/Archives/edgar/data/927653/000095013407016188/0000950134-07-016188-index.htm",
    "finalLink": "https://www.sec.gov/Archives/edgar/data/927653/000095013407016188/f32249e10vq.htm"
  },
  {
    "date": "2007-03-31",
    "symbol": "MCK",
    "reportedCurrency": "USD",
    "cik": "0000927653",
    "fillingDate": "2007-05-09",
    "acceptedDate": "2007-05-09 16:36:15",
    "calendarYear": "2007",
    "period": "Q4",
    "revenue": 24165000000,
    "costOfRevenue": 22914000000,
    "grossProfit": 1251000000,
    "grossProfitRatio": 0.0517690875,
    "researchAndDevelopmentExpenses": 284000000,
    "generalAndAdministrativeExpenses": 599000000,
    "sellingAndMarketingExpenses": 0,
    "sellingGeneralAndAdministrativeExpenses": 599000000,
    "otherExpenses": 0,
    "operatingExpenses": 883000000,
    "costAndExpenses": 23797000000,
    "interestIncome": 0,
    "interestExpense": 0,
    "depreciationAndAmortization": 87000000,
    "ebitda": 455000000,
    "ebitdaratio": 0.0188288848,
    "operatingIncome": 368000000,
    "operatingIncomeRatio": 0.0152286365,
    "totalOtherIncomeExpensesNet": -5000000,
    "incomeBeforeTax": 363000000,
    "incomeBeforeTaxRatio": 0.0150217256,
    "incomeTaxExpense": 106000000,
    "netIncome": 257000000,
    "netIncomeRatio": 0.0106352162,
    "eps": 0.87,
    "epsdiluted": 0.87,
    "weightedAverageShsOut": 295000000,
    "weightedAverageShsOutDil": 297000000,
    "link": "https://www.sec.gov/Archives/edgar/data/927653/000095013407010894/0000950134-07-010894-index.htm",
    "finalLink": "https://www.sec.gov/Archives/edgar/data/927653/000095013407010894/f29988e10vk.htm"
  },
  {
    "date": "2006-12-31",
    "symbol": "MCK",
    "reportedCurrency": "USD",
    "cik": "0000927653",
    "fillingDate": "2007-01-30",
    "acceptedDate": "2007-01-30 16:07:03",
    "calendarYear": "2007",
    "period": "Q3",
    "revenue": 23111000000,
    "costOfRevenue": 22050000000,
    "grossProfit": 1061000000,
    "grossProfitRatio": 0.0459088746,
    "researchAndDevelopmentExpenses": 0,
    "generalAndAdministrativeExpenses": 743000000,
    "sellingAndMarketingExpenses": 0,
    "sellingGeneralAndAdministrativeExpenses": 743000000,
    "otherExpenses": 0,
    "operatingExpenses": 743000000,
    "costAndExpenses": 22793000000,
    "interestIncome": 0,
    "interestExpense": 0,
    "depreciationAndAmortization": 69000000,
    "ebitda": 318000000,
    "ebitdaratio": 0.0137596815,
    "operatingIncome": 318000000,
    "operatingIncomeRatio": 0.0137596815,
    "totalOtherIncomeExpensesNet": 16000000,
    "incomeBeforeTax": 334000000,
    "incomeBeforeTaxRatio": 0.0144519926,
    "incomeTaxExpense": 94000000,
    "netIncome": 243000000,
    "netIncomeRatio": 0.0105144736,
    "eps": 0.82,
    "epsdiluted": 0.8,
    "weightedAverageShsOut": 296000000,
    "weightedAverageShsOutDil": 302000000,
    "link": "https://www.sec.gov/Archives/edgar/data/927653/000095013407001610/0000950134-07-001610-index.htm",
    "finalLink": "https://www.sec.gov/Archives/edgar/data/927653/000095013407001610/f26770e10vq.htm"
  },
  {
    "date": "2006-09-30",
    "symbol": "MCK",
    "reportedCurrency": "USD",
    "cik": "0000927653",
    "fillingDate": "2006-11-01",
    "acceptedDate": "2006-11-01 16:24:59",
    "calendarYear": "2007",
    "period": "Q2",
    "revenue": 22386000000,
    "costOfRevenue": 21362000000,
    "grossProfit": 1024000000,
    "grossProfitRatio": 0.045742875,
    "researchAndDevelopmentExpenses": 0,
    "generalAndAdministrativeExpenses": 724000000,
    "sellingAndMarketingExpenses": 0,
    "sellingGeneralAndAdministrativeExpenses": 724000000,
    "otherExpenses": -6000000,
    "operatingExpenses": 718000000,
    "costAndExpenses": 22080000000,
    "interestIncome": 0,
    "interestExpense": 0,
    "depreciationAndAmortization": 69000000,
    "ebitda": 306000000,
    "ebitdaratio": 0.0136692576,
    "operatingIncome": 306000000,
    "operatingIncomeRatio": 0.0136692576,
    "totalOtherIncomeExpensesNet": 10000000,
    "incomeBeforeTax": 316000000,
    "incomeBeforeTaxRatio": 0.0141159653,
    "incomeTaxExpense": 29000000,
    "netIncome": 229000000,
    "netIncomeRatio": 0.0102296078,
    "eps": 0.77,
    "epsdiluted": 0.75,
    "weightedAverageShsOut": 298000000,
    "weightedAverageShsOutDil": 305000000,
    "link": "https://www.sec.gov/Archives/edgar/data/927653/000095014906000508/0000950149-06-000508-index.htm",
    "finalLink": "https://www.sec.gov/Archives/edgar/data/927653/000095014906000508/f24507e10vq.htm"
  },
  {
    "date": "2006-06-30",
    "symbol": "MCK",
    "reportedCurrency": "USD",
    "cik": "0000927653",
    "fillingDate": "2006-07-31",
    "acceptedDate": "2006-07-31 16:23:37",
    "calendarYear": "2007",
    "period": "Q1",
    "revenue": 23616000000,
    "costOfRevenue": 22593000000,
    "grossProfit": 1023000000,
    "grossProfitRatio": 0.0433180894,
    "researchAndDevelopmentExpenses": 0,
    "generalAndAdministrativeExpenses": 751000000,
    "sellingAndMarketingExpenses": 0,
    "sellingGeneralAndAdministrativeExpenses": 751000000,
    "otherExpenses": 0,
    "operatingExpenses": 751000000,
    "costAndExpenses": 23344000000,
    "interestIncome": 0,
    "interestExpense": 0,
    "depreciationAndAmortization": 70000000,
    "ebitda": 272000000,
    "ebitdaratio": 0.0115176152,
    "operatingIncome": 272000000,
    "operatingIncomeRatio": 0.0115176152,
    "totalOtherIncomeExpensesNet": 13000000,
    "incomeBeforeTax": 285000000,
    "incomeBeforeTaxRatio": 0.0120680894,
    "incomeTaxExpense": 101000000,
    "netIncome": 184000000,
    "netIncomeRatio": 0.0077913279,
    "eps": 0.61,
    "epsdiluted": 0.6,
    "weightedAverageShsOut": 302000000,
    "weightedAverageShsOutDil": 309000000,
    "link": "https://www.sec.gov/Archives/edgar/data/927653/000095013406014306/0000950134-06-014306-index.htm",
    "finalLink": "https://www.sec.gov/Archives/edgar/data/927653/000095013406014306/f22491e10vq.htm"
  },
  {
    "date": "2006-03-31",
    "symbol": "MCK",
    "reportedCurrency": "USD",
    "cik": "0000927653",
    "fillingDate": "2006-05-16",
    "acceptedDate": "2006-05-16 16:16:01",
    "calendarYear": "2006",
    "period": "Q4",
    "revenue": 22785000000,
    "costOfRevenue": 21725000000,
    "grossProfit": 1060000000,
    "grossProfitRatio": 0.0465218345,
    "researchAndDevelopmentExpenses": 223000000,
    "generalAndAdministrativeExpenses": 513000000,
    "sellingAndMarketingExpenses": 0,
    "sellingGeneralAndAdministrativeExpenses": 513000000,
    "otherExpenses": 215000000,
    "operatingExpenses": 728000000,
    "costAndExpenses": 22453000000,
    "interestIncome": 0,
    "interestExpense": 0,
    "depreciationAndAmortization": 68000000,
    "ebitda": 400000000,
    "ebitdaratio": 0.0175554093,
    "operatingIncome": 332000000,
    "operatingIncomeRatio": 0.0145709897,
    "totalOtherIncomeExpensesNet": 17000000,
    "incomeBeforeTax": 349000000,
    "incomeBeforeTaxRatio": 0.0153170946,
    "incomeTaxExpense": 129000000,
    "netIncome": 220000000,
    "netIncomeRatio": 0.0096554751,
    "eps": 0.73,
    "epsdiluted": 0.73,
    "weightedAverageShsOut": 302000000,
    "weightedAverageShsOutDil": 302000000,
    "link": "https://www.sec.gov/Archives/edgar/data/927653/000095014906000282/0000950149-06-000282-index.htm",
    "finalLink": "https://www.sec.gov/Archives/edgar/data/927653/000095014906000282/f20234e10vk.htm"
  },
  {
    "date": "2005-12-31",
    "symbol": "MCK",
    "reportedCurrency": "USD",
    "cik": "0000927653",
    "fillingDate": "2006-02-01",
    "acceptedDate": "2006-01-31 19:22:19",
    "calendarYear": "2006",
    "period": "Q3",
    "revenue": 22602000000,
    "costOfRevenue": 21619000000,
    "grossProfit": 983000000,
    "grossProfitRatio": 0.0434917264,
    "researchAndDevelopmentExpenses": 0,
    "generalAndAdministrativeExpenses": 690000000,
    "sellingAndMarketingExpenses": 0,
    "sellingGeneralAndAdministrativeExpenses": 690000000,
    "otherExpenses": 1000000,
    "operatingExpenses": 691000000,
    "costAndExpenses": 22310000000,
    "interestIncome": 0,
    "interestExpense": 0,
    "depreciationAndAmortization": 71000000,
    "ebitda": 368000000,
    "ebitdaratio": 0.016281745,
    "operatingIncome": 292000000,
    "operatingIncomeRatio": 0.0129192107,
    "totalOtherIncomeExpensesNet": -5000000,
    "incomeBeforeTax": 303000000,
    "incomeBeforeTaxRatio": 0.0134058933,
    "incomeTaxExpense": 110000000,
    "netIncome": 193000000,
    "netIncomeRatio": 0.0085390673,
    "eps": 0.63,
    "epsdiluted": 0.61,
    "weightedAverageShsOut": 307000000,
    "weightedAverageShsOutDil": 316000000,
    "link": "https://www.sec.gov/Archives/edgar/data/927653/000095013406001550/0000950134-06-001550-index.htm",
    "finalLink": "https://www.sec.gov/Archives/edgar/data/927653/000095013406001550/f16322e10vq.htm"
  },
  {
    "date": "2005-09-30",
    "symbol": "MCK",
    "reportedCurrency": "USD",
    "cik": "0000927653",
    "fillingDate": "2005-11-09",
    "acceptedDate": "2005-11-09 16:18:40",
    "calendarYear": "2006",
    "period": "Q2",
    "revenue": 21605000000,
    "costOfRevenue": 20711000000,
    "grossProfit": 894000000,
    "grossProfitRatio": 0.0413793103,
    "researchAndDevelopmentExpenses": 0,
    "generalAndAdministrativeExpenses": 665000000,
    "sellingAndMarketingExpenses": 0,
    "sellingGeneralAndAdministrativeExpenses": 665000000,
    "otherExpenses": 0,
    "operatingExpenses": 665000000,
    "costAndExpenses": 21376000000,
    "interestIncome": 0,
    "interestExpense": 0,
    "depreciationAndAmortization": 63000000,
    "ebitda": 287000000,
    "ebitdaratio": 0.013283962,
    "operatingIncome": 229000000,
    "operatingIncomeRatio": 0.0105993983,
    "totalOtherIncomeExpensesNet": 13000000,
    "incomeBeforeTax": 242000000,
    "incomeBeforeTaxRatio": 0.0112011109,
    "incomeTaxExpense": 88000000,
    "netIncome": 167000000,
    "netIncomeRatio": 0.0077296922,
    "eps": 0.54,
    "epsdiluted": 0.53,
    "weightedAverageShsOut": 308000000,
    "weightedAverageShsOutDil": 316000000,
    "link": "https://www.sec.gov/Archives/edgar/data/927653/000095013405021052/0000950134-05-021052-index.htm",
    "finalLink": "https://www.sec.gov/Archives/edgar/data/927653/000095013405021052/f14301e10vq.htm"
  },
  {
    "date": "2005-06-30",
    "symbol": "MCK",
    "reportedCurrency": "USD",
    "cik": "0000927653",
    "fillingDate": "2005-08-01",
    "acceptedDate": "2005-08-01 17:31:02",
    "calendarYear": "2006",
    "period": "Q1",
    "revenue": 21058000000,
    "costOfRevenue": 20133000000,
    "grossProfit": 925000000,
    "grossProfitRatio": 0.0439262988,
    "researchAndDevelopmentExpenses": 0,
    "generalAndAdministrativeExpenses": 612000000,
    "sellingAndMarketingExpenses": 0,
    "sellingGeneralAndAdministrativeExpenses": 612000000,
    "otherExpenses": 52000000,
    "operatingExpenses": 664000000,
    "costAndExpenses": 20797000000,
    "interestIncome": 0,
    "interestExpense": 1000000,
    "depreciationAndAmortization": 64000000,
    "ebitda": 261000000,
    "ebitdaratio": 0.0123943394,
    "operatingIncome": 261000000,
    "operatingIncomeRatio": 0.0123943394,
    "totalOtherIncomeExpensesNet": 3000000,
    "incomeBeforeTax": 264000000,
    "incomeBeforeTaxRatio": 0.0125368031,
    "incomeTaxExpense": 94000000,
    "netIncome": 171000000,
    "netIncomeRatio": 0.0081204293,
    "eps": 0.57,
    "epsdiluted": 0.55,
    "weightedAverageShsOut": 302000000,
    "weightedAverageShsOutDil": 313000000,
    "link": "https://www.sec.gov/Archives/edgar/data/927653/000095014905000524/0000950149-05-000524-index.htm",
    "finalLink": "https://www.sec.gov/Archives/edgar/data/927653/000095014905000524/f11147e10vq.htm"
  },
  {
    "date": "2005-03-31",
    "symbol": "MCK",
    "reportedCurrency": "USD",
    "cik": "0000927653",
    "fillingDate": "2005-05-13",
    "acceptedDate": "2005-05-12 20:34:43",
    "calendarYear": "2005",
    "period": "Q4",
    "revenue": 20611800000,
    "costOfRevenue": 19574700000,
    "grossProfit": 1037100000,
    "grossProfitRatio": 0.0503158385,
    "researchAndDevelopmentExpenses": 182000000,
    "generalAndAdministrativeExpenses": 469800000,
    "sellingAndMarketingExpenses": 0,
    "sellingGeneralAndAdministrativeExpenses": 469800000,
    "otherExpenses": 0,
    "operatingExpenses": 651800000,
    "costAndExpenses": 20226500000,
    "interestIncome": 0,
    "interestExpense": 0,
    "depreciationAndAmortization": 65100000,
    "ebitda": 450400000,
    "ebitdaratio": 0.0218515608,
    "operatingIncome": 385300000,
    "operatingIncomeRatio": 0.0186931758,
    "totalOtherIncomeExpensesNet": -4600000,
    "incomeBeforeTax": 380700000,
    "incomeBeforeTaxRatio": 0.0184700026,
    "incomeTaxExpense": 121700000,
    "netIncome": 259000000,
    "netIncomeRatio": 0.0125656178,
    "eps": 0.86,
    "epsdiluted": 0.86,
    "weightedAverageShsOut": 297000000,
    "weightedAverageShsOutDil": 302000000,
    "link": "https://www.sec.gov/Archives/edgar/data/927653/000095013405009971/0000950134-05-009971-index.htm",
    "finalLink": "https://www.sec.gov/Archives/edgar/data/927653/000095013405009971/f08078e10vk.htm"
  },
  {
    "date": "2004-12-31",
    "symbol": "MCK",
    "reportedCurrency": "USD",
    "cik": "0000927653",
    "fillingDate": "2005-02-01",
    "acceptedDate": "2005-02-01 16:00:42",
    "calendarYear": "2005",
    "period": "Q3",
    "revenue": 20781900000,
    "costOfRevenue": 19941300000,
    "grossProfit": 840600000,
    "grossProfitRatio": 0.0404486597,
    "researchAndDevelopmentExpenses": 0,
    "generalAndAdministrativeExpenses": 606000000,
    "sellingAndMarketingExpenses": 0,
    "sellingGeneralAndAdministrativeExpenses": 606000000,
    "otherExpenses": 1200000000,
    "operatingExpenses": 1806000000,
    "costAndExpenses": 21747300000,
    "interestIncome": 0,
    "interestExpense": 0,
    "depreciationAndAmortization": 62300000,
    "ebitda": -905000000,
    "ebitdaratio": -0.0435475101,
    "operatingIncome": -965400000,
    "operatingIncomeRatio": -0.0464538854,
    "totalOtherIncomeExpensesNet": -15600000,
    "incomeBeforeTax": -980200000,
    "incomeBeforeTaxRatio": -0.0471660435,
    "incomeTaxExpense": -314800000,
    "netIncome": -665400000,
    "netIncomeRatio": -0.0320182466,
    "eps": -2.26,
    "epsdiluted": -2.26,
    "weightedAverageShsOut": 294000000,
    "weightedAverageShsOutDil": 294000000,
    "link": "https://www.sec.gov/Archives/edgar/data/927653/000095013405001798/0000950134-05-001798-index.htm",
    "finalLink": "https://www.sec.gov/Archives/edgar/data/927653/000095013405001798/f04975e10vq.htm"
  },
  {
    "date": "2004-09-30",
    "symbol": "MCK",
    "reportedCurrency": "USD",
    "cik": "0000927653",
    "fillingDate": "2004-11-02",
    "acceptedDate": "2004-11-01 18:07:46",
    "calendarYear": "2005",
    "period": "Q2",
    "revenue": 19934300000,
    "costOfRevenue": 19199300000,
    "grossProfit": 735000000,
    "grossProfitRatio": 0.0368711216,
    "researchAndDevelopmentExpenses": 0,
    "generalAndAdministrativeExpenses": 606200000,
    "sellingAndMarketingExpenses": 0,
    "sellingGeneralAndAdministrativeExpenses": 606200000,
    "otherExpenses": 0,
    "operatingExpenses": 606200000,
    "costAndExpenses": 19805500000,
    "interestIncome": 0,
    "interestExpense": 0,
    "depreciationAndAmortization": 62200000,
    "ebitda": 189000000,
    "ebitdaratio": 0.0094811456,
    "operatingIncome": 128800000,
    "operatingIncomeRatio": 0.0064612251,
    "totalOtherIncomeExpensesNet": -15800000,
    "incomeBeforeTax": 113600000,
    "incomeBeforeTaxRatio": 0.0056987203,
    "incomeTaxExpense": 27500000,
    "netIncome": 86100000,
    "netIncomeRatio": 0.0043191885,
    "eps": 0.29,
    "epsdiluted": 0.29,
    "weightedAverageShsOut": 293000000,
    "weightedAverageShsOutDil": 300000000,
    "link": "https://www.sec.gov/Archives/edgar/data/927653/000095013404016095/0000950134-04-016095-index.htm",
    "finalLink": "https://www.sec.gov/Archives/edgar/data/927653/000095013404016095/f02820e10vq.htm"
  },
  {
    "date": "2004-06-30",
    "symbol": "MCK",
    "reportedCurrency": "USD",
    "cik": "0000927653",
    "fillingDate": "2004-07-29",
    "acceptedDate": "2004-07-29 16:06:57",
    "calendarYear": "2005",
    "period": "Q1",
    "revenue": 19186600000,
    "costOfRevenue": 18334600000,
    "grossProfit": 852000000,
    "grossProfitRatio": 0.0444059917,
    "researchAndDevelopmentExpenses": 0,
    "generalAndAdministrativeExpenses": 591200000,
    "sellingAndMarketingExpenses": 0,
    "sellingGeneralAndAdministrativeExpenses": 591200000,
    "otherExpenses": 0,
    "operatingExpenses": 591200000,
    "costAndExpenses": 18925800000,
    "interestIncome": 0,
    "interestExpense": 0,
    "depreciationAndAmortization": 61300000,
    "ebitda": 321000000,
    "ebitdaratio": 0.0167304264,
    "operatingIncome": 260800000,
    "operatingIncomeRatio": 0.01359282,
    "totalOtherIncomeExpensesNet": -15800000,
    "incomeBeforeTax": 246100000,
    "incomeBeforeTaxRatio": 0.0128266603,
    "incomeTaxExpense": 82500000,
    "netIncome": 163600000,
    "netIncomeRatio": 0.0085267843,
    "eps": 0.56,
    "epsdiluted": 0.55,
    "weightedAverageShsOut": 291000000,
    "weightedAverageShsOutDil": 300000000,
    "link": "https://www.sec.gov/Archives/edgar/data/927653/000095014904001337/0000950149-04-001337-index.htm",
    "finalLink": "https://www.sec.gov/Archives/edgar/data/927653/000095014904001337/f00511e10vq.htm"
  },
  {
    "date": "2004-03-31",
    "symbol": "MCK",
    "reportedCurrency": "USD",
    "cik": "0000927653",
    "fillingDate": "2004-06-10",
    "acceptedDate": "2004-06-10 17:29:01",
    "calendarYear": "2004",
    "period": "Q4",
    "revenue": 17939900000,
    "costOfRevenue": 17023700000,
    "grossProfit": 916200000,
    "grossProfitRatio": 0.0510705188,
    "researchAndDevelopmentExpenses": 172700000,
    "generalAndAdministrativeExpenses": 399200000,
    "sellingAndMarketingExpenses": 0,
    "sellingGeneralAndAdministrativeExpenses": 399200000,
    "otherExpenses": 0,
    "operatingExpenses": 571900000,
    "costAndExpenses": 17595600000,
    "interestIncome": 0,
    "interestExpense": 0,
    "depreciationAndAmortization": 66800000,
    "ebitda": 411100000,
    "ebitdaratio": 0.0229154009,
    "operatingIncome": 344300000,
    "operatingIncomeRatio": 0.0191918573,
    "totalOtherIncomeExpensesNet": -42800000,
    "incomeBeforeTax": 301500000,
    "incomeBeforeTaxRatio": 0.0168061137,
    "incomeTaxExpense": 87300000,
    "netIncome": 214200000,
    "netIncomeRatio": 0.0119398659,
    "eps": 0.74,
    "epsdiluted": 0.74,
    "weightedAverageShsOut": 290000000,
    "weightedAverageShsOutDil": 291400000,
    "link": "https://www.sec.gov/Archives/edgar/data/927653/000095014904001115/0000950149-04-001115-index.htm",
    "finalLink": "https://www.sec.gov/Archives/edgar/data/927653/000095014904001115/f99032e10vk.htm"
  },
  {
    "date": "2003-12-31",
    "symbol": "MCK",
    "reportedCurrency": "USD",
    "cik": "0000927653",
    "fillingDate": "2004-01-29",
    "acceptedDate": "2004-01-29 16:41:33",
    "calendarYear": "2004",
    "period": "Q3",
    "revenue": 182231900000,
    "costOfRevenue": 17498100000,
    "grossProfit": 164733800000,
    "grossProfitRatio": 0.9039789411,
    "researchAndDevelopmentExpenses": 0,
    "generalAndAdministrativeExpenses": 0,
    "sellingAndMarketingExpenses": 0,
    "sellingGeneralAndAdministrativeExpenses": 571800000,
    "otherExpenses": 0,
    "operatingExpenses": 571800000,
    "costAndExpenses": 18069900000,
    "interestIncome": 0,
    "interestExpense": 0,
    "depreciationAndAmortization": 57400000,
    "ebitda": 241900000,
    "ebitdaratio": 0.0013274295,
    "operatingIncome": 162000000,
    "operatingIncomeRatio": 0.0008889772,
    "totalOtherIncomeExpensesNet": 2000000,
    "incomeBeforeTax": 164000000,
    "incomeBeforeTaxRatio": 0.0008999522,
    "incomeTaxExpense": 43800000,
    "netIncome": 120200000,
    "netIncomeRatio": 0.0006595991,
    "eps": 0.41,
    "epsdiluted": 0.41,
    "weightedAverageShsOut": 290200000,
    "weightedAverageShsOutDil": 298700000,
    "link": "https://www.sec.gov/Archives/edgar/data/927653/000095014904000228/0000950149-04-000228-index.htm",
    "finalLink": "https://www.sec.gov/Archives/edgar/data/927653/000095014904000228/f95994e10vq.htm"
  },
  {
    "date": "2003-09-30",
    "symbol": "MCK",
    "reportedCurrency": "USD",
    "cik": "0000927653",
    "fillingDate": "2003-10-30",
    "acceptedDate": "2003-10-30 16:05:22",
    "calendarYear": "2004",
    "period": "Q2",
    "revenue": 16810100000,
    "costOfRevenue": 15998400000,
    "grossProfit": 811700000,
    "grossProfitRatio": 0.0482864468,
    "researchAndDevelopmentExpenses": 0,
    "generalAndAdministrativeExpenses": 585300000,
    "sellingAndMarketingExpenses": 0,
    "sellingGeneralAndAdministrativeExpenses": 585300000,
    "otherExpenses": 0,
    "operatingExpenses": 585300000,
    "costAndExpenses": 16583700000,
    "interestIncome": 0,
    "interestExpense": 0,
    "depreciationAndAmortization": 54900000,
    "ebitda": 226400000,
    "ebitdaratio": 0.0134680936,
    "operatingIncome": 226400000,
    "operatingIncomeRatio": 0.0134680936,
    "totalOtherIncomeExpensesNet": -11600000,
    "incomeBeforeTax": 214800000,
    "incomeBeforeTaxRatio": 0.0127780323,
    "incomeTaxExpense": 56700000,
    "netIncome": 156500000,
    "netIncomeRatio": 0.0093098792,
    "eps": 0.54,
    "epsdiluted": 0.53,
    "weightedAverageShsOut": 289900000,
    "weightedAverageShsOutDil": 300300000,
    "link": "https://www.sec.gov/Archives/edgar/data/927653/000095014903002451/0000950149-03-002451-index.htm",
    "finalLink": "https://www.sec.gov/Archives/edgar/data/927653/000095014903002451/f93287e10vq.htm"
  },
  {
    "date": "2003-06-30",
    "symbol": "MCK",
    "reportedCurrency": "USD",
    "cik": "0000927653",
    "fillingDate": "2003-07-31",
    "acceptedDate": "2003-07-31 16:05:09",
    "calendarYear": "2004",
    "period": "Q1",
    "revenue": 16524200000,
    "costOfRevenue": 15737700000,
    "grossProfit": 786500000,
    "grossProfitRatio": 0.0475968579,
    "researchAndDevelopmentExpenses": 0,
    "generalAndAdministrativeExpenses": 535700000,
    "sellingAndMarketingExpenses": 0,
    "sellingGeneralAndAdministrativeExpenses": 535700000,
    "otherExpenses": 0,
    "operatingExpenses": 535700000,
    "costAndExpenses": 16273400000,
    "interestIncome": 0,
    "interestExpense": 0,
    "depreciationAndAmortization": 53000000,
    "ebitda": 250800000,
    "ebitdaratio": 0.0151777393,
    "operatingIncome": 250800000,
    "operatingIncomeRatio": 0.0151777393,
    "totalOtherIncomeExpensesNet": -14600000,
    "incomeBeforeTax": 236200000,
    "incomeBeforeTaxRatio": 0.0142941867,
    "incomeTaxExpense": 79100000,
    "netIncome": 155600000,
    "netIncomeRatio": 0.0094164922,
    "eps": 0.54,
    "epsdiluted": 0.53,
    "weightedAverageShsOut": 289800000,
    "weightedAverageShsOutDil": 298100000,
    "link": "https://www.sec.gov/Archives/edgar/data/927653/000095014903001766/0000950149-03-001766-index.htm",
    "finalLink": "https://www.sec.gov/Archives/edgar/data/927653/000095014903001766/f91913e10vq.htm"
  },
  {
    "date": "2003-03-31",
    "symbol": "MCK",
    "reportedCurrency": "USD",
    "cik": "0000927653",
    "fillingDate": "2003-06-06",
    "acceptedDate": "2003-06-05 19:14:06",
    "calendarYear": "2003",
    "period": "Q4",
    "revenue": 14886300000,
    "costOfRevenue": 14001500000,
    "grossProfit": 884800000,
    "grossProfitRatio": 0.0594372006,
    "researchAndDevelopmentExpenses": 149400000,
    "generalAndAdministrativeExpenses": 439800000,
    "sellingAndMarketingExpenses": 0,
    "sellingGeneralAndAdministrativeExpenses": 439800000,
    "otherExpenses": 0,
    "operatingExpenses": 589200000,
    "costAndExpenses": 14590700000,
    "interestIncome": 0,
    "interestExpense": 0,
    "depreciationAndAmortization": 52900000,
    "ebitda": 348500000,
    "ebitdaratio": 0.0234107871,
    "operatingIncome": 295600000,
    "operatingIncomeRatio": 0.0198571841,
    "totalOtherIncomeExpensesNet": -19600000,
    "incomeBeforeTax": 276000000,
    "incomeBeforeTaxRatio": 0.0185405373,
    "incomeTaxExpense": 94400000,
    "netIncome": 179000000,
    "netIncomeRatio": 0.0120244789,
    "eps": 0.62,
    "epsdiluted": 0.62,
    "weightedAverageShsOut": 289800000,
    "weightedAverageShsOutDil": 289800000,
    "link": "https://www.sec.gov/Archives/edgar/data/927653/000095014903001297/0000950149-03-001297-index.htm",
    "finalLink": "https://www.sec.gov/Archives/edgar/data/927653/000095014903001297/f90251e10vk.htm"
  },
  {
    "date": "2002-12-31",
    "symbol": "MCK",
    "reportedCurrency": "USD",
    "cik": "0000927653",
    "fillingDate": "2003-02-13",
    "acceptedDate": "2003-02-13 13:43:59",
    "calendarYear": "2003",
    "period": "Q3",
    "revenue": 14921000000,
    "costOfRevenue": 14193400000,
    "grossProfit": 727600000,
    "grossProfitRatio": 0.0487634877,
    "researchAndDevelopmentExpenses": 0,
    "generalAndAdministrativeExpenses": 517800000,
    "sellingAndMarketingExpenses": 0,
    "sellingGeneralAndAdministrativeExpenses": 517800000,
    "otherExpenses": 0,
    "operatingExpenses": 517800000,
    "costAndExpenses": 14711200000,
    "interestIncome": 0,
    "interestExpense": 0,
    "depreciationAndAmortization": 50000000,
    "ebitda": 209800000,
    "ebitdaratio": 0.0140607198,
    "operatingIncome": 209800000,
    "operatingIncomeRatio": 0.0140607198,
    "totalOtherIncomeExpensesNet": -6300000,
    "incomeBeforeTax": 204500000,
    "incomeBeforeTaxRatio": 0.0137055157,
    "incomeTaxExpense": 70200000,
    "netIncome": 134300000,
    "netIncomeRatio": 0.0090007372,
    "eps": 0.46,
    "epsdiluted": 0.46,
    "weightedAverageShsOut": 289700000,
    "weightedAverageShsOutDil": 298000000,
    "link": "https://www.sec.gov/Archives/edgar/data/927653/000095014903000297/0000950149-03-000297-index.htm",
    "finalLink": "https://www.sec.gov/Archives/edgar/data/927653/000095014903000297/f87627e10vq.htm"
  },
  {
    "date": "2002-09-30",
    "symbol": "MCK",
    "reportedCurrency": "USD",
    "cik": "0000927653",
    "fillingDate": "2002-11-13",
    "acceptedDate": "2002-11-12 22:00:37",
    "calendarYear": "2003",
    "period": "Q2",
    "revenue": 13690300000,
    "costOfRevenue": 12951000000,
    "grossProfit": 739300000,
    "grossProfitRatio": 0.0540017385,
    "researchAndDevelopmentExpenses": 0,
    "generalAndAdministrativeExpenses": 519300000,
    "sellingAndMarketingExpenses": 0,
    "sellingGeneralAndAdministrativeExpenses": 519300000,
    "otherExpenses": 0,
    "operatingExpenses": 519300000,
    "costAndExpenses": 13470300000,
    "interestIncome": 0,
    "interestExpense": 0,
    "depreciationAndAmortization": 50100000,
    "ebitda": 220000000,
    "ebitdaratio": 0.016069772,
    "operatingIncome": 220000000,
    "operatingIncomeRatio": 0.016069772,
    "totalOtherIncomeExpensesNet": -27200000,
    "incomeBeforeTax": 192800000,
    "incomeBeforeTaxRatio": 0.0140829639,
    "incomeTaxExpense": 64400000,
    "netIncome": 124800000,
    "netIncomeRatio": 0.0091159434,
    "eps": 0.43,
    "epsdiluted": 0.42,
    "weightedAverageShsOut": 289200000,
    "weightedAverageShsOutDil": 299000000,
    "link": "https://www.sec.gov/Archives/edgar/data/927653/000095014902002266/0000950149-02-002266-index.htm",
    "finalLink": "https://www.sec.gov/Archives/edgar/data/927653/000095014902002266/f85481e10vq.htm"
  },
  {
    "date": "2002-06-30",
    "symbol": "MCK",
    "reportedCurrency": "USD",
    "cik": "0000927653",
    "fillingDate": "2002-08-09",
    "acceptedDate": "2002-08-09 12:07:03",
    "calendarYear": "2003",
    "period": "Q1",
    "revenue": 13628000000,
    "costOfRevenue": 12875500000,
    "grossProfit": 752500000,
    "grossProfitRatio": 0.0552171999,
    "researchAndDevelopmentExpenses": 0,
    "generalAndAdministrativeExpenses": 548700000,
    "sellingAndMarketingExpenses": 0,
    "sellingGeneralAndAdministrativeExpenses": 548700000,
    "otherExpenses": 0,
    "operatingExpenses": 548700000,
    "costAndExpenses": 13424200000,
    "interestIncome": 0,
    "interestExpense": 0,
    "depreciationAndAmortization": 50700000,
    "ebitda": 203800000,
    "ebitdaratio": 0.0149545054,
    "operatingIncome": 203800000,
    "operatingIncomeRatio": 0.0149545054,
    "totalOtherIncomeExpensesNet": -22400000,
    "incomeBeforeTax": 181400000,
    "incomeBeforeTaxRatio": 0.0133108306,
    "incomeTaxExpense": 64100000,
    "netIncome": 117300000,
    "netIncomeRatio": 0.0086072791,
    "eps": 0.41,
    "epsdiluted": 0.39,
    "weightedAverageShsOut": 288400000,
    "weightedAverageShsOutDil": 301000000,
    "link": "https://www.sec.gov/Archives/edgar/data/927653/000095014902001603/0000950149-02-001603-index.htm",
    "finalLink": "https://www.sec.gov/Archives/edgar/data/927653/000095014902001603/f83291e10vq.htm"
  },
  {
    "date": "2002-03-31",
    "symbol": "MCK",
    "reportedCurrency": "USD",
    "cik": "0000927653",
    "fillingDate": "2002-06-12",
    "acceptedDate": "2002-06-12 17:20:03",
    "calendarYear": "2002",
    "period": "Q4",
    "revenue": 12996100000,
    "costOfRevenue": 12212100000,
    "grossProfit": 784000000,
    "grossProfitRatio": 0.06032579,
    "researchAndDevelopmentExpenses": 135100000,
    "generalAndAdministrativeExpenses": 428100000,
    "sellingAndMarketingExpenses": 0,
    "sellingGeneralAndAdministrativeExpenses": 428100000,
    "otherExpenses": 157100000,
    "operatingExpenses": 585200000,
    "costAndExpenses": 12797300000,
    "interestIncome": 0,
    "interestExpense": 0,
    "depreciationAndAmortization": 54000000,
    "ebitda": 252800000,
    "ebitdaratio": 0.0194519894,
    "operatingIncome": 198800000,
    "operatingIncomeRatio": 0.0152968968,
    "totalOtherIncomeExpensesNet": -15400000,
    "incomeBeforeTax": 183400000,
    "incomeBeforeTaxRatio": 0.0141119259,
    "incomeTaxExpense": 62600000,
    "netIncome": 125400000,
    "netIncomeRatio": 0.0096490486,
    "eps": 0.43,
    "epsdiluted": 0.43,
    "weightedAverageShsOut": 286100000,
    "weightedAverageShsOutDil": 288400000,
    "link": "https://www.sec.gov/Archives/edgar/data/927653/000095014902001196/0000950149-02-001196-index.htm",
    "finalLink": "https://www.sec.gov/Archives/edgar/data/927653/000095014902001196/f82011e10vk.htm"
  },
  {
    "date": "2001-12-31",
    "symbol": "MCK",
    "reportedCurrency": "USD",
    "cik": "0000927653",
    "fillingDate": "2002-02-14",
    "acceptedDate": "2002-02-14 00:00:00",
    "calendarYear": "2002",
    "period": "Q3",
    "revenue": 13196700000,
    "costOfRevenue": 12511300000,
    "grossProfit": 685400000,
    "grossProfitRatio": 0.0519372267,
    "researchAndDevelopmentExpenses": 497700000,
    "generalAndAdministrativeExpenses": 497700000,
    "sellingAndMarketingExpenses": 0,
    "sellingGeneralAndAdministrativeExpenses": 497700000,
    "otherExpenses": 0,
    "operatingExpenses": 497700000,
    "costAndExpenses": 13009000000,
    "interestIncome": 0,
    "interestExpense": 0,
    "depreciationAndAmortization": 50200000,
    "ebitda": 239000000,
    "ebitdaratio": 0.0181105883,
    "operatingIncome": 187700000,
    "operatingIncomeRatio": 0.0142232528,
    "totalOtherIncomeExpensesNet": -17500000,
    "incomeBeforeTax": 169800000,
    "incomeBeforeTaxRatio": 0.0128668531,
    "incomeTaxExpense": 59500000,
    "netIncome": 108800000,
    "netIncomeRatio": 0.0082444854,
    "eps": 0.38,
    "epsdiluted": 0.37,
    "weightedAverageShsOut": 285600000,
    "weightedAverageShsOutDil": 299200000,
    "link": "https://www.sec.gov/Archives/edgar/data/927653/000095014902000289/0000950149-02-000289-index.htm",
    "finalLink": "https://www.sec.gov/Archives/edgar/data/927653/000095014902000289/f78929e10-q.htm"
  },
  {
    "date": "2001-09-30",
    "symbol": "MCK",
    "reportedCurrency": "USD",
    "cik": "0000927653",
    "fillingDate": "2001-11-02",
    "acceptedDate": "2001-11-02 00:00:00",
    "calendarYear": "2002",
    "period": "Q2",
    "revenue": 12159300000,
    "costOfRevenue": 11491500000,
    "grossProfit": 667800000,
    "grossProfitRatio": 0.0549209247,
    "researchAndDevelopmentExpenses": 520100000,
    "generalAndAdministrativeExpenses": 520100000,
    "sellingAndMarketingExpenses": 0,
    "sellingGeneralAndAdministrativeExpenses": 520100000,
    "otherExpenses": 0,
    "operatingExpenses": 520100000,
    "costAndExpenses": 12011600000,
    "interestIncome": 0,
    "interestExpense": 0,
    "depreciationAndAmortization": 52100000,
    "ebitda": 203700000,
    "ebitdaratio": 0.0167526091,
    "operatingIncome": 147700000,
    "operatingIncomeRatio": 0.0121470808,
    "totalOtherIncomeExpensesNet": -21000000,
    "incomeBeforeTax": 125300000,
    "incomeBeforeTaxRatio": 0.0103048695,
    "incomeTaxExpense": 46300000,
    "netIncome": 79000000,
    "netIncomeRatio": 0.0064970845,
    "eps": 0.28,
    "epsdiluted": 0.27,
    "weightedAverageShsOut": 285000000,
    "weightedAverageShsOutDil": 299000000,
    "link": "https://www.sec.gov/Archives/edgar/data/927653/000095014901501609/0000950149-01-501609-index.htm",
    "finalLink": "https://www.sec.gov/Archives/edgar/data/927653/000095014901501609/f76619e10-q.htm"
  },
  {
    "date": "2001-06-30",
    "symbol": "MCK",
    "reportedCurrency": "USD",
    "cik": "0000927653",
    "fillingDate": "2001-08-10",
    "acceptedDate": "2001-08-10 00:00:00",
    "calendarYear": "2002",
    "period": "Q1",
    "revenue": 11653900000,
    "costOfRevenue": 10994200000,
    "grossProfit": 659700000,
    "grossProfitRatio": 0.0566076592,
    "researchAndDevelopmentExpenses": 0,
    "generalAndAdministrativeExpenses": 500500000,
    "sellingAndMarketingExpenses": 0,
    "sellingGeneralAndAdministrativeExpenses": 500500000,
    "otherExpenses": 0,
    "operatingExpenses": 500500000,
    "costAndExpenses": 11494700000,
    "interestIncome": 0,
    "interestExpense": 0,
    "depreciationAndAmortization": 51200000,
    "ebitda": 191600000,
    "ebitdaratio": 0.0164408481,
    "operatingIncome": 159200000,
    "operatingIncomeRatio": 0.013660663,
    "totalOtherIncomeExpensesNet": -20800000,
    "incomeBeforeTax": 119600000,
    "incomeBeforeTaxRatio": 0.0102626589,
    "incomeTaxExpense": 14200000,
    "netIncome": 105400000,
    "netIncomeRatio": 0.0090441826,
    "eps": 0.37,
    "epsdiluted": 0.36,
    "weightedAverageShsOut": 283900000,
    "weightedAverageShsOutDil": 295500000,
    "link": "https://www.sec.gov/Archives/edgar/data/927653/000095014901501161/0000950149-01-501161-index.htm",
    "finalLink": "https://www.sec.gov/Archives/edgar/data/927653/000095014901501161/f74659e10-q.htm"
  },
  {
    "date": "2001-03-31",
    "symbol": "MCK",
    "reportedCurrency": "USD",
    "cik": "0000927653",
    "fillingDate": "2001-06-01",
    "acceptedDate": "2001-06-01 00:00:00",
    "calendarYear": "2001",
    "period": "Q4",
    "revenue": 11377600000,
    "costOfRevenue": 10718100000,
    "grossProfit": 659500000,
    "grossProfitRatio": 0.0579647729,
    "researchAndDevelopmentExpenses": 0,
    "generalAndAdministrativeExpenses": 706100000,
    "sellingAndMarketingExpenses": 0,
    "sellingGeneralAndAdministrativeExpenses": 706100000,
    "otherExpenses": 259100000,
    "operatingExpenses": 965200000,
    "costAndExpenses": 11683300000,
    "interestIncome": 0,
    "interestExpense": 0,
    "depreciationAndAmortization": 68300000,
    "ebitda": -237400000,
    "ebitdaratio": -0.0208655604,
    "operatingIncome": -305700000,
    "operatingIncomeRatio": -0.0268685839,
    "totalOtherIncomeExpensesNet": 93300000,
    "incomeBeforeTax": -212400000,
    "incomeBeforeTaxRatio": -0.0186682604,
    "incomeTaxExpense": -36900000,
    "netIncome": -175500000,
    "netIncomeRatio": -0.0154250457,
    "eps": -0.62,
    "epsdiluted": -0.62,
    "weightedAverageShsOut": 283400000,
    "weightedAverageShsOutDil": 283900000,
    "link": "https://www.sec.gov/Archives/edgar/data/927653/000095014901500834/0000950149-01-500834-index.htm",
    "finalLink": "https://www.sec.gov/Archives/edgar/data/927653/000095014901500834/f72121e10-k.txt"
  },
  {
    "date": "2000-12-31",
    "symbol": "MCK",
    "reportedCurrency": "USD",
    "cik": "0000927653",
    "fillingDate": "2001-02-01",
    "acceptedDate": "2001-02-01 00:00:00",
    "calendarYear": "2001",
    "period": "Q3",
    "revenue": 11029100000,
    "costOfRevenue": 10416300000,
    "grossProfit": 612800000,
    "grossProfitRatio": 0.0555621039,
    "researchAndDevelopmentExpenses": 0,
    "generalAndAdministrativeExpenses": 471200000,
    "sellingAndMarketingExpenses": 0,
    "sellingGeneralAndAdministrativeExpenses": 471200000,
    "otherExpenses": 0,
    "operatingExpenses": 471200000,
    "costAndExpenses": 10887500000,
    "interestIncome": 0,
    "interestExpense": 0,
    "depreciationAndAmortization": 61300000,
    "ebitda": 202900000,
    "ebitdaratio": 0.0183967867,
    "operatingIncome": 141600000,
    "operatingIncomeRatio": 0.0128387629,
    "totalOtherIncomeExpensesNet": -128700000,
    "incomeBeforeTax": 12900000,
    "incomeBeforeTaxRatio": 0.0011696331,
    "incomeTaxExpense": 5600000,
    "netIncome": 1700000,
    "netIncomeRatio": 0.0001541377,
    "eps": 0.01,
    "epsdiluted": 0.01,
    "weightedAverageShsOut": 283400000,
    "weightedAverageShsOutDil": 295100000,
    "link": "https://www.sec.gov/Archives/edgar/data/927653/000092962401000145/0000929624-01-000145-index.htm",
    "finalLink": "https://www.sec.gov/Archives/edgar/data/927653/000092962401000145/0000929624-01-000145-0001.txt"
  },
  {
    "date": "2000-09-30",
    "symbol": "MCK",
    "reportedCurrency": "USD",
    "cik": "0000927653",
    "fillingDate": "2000-11-06",
    "acceptedDate": "2000-11-06 00:00:00",
    "calendarYear": "2001",
    "period": "Q2",
    "revenue": 9874800000,
    "costOfRevenue": 9240100000,
    "grossProfit": 634700000,
    "grossProfitRatio": 0.0642747195,
    "researchAndDevelopmentExpenses": 0,
    "generalAndAdministrativeExpenses": 449600000,
    "sellingAndMarketingExpenses": 0,
    "sellingGeneralAndAdministrativeExpenses": 449600000,
    "otherExpenses": 58800000,
    "operatingExpenses": 508400000,
    "costAndExpenses": 9748500000,
    "interestIncome": 0,
    "interestExpense": 0,
    "depreciationAndAmortization": 58800000,
    "ebitda": 175800000,
    "ebitdaratio": 0.0178028922,
    "operatingIncome": 126300000,
    "operatingIncomeRatio": 0.0127901325,
    "totalOtherIncomeExpensesNet": -13200000,
    "incomeBeforeTax": 103800000,
    "incomeBeforeTaxRatio": 0.0105116053,
    "incomeTaxExpense": 41900000,
    "netIncome": 61900000,
    "netIncomeRatio": 0.0062684814,
    "eps": 0.22,
    "epsdiluted": 0.22,
    "weightedAverageShsOut": 283949068,
    "weightedAverageShsOutDil": 283949068,
    "link": "https://www.sec.gov/Archives/edgar/data/927653/000092962400001526/0000929624-00-001526-index.htm",
    "finalLink": "https://www.sec.gov/Archives/edgar/data/927653/000092962400001526/0000929624-00-001526-0001.txt"
  },
  {
    "date": "2000-06-30",
    "symbol": "MCK",
    "reportedCurrency": "USD",
    "cik": "0000927653",
    "fillingDate": "2000-08-03",
    "acceptedDate": "2000-08-03 00:00:00",
    "calendarYear": "2001",
    "period": "Q1",
    "revenue": 9728500000,
    "costOfRevenue": 9088000000,
    "grossProfit": 640500000,
    "grossProfitRatio": 0.0658374878,
    "researchAndDevelopmentExpenses": 0,
    "generalAndAdministrativeExpenses": 448600000,
    "sellingAndMarketingExpenses": 0,
    "sellingGeneralAndAdministrativeExpenses": 448600000,
    "otherExpenses": 57700000,
    "operatingExpenses": 506300000,
    "costAndExpenses": 9594300000,
    "interestIncome": 0,
    "interestExpense": 0,
    "depreciationAndAmortization": 57700000,
    "ebitda": 191900000,
    "ebitdaratio": 0.0197255486,
    "operatingIncome": 134200000,
    "operatingIncomeRatio": 0.0137945213,
    "totalOtherIncomeExpensesNet": -28900000,
    "incomeBeforeTax": 105300000,
    "incomeBeforeTaxRatio": 0.010823868,
    "incomeTaxExpense": 41700000,
    "netIncome": 63600000,
    "netIncomeRatio": 0.0065374929,
    "eps": 0.23,
    "epsdiluted": 0.22,
    "weightedAverageShsOut": 282600000,
    "weightedAverageShsOutDil": 289700000,
    "link": "https://www.sec.gov/Archives/edgar/data/927653/000092962400001056/0000929624-00-001056-index.htm",
    "finalLink": "https://www.sec.gov/Archives/edgar/data/927653/000092962400001056/0000929624-00-001056-0001.txt"
  },
  {
    "date": "2000-03-31",
    "symbol": "MCK",
    "reportedCurrency": "USD",
    "cik": "0000927653",
    "fillingDate": "2000-06-13",
    "acceptedDate": "2000-06-13 00:00:00",
    "calendarYear": "2000",
    "period": "Q4",
    "revenue": 9305100000,
    "costOfRevenue": 8651800000,
    "grossProfit": 653300000,
    "grossProfitRatio": 0.0702088102,
    "researchAndDevelopmentExpenses": 0,
    "generalAndAdministrativeExpenses": 611500000,
    "sellingAndMarketingExpenses": 0,
    "sellingGeneralAndAdministrativeExpenses": 611500000,
    "otherExpenses": 154400000,
    "operatingExpenses": 765900000,
    "costAndExpenses": 9417700000,
    "interestIncome": 0,
    "interestExpense": 0,
    "depreciationAndAmortization": 41800000,
    "ebitda": -70800000,
    "ebitdaratio": -0.0076087307,
    "operatingIncome": -112600000,
    "operatingIncomeRatio": -0.0121008909,
    "totalOtherIncomeExpensesNet": -22800000,
    "incomeBeforeTax": -135400000,
    "incomeBeforeTaxRatio": -0.0145511601,
    "incomeTaxExpense": -47200000,
    "netIncome": 427500000,
    "netIncomeRatio": 0.0459425476,
    "eps": 1.51,
    "epsdiluted": 1.51,
    "weightedAverageShsOut": 278914286,
    "weightedAverageShsOutDil": 282600000,
    "link": "https://www.sec.gov/Archives/edgar/data/927653/000092962400000832/0000929624-00-000832-index.htm",
    "finalLink": "https://www.sec.gov/Archives/edgar/data/927653/000092962400000832/0000929624-00-000832-0001.txt"
  },
  {
    "date": "1999-12-31",
    "symbol": "MCK",
    "reportedCurrency": "USD",
    "cik": "0000927653",
    "fillingDate": "2000-02-14",
    "acceptedDate": "2000-02-14 00:00:00",
    "calendarYear": "2000",
    "period": "Q3",
    "revenue": 9890900000,
    "costOfRevenue": 9283900000,
    "grossProfit": 607000000,
    "grossProfitRatio": 0.0613695417,
    "researchAndDevelopmentExpenses": 0,
    "generalAndAdministrativeExpenses": 538800000,
    "sellingAndMarketingExpenses": 0,
    "sellingGeneralAndAdministrativeExpenses": 538800000,
    "otherExpenses": 41900000,
    "operatingExpenses": 580700000,
    "costAndExpenses": 9864600000,
    "interestIncome": 0,
    "interestExpense": 0,
    "depreciationAndAmortization": 41900000,
    "ebitda": 84000000,
    "ebitdaratio": 0.0084926549,
    "operatingIncome": 26300000,
    "operatingIncomeRatio": 0.0026590098,
    "totalOtherIncomeExpensesNet": 232800000,
    "incomeBeforeTax": 259100000,
    "incomeBeforeTaxRatio": 0.0261957961,
    "incomeTaxExpense": 98500000,
    "netIncome": 166800000,
    "netIncomeRatio": 0.0168639861,
    "eps": 0.59,
    "epsdiluted": 0.58,
    "weightedAverageShsOut": 289800000,
    "weightedAverageShsOutDil": 289800000,
    "link": "https://www.sec.gov/Archives/edgar/data/927653/000094420900000219/0000944209-00-000219-index.html",
    "finalLink": "https://www.sec.gov/Archives/edgar/data/927653/000094420900000219/"
  },
  {
    "date": "1999-09-30",
    "symbol": "MCK",
    "reportedCurrency": "USD",
    "cik": "0000927653",
    "fillingDate": "1999-11-15",
    "acceptedDate": "1999-11-15 00:00:00",
    "calendarYear": "2000",
    "period": "Q2",
    "revenue": 9050100000,
    "costOfRevenue": 8338700000,
    "grossProfit": 711400000,
    "grossProfitRatio": 0.0786068662,
    "researchAndDevelopmentExpenses": 0,
    "generalAndAdministrativeExpenses": 523000000,
    "sellingAndMarketingExpenses": 0,
    "sellingGeneralAndAdministrativeExpenses": 523000000,
    "otherExpenses": 60800000,
    "operatingExpenses": 583800000,
    "costAndExpenses": 8922500000,
    "interestIncome": 0,
    "interestExpense": 0,
    "depreciationAndAmortization": 60800000,
    "ebitda": 188400000,
    "ebitdaratio": 0.0208174495,
    "operatingIncome": 127600000,
    "operatingIncomeRatio": 0.0140992917,
    "totalOtherIncomeExpensesNet": -28600000,
    "incomeBeforeTax": 97300000,
    "incomeBeforeTaxRatio": 0.0107512624,
    "incomeTaxExpense": 38000000,
    "netIncome": 59300000,
    "netIncomeRatio": 0.0065524138,
    "eps": 0.21,
    "epsdiluted": 0.21,
    "weightedAverageShsOut": 282380952,
    "weightedAverageShsOutDil": 282380952,
    "link": "https://www.sec.gov/Archives/edgar/data/927653/000092962499001974/0000929624-99-001974-index.html",
    "finalLink": "https://www.sec.gov/Archives/edgar/data/927653/000092962499001974/"
  },
  {
    "date": "1999-06-30",
    "symbol": "MCK",
    "reportedCurrency": "USD",
    "cik": "0000927653",
    "fillingDate": "1999-08-13",
    "acceptedDate": "1999-08-13 00:00:00",
    "calendarYear": "2000",
    "period": "Q1",
    "revenue": 8697400000,
    "costOfRevenue": 7990500000,
    "grossProfit": 706900000,
    "grossProfitRatio": 0.0812771633,
    "researchAndDevelopmentExpenses": 0,
    "generalAndAdministrativeExpenses": 501100000,
    "sellingAndMarketingExpenses": 0,
    "sellingGeneralAndAdministrativeExpenses": 501100000,
    "otherExpenses": 56800000,
    "operatingExpenses": 557900000,
    "costAndExpenses": 8548400000,
    "interestIncome": 0,
    "interestExpense": 0,
    "depreciationAndAmortization": 56800000,
    "ebitda": 205800000,
    "ebitdaratio": 0.0236622439,
    "operatingIncome": 149000000,
    "operatingIncomeRatio": 0.0171315566,
    "totalOtherIncomeExpensesNet": -32700000,
    "incomeBeforeTax": 114900000,
    "incomeBeforeTaxRatio": 0.0132108446,
    "incomeTaxExpense": 44800000,
    "netIncome": 70100000,
    "netIncomeRatio": 0.00805988,
    "eps": 0.25,
    "epsdiluted": 0.25,
    "weightedAverageShsOut": 290200000,
    "weightedAverageShsOutDil": 290200000,
    "link": "https://www.sec.gov/Archives/edgar/data/927653/000092962499001525/0000929624-99-001525-index.html",
    "finalLink": "https://www.sec.gov/Archives/edgar/data/927653/000092962499001525/"
  },
  {
    "date": "1999-03-31",
    "symbol": "MCK",
    "reportedCurrency": "USD",
    "cik": "0000927653",
    "fillingDate": "1999-07-16",
    "acceptedDate": "1999-07-16 00:00:00",
    "calendarYear": "1999",
    "period": "Q4",
    "revenue": 9591100000,
    "costOfRevenue": 8102800000,
    "grossProfit": 1488300000,
    "grossProfitRatio": 0.1551751103,
    "researchAndDevelopmentExpenses": 0,
    "generalAndAdministrativeExpenses": 1163400000,
    "sellingAndMarketingExpenses": 0,
    "sellingGeneralAndAdministrativeExpenses": 1163400000,
    "otherExpenses": 241400000,
    "operatingExpenses": 1404800000,
    "costAndExpenses": 9507600000,
    "interestIncome": 0,
    "interestExpense": 0,
    "depreciationAndAmortization": 126700000,
    "ebitda": 210200000,
    "ebitdaratio": 0.0219161514,
    "operatingIncome": 83500000,
    "operatingIncomeRatio": 0.0087059878,
    "totalOtherIncomeExpensesNet": -35800000,
    "incomeBeforeTax": 47700000,
    "incomeBeforeTaxRatio": 0.0049733607,
    "incomeTaxExpense": 56500000,
    "netIncome": -8800000,
    "netIncomeRatio": -0.0009175173,
    "eps": -0.0314,
    "epsdiluted": -0.0314,
    "weightedAverageShsOut": 280400000,
    "weightedAverageShsOutDil": 280400000,
    "link": "https://www.sec.gov/Archives/edgar/data/927653/000092962499001311/0000929624-99-001311-index.html",
    "finalLink": "https://www.sec.gov/Archives/edgar/data/927653/000092962499001311/"
  },
  {
    "date": "1998-12-31",
    "symbol": "MCK",
    "reportedCurrency": "USD",
    "cik": "0000927653",
    "fillingDate": "1999-02-12",
    "acceptedDate": "1999-02-12 00:00:00",
    "calendarYear": "1999",
    "period": "Q3",
    "revenue": 7978800000,
    "costOfRevenue": 7480600000,
    "grossProfit": 498200000,
    "grossProfitRatio": 0.0624404672,
    "researchAndDevelopmentExpenses": 0,
    "generalAndAdministrativeExpenses": 371200000,
    "sellingAndMarketingExpenses": 0,
    "sellingGeneralAndAdministrativeExpenses": 371200000,
    "otherExpenses": 25200000,
    "operatingExpenses": 396400000,
    "costAndExpenses": 7877000000,
    "interestIncome": 0,
    "interestExpense": 0,
    "depreciationAndAmortization": 25200000,
    "ebitda": 127000000,
    "ebitdaratio": 0.0159171805,
    "operatingIncome": 101800000,
    "operatingIncomeRatio": 0.0127588108,
    "totalOtherIncomeExpensesNet": -32900000,
    "incomeBeforeTax": 67900000,
    "incomeBeforeTaxRatio": 0.0085100516,
    "incomeTaxExpense": 25700000,
    "netIncome": 42200000,
    "netIncomeRatio": 0.0052890159,
    "eps": 0.18,
    "epsdiluted": 0.18,
    "weightedAverageShsOut": 95370370,
    "weightedAverageShsOutDil": 100980392,
    "link": "https://www.sec.gov/Archives/edgar/data/927653/000092765399000004/0000927653-99-000004-index.html",
    "finalLink": "https://www.sec.gov/Archives/edgar/data/927653/"
  },
  {
    "date": "1998-09-30",
    "symbol": "MCK",
    "reportedCurrency": "USD",
    "cik": "0000927653",
    "fillingDate": "1998-10-30",
    "acceptedDate": "1998-10-30 00:00:00",
    "calendarYear": "1999",
    "period": "Q2",
    "revenue": 6941500000,
    "costOfRevenue": 6488500000,
    "grossProfit": 453000000,
    "grossProfitRatio": 0.0652596701,
    "researchAndDevelopmentExpenses": 0,
    "generalAndAdministrativeExpenses": 381900000,
    "sellingAndMarketingExpenses": 0,
    "sellingGeneralAndAdministrativeExpenses": 381900000,
    "otherExpenses": 24300000,
    "operatingExpenses": 406200000,
    "costAndExpenses": 6894700000,
    "interestIncome": 0,
    "interestExpense": 0,
    "depreciationAndAmortization": 24300000,
    "ebitda": 71100000,
    "ebitdaratio": 0.0102427429,
    "operatingIncome": 46800000,
    "operatingIncomeRatio": 0.0067420586,
    "totalOtherIncomeExpensesNet": -31400000,
    "incomeBeforeTax": 15900000,
    "incomeBeforeTaxRatio": 0.0022905712,
    "incomeTaxExpense": 6500000,
    "netIncome": 9400000,
    "netIncomeRatio": 0.0013541742,
    "eps": 0.1,
    "epsdiluted": 0.1,
    "weightedAverageShsOut": 93555556,
    "weightedAverageShsOutDil": 97906977,
    "link": "https://www.sec.gov/Archives/edgar/data/927653/000089843098003757/0000898430-98-003757-index.html",
    "finalLink": "https://www.sec.gov/Archives/edgar/data/927653/"
  },
  {
    "date": "1998-06-30",
    "symbol": "MCK",
    "reportedCurrency": "USD",
    "cik": "0000927653",
    "fillingDate": "1998-08-10",
    "acceptedDate": "1998-08-10 00:00:00",
    "calendarYear": "1999",
    "period": "Q1",
    "revenue": 5870900000,
    "costOfRevenue": 5445500000,
    "grossProfit": 425400000,
    "grossProfitRatio": 0.0724590778,
    "researchAndDevelopmentExpenses": 0,
    "generalAndAdministrativeExpenses": 302200000,
    "sellingAndMarketingExpenses": 0,
    "sellingGeneralAndAdministrativeExpenses": 302200000,
    "otherExpenses": 23100000,
    "operatingExpenses": 325300000,
    "costAndExpenses": 5770800000,
    "interestIncome": 0,
    "interestExpense": 0,
    "depreciationAndAmortization": 23100000,
    "ebitda": 123200000,
    "ebitdaratio": 0.0209848575,
    "operatingIncome": 100100000,
    "operatingIncomeRatio": 0.0170501967,
    "totalOtherIncomeExpensesNet": -32500000,
    "incomeBeforeTax": 70500000,
    "incomeBeforeTaxRatio": 0.0120083803,
    "incomeTaxExpense": 28400000,
    "netIncome": 42100000,
    "netIncomeRatio": 0.0071709619,
    "eps": 0.45,
    "epsdiluted": 0.43,
    "weightedAverageShsOut": 95200000,
    "weightedAverageShsOutDil": 95200000,
    "link": "https://www.sec.gov/Archives/edgar/data/927653/000092962498001341/0000929624-98-001341-index.html",
    "finalLink": "https://www.sec.gov/Archives/edgar/data/927653/"
  },
  {
    "date": "1998-03-31",
    "symbol": "MCK",
    "reportedCurrency": "USD",
    "cik": "0000927653",
    "fillingDate": "1998-07-29",
    "acceptedDate": "1998-07-29 00:00:00",
    "calendarYear": "1998",
    "period": "Q4",
    "revenue": 7376000000,
    "costOfRevenue": 6941100000,
    "grossProfit": 434900000,
    "grossProfitRatio": 0.0589614967,
    "researchAndDevelopmentExpenses": 0,
    "generalAndAdministrativeExpenses": 322600000,
    "sellingAndMarketingExpenses": 0,
    "sellingGeneralAndAdministrativeExpenses": 322600000,
    "otherExpenses": 23100000,
    "operatingExpenses": 345700000,
    "costAndExpenses": 7286800000,
    "interestIncome": 0,
    "interestExpense": 0,
    "depreciationAndAmortization": 23100000,
    "ebitda": 112300000,
    "ebitdaratio": 0.0152250542,
    "operatingIncome": 89200000,
    "operatingIncomeRatio": 0.0120932755,
    "totalOtherIncomeExpensesNet": -29200000,
    "incomeBeforeTax": 60000000,
    "incomeBeforeTaxRatio": 0.0081344902,
    "incomeTaxExpense": 24300000,
    "netIncome": 35700000,
    "netIncomeRatio": 0.0048400217,
    "eps": 0.38,
    "epsdiluted": 0.38,
    "weightedAverageShsOut": 93555556,
    "weightedAverageShsOutDil": 93555556,
    "link": "https://www.sec.gov/Archives/edgar/data/927653/000092962498001298/0000929624-98-001298-index.html",
    "finalLink": "https://www.sec.gov/Archives/edgar/data/927653/"
  },
  {
    "date": "1997-12-31",
    "symbol": "MCK",
    "reportedCurrency": "USD",
    "cik": "0000927653",
    "fillingDate": "1998-02-11",
    "acceptedDate": "1998-02-11 00:00:00",
    "calendarYear": "1998",
    "period": "Q3",
    "revenue": 4670800000,
    "costOfRevenue": 4271500000,
    "grossProfit": 399300000,
    "grossProfitRatio": 0.0854885673,
    "researchAndDevelopmentExpenses": 0,
    "generalAndAdministrativeExpenses": 281600000,
    "sellingAndMarketingExpenses": 0,
    "sellingGeneralAndAdministrativeExpenses": 281600000,
    "otherExpenses": 22300000,
    "operatingExpenses": 303900000,
    "costAndExpenses": 4575400000,
    "interestIncome": 0,
    "interestExpense": 0,
    "depreciationAndAmortization": 22300000,
    "ebitda": 117700000,
    "ebitdaratio": 0.0251991094,
    "operatingIncome": 95400000,
    "operatingIncomeRatio": 0.0204247666,
    "totalOtherIncomeExpensesNet": -28300000,
    "incomeBeforeTax": 67100000,
    "incomeBeforeTaxRatio": 0.0143658474,
    "incomeTaxExpense": 25100000,
    "netIncome": 42000000,
    "netIncomeRatio": 0.0089920356,
    "eps": 0.45,
    "epsdiluted": 0.43,
    "weightedAverageShsOut": 93333333,
    "weightedAverageShsOutDil": 97674419,
    "link": "https://www.sec.gov/Archives/edgar/data/927653/000092765398000002/0000927653-98-000002-index.html",
    "finalLink": "https://www.sec.gov/Archives/edgar/data/927653/"
  },
  {
    "date": "1997-09-30",
    "symbol": "MCK",
    "reportedCurrency": "USD",
    "cik": "0000927653",
    "fillingDate": "1997-11-07",
    "acceptedDate": "1997-11-07 00:00:00",
    "calendarYear": "1998",
    "period": "Q2",
    "revenue": 4467800000,
    "costOfRevenue": 4079600000,
    "grossProfit": 388200000,
    "grossProfitRatio": 0.0868884015,
    "researchAndDevelopmentExpenses": 0,
    "generalAndAdministrativeExpenses": 276400000,
    "sellingAndMarketingExpenses": 0,
    "sellingGeneralAndAdministrativeExpenses": 276400000,
    "otherExpenses": 20500000,
    "operatingExpenses": 296900000,
    "costAndExpenses": 4376500000,
    "interestIncome": 0,
    "interestExpense": 0,
    "depreciationAndAmortization": 20500000,
    "ebitda": 111800000,
    "ebitdaratio": 0.0250235015,
    "operatingIncome": 91300000,
    "operatingIncomeRatio": 0.0204351135,
    "totalOtherIncomeExpensesNet": -26500000,
    "incomeBeforeTax": 64800000,
    "incomeBeforeTaxRatio": 0.0145037826,
    "incomeTaxExpense": 25200000,
    "netIncome": 39600000,
    "netIncomeRatio": 0.0088634227,
    "eps": 0.44,
    "epsdiluted": 0.41,
    "weightedAverageShsOut": 90000000,
    "weightedAverageShsOutDil": 96585366,
    "link": "https://www.sec.gov/Archives/edgar/data/927653/000092765397000020/0000927653-97-000020-index.html",
    "finalLink": "https://www.sec.gov/Archives/edgar/data/927653/"
  },
  {
    "date": "1997-06-30",
    "symbol": "MCK",
    "reportedCurrency": "USD",
    "cik": "0000927653",
    "fillingDate": "1997-08-13",
    "acceptedDate": "1997-08-13 00:00:00",
    "calendarYear": "1998",
    "period": "Q1",
    "revenue": 4342700000,
    "costOfRevenue": 3956600000,
    "grossProfit": 386100000,
    "grossProfitRatio": 0.0889078223,
    "researchAndDevelopmentExpenses": 0,
    "generalAndAdministrativeExpenses": 278500000,
    "sellingAndMarketingExpenses": 0,
    "sellingGeneralAndAdministrativeExpenses": 278500000,
    "otherExpenses": 21300000,
    "operatingExpenses": 299800000,
    "costAndExpenses": 4256400000,
    "interestIncome": 0,
    "interestExpense": 0,
    "depreciationAndAmortization": 21300000,
    "ebitda": 107600000,
    "ebitdaratio": 0.0247772123,
    "operatingIncome": 86300000,
    "operatingIncomeRatio": 0.0198724296,
    "totalOtherIncomeExpensesNet": -24700000,
    "incomeBeforeTax": 61600000,
    "incomeBeforeTaxRatio": 0.0141847238,
    "incomeTaxExpense": 24000000,
    "netIncome": 37600000,
    "netIncomeRatio": 0.008658208,
    "eps": 0.41,
    "epsdiluted": 0.39,
    "weightedAverageShsOut": 91707317,
    "weightedAverageShsOutDil": 96410256,
    "link": "https://www.sec.gov/Archives/edgar/data/927653/000092765397000017/0000927653-97-000017-index.html",
    "finalLink": "https://www.sec.gov/Archives/edgar/data/927653/"
  },
  {
    "date": "1997-03-31",
    "symbol": "MCK",
    "reportedCurrency": "USD",
    "cik": "0000927653",
    "fillingDate": "1997-06-19",
    "acceptedDate": "1997-06-19 00:00:00",
    "calendarYear": "1997",
    "period": "Q4",
    "revenue": 3998600000,
    "costOfRevenue": 3649200000,
    "grossProfit": 349400000,
    "grossProfitRatio": 0.0873805832,
    "researchAndDevelopmentExpenses": 0,
    "generalAndAdministrativeExpenses": 248400000,
    "sellingAndMarketingExpenses": 0,
    "sellingGeneralAndAdministrativeExpenses": 248400000,
    "otherExpenses": 18800000,
    "operatingExpenses": 267200000,
    "costAndExpenses": 3916400000,
    "interestIncome": 0,
    "interestExpense": 0,
    "depreciationAndAmortization": 18800000,
    "ebitda": 101000000,
    "ebitdaratio": 0.0252588406,
    "operatingIncome": 82200000,
    "operatingIncomeRatio": 0.020557195,
    "totalOtherIncomeExpensesNet": -22600000,
    "incomeBeforeTax": 59600000,
    "incomeBeforeTaxRatio": 0.0149052168,
    "incomeTaxExpense": 22800000,
    "netIncome": 37700000,
    "netIncomeRatio": 0.0094282999,
    "eps": 0.41,
    "epsdiluted": 0.41,
    "weightedAverageShsOut": 91707317,
    "weightedAverageShsOutDil": 91707317,
    "link": "https://www.sec.gov/Archives/edgar/data/927653/000092962497000781/0000929624-97-000781-index.html",
    "finalLink": "https://www.sec.gov/Archives/edgar/data/927653/"
  },
  {
    "date": "1996-12-31",
    "symbol": "MCK",
    "reportedCurrency": "USD",
    "cik": "0000927653",
    "fillingDate": "1997-02-05",
    "acceptedDate": "1997-02-05 00:00:00",
    "calendarYear": "1997",
    "period": "Q3",
    "revenue": 3486600000,
    "costOfRevenue": 3229600000,
    "grossProfit": 257000000,
    "grossProfitRatio": 0.0737107784,
    "researchAndDevelopmentExpenses": 0,
    "generalAndAdministrativeExpenses": 339600000,
    "sellingAndMarketingExpenses": 0,
    "sellingGeneralAndAdministrativeExpenses": 339600000,
    "otherExpenses": 13200000,
    "operatingExpenses": 352800000,
    "costAndExpenses": 3582400000,
    "interestIncome": 0,
    "interestExpense": 0,
    "depreciationAndAmortization": 13200000,
    "ebitda": -82600000,
    "ebitdaratio": -0.0236907015,
    "operatingIncome": -95800000,
    "operatingIncomeRatio": -0.0274766248,
    "totalOtherIncomeExpensesNet": -12700000,
    "incomeBeforeTax": -108500000,
    "incomeBeforeTaxRatio": -0.0311191419,
    "incomeTaxExpense": -24200000,
    "netIncome": 38000000,
    "netIncomeRatio": 0.01089887,
    "eps": 0.45,
    "epsdiluted": 0.44,
    "weightedAverageShsOut": 84401845,
    "weightedAverageShsOutDil": 86099233,
    "link": "https://www.sec.gov/Archives/edgar/data/927653/000092962497000093/0000929624-97-000093-index.html",
    "finalLink": "https://www.sec.gov/Archives/edgar/data/927653/"
  },
  {
    "date": "1996-09-30",
    "symbol": "MCK",
    "reportedCurrency": "USD",
    "cik": "0000927653",
    "fillingDate": "1997-06-06",
    "acceptedDate": "1997-06-06 00:00:00",
    "calendarYear": "1997",
    "period": "Q2",
    "revenue": 3566500000,
    "costOfRevenue": 3266000000,
    "grossProfit": 300500000,
    "grossProfitRatio": 0.0842562737,
    "researchAndDevelopmentExpenses": 0,
    "generalAndAdministrativeExpenses": 221000000,
    "sellingAndMarketingExpenses": 0,
    "sellingGeneralAndAdministrativeExpenses": 221000000,
    "otherExpenses": 20500000,
    "operatingExpenses": 241500000,
    "costAndExpenses": 3507500000,
    "interestIncome": 0,
    "interestExpense": 0,
    "depreciationAndAmortization": 20500000,
    "ebitda": 79500000,
    "ebitdaratio": 0.0222907613,
    "operatingIncome": 59000000,
    "operatingIncomeRatio": 0.0165428291,
    "totalOtherIncomeExpensesNet": -12000000,
    "incomeBeforeTax": 47000000,
    "incomeBeforeTaxRatio": 0.0131781859,
    "incomeTaxExpense": 18900000,
    "netIncome": 28100000,
    "netIncomeRatio": 0.0078788728,
    "eps": 0.33,
    "epsdiluted": 0.32,
    "weightedAverageShsOut": 85151515,
    "weightedAverageShsOutDil": 87812500,
    "link": "https://www.sec.gov/Archives/edgar/data/927653/000092765397000014/0000927653-97-000014-index.html",
    "finalLink": "https://www.sec.gov/Archives/edgar/data/927653/"
  },
  {
    "date": "1996-06-30",
    "symbol": "MCK",
    "reportedCurrency": "USD",
    "cik": "0000927653",
    "fillingDate": "1997-02-13",
    "acceptedDate": "1997-02-13 00:00:00",
    "calendarYear": "1997",
    "period": "Q1",
    "revenue": 3501500000,
    "costOfRevenue": 3191000000,
    "grossProfit": 310500000,
    "grossProfitRatio": 0.0886762816,
    "researchAndDevelopmentExpenses": 0,
    "generalAndAdministrativeExpenses": 227000000,
    "sellingAndMarketingExpenses": 0,
    "sellingGeneralAndAdministrativeExpenses": 227000000,
    "otherExpenses": 19300000,
    "operatingExpenses": 246300000,
    "costAndExpenses": 3437300000,
    "interestIncome": 0,
    "interestExpense": 0,
    "depreciationAndAmortization": 19300000,
    "ebitda": 83500000,
    "ebitdaratio": 0.0238469227,
    "operatingIncome": 64200000,
    "operatingIncomeRatio": 0.0183349993,
    "totalOtherIncomeExpensesNet": -10900000,
    "incomeBeforeTax": 50600000,
    "incomeBeforeTaxRatio": 0.0144509496,
    "incomeTaxExpense": 20500000,
    "netIncome": 30100000,
    "netIncomeRatio": 0.0085963159,
    "eps": -0.21,
    "epsdiluted": -0.21,
    "weightedAverageShsOut": 86190476,
    "weightedAverageShsOutDil": 86190476,
    "link": "https://www.sec.gov/Archives/edgar/data/927653/000092765397000006/0000927653-97-000006-index.html",
    "finalLink": "https://www.sec.gov/Archives/edgar/data/927653/"
  },
  {
    "date": "1996-03-31",
    "symbol": "MCK",
    "reportedCurrency": "USD",
    "cik": "0000927653",
    "fillingDate": "1997-02-13",
    "acceptedDate": "1997-02-13 00:00:00",
    "calendarYear": "1996",
    "period": "Q4",
    "revenue": 3482300000,
    "costOfRevenue": 3161300000,
    "grossProfit": 321000000,
    "grossProfitRatio": 0.0921804554,
    "researchAndDevelopmentExpenses": 0,
    "generalAndAdministrativeExpenses": 231000000,
    "sellingAndMarketingExpenses": 0,
    "sellingGeneralAndAdministrativeExpenses": 231000000,
    "otherExpenses": 19200000,
    "operatingExpenses": 250200000,
    "costAndExpenses": 3411500000,
    "interestIncome": 0,
    "interestExpense": 0,
    "depreciationAndAmortization": 19200000,
    "ebitda": 90000000,
    "ebitdaratio": 0.0258449875,
    "operatingIncome": 70800000,
    "operatingIncomeRatio": 0.0203313902,
    "totalOtherIncomeExpensesNet": -10100000,
    "incomeBeforeTax": 60700000,
    "incomeBeforeTaxRatio": 0.0174310082,
    "incomeTaxExpense": 22700000,
    "netIncome": 38000000,
    "netIncomeRatio": 0.0109123281,
    "eps": 0.44,
    "epsdiluted": 0.42,
    "weightedAverageShsOut": 87343604,
    "weightedAverageShsOutDil": 89784893,
    "link": "https://www.sec.gov/Archives/edgar/data/927653/000089843097000500/0000898430-97-000500-index.html",
    "finalLink": "https://www.sec.gov/Archives/edgar/data/927653/"
  },
  {
    "date": "1995-12-31",
    "symbol": "MCK",
    "reportedCurrency": "USD",
    "cik": "0000927653",
    "fillingDate": "1996-02-13",
    "acceptedDate": "1996-02-13 00:00:00",
    "calendarYear": "1996",
    "period": "Q3",
    "revenue": 3549700000,
    "costOfRevenue": 3254300000,
    "grossProfit": 295400000,
    "grossProfitRatio": 0.0832183001,
    "researchAndDevelopmentExpenses": 0,
    "generalAndAdministrativeExpenses": 211100000,
    "sellingAndMarketingExpenses": 0,
    "sellingGeneralAndAdministrativeExpenses": 211100000,
    "otherExpenses": 17700000,
    "operatingExpenses": 228800000,
    "costAndExpenses": 3483100000,
    "interestIncome": 0,
    "interestExpense": 0,
    "depreciationAndAmortization": 17700000,
    "ebitda": 84300000,
    "ebitdaratio": 0.0237484858,
    "operatingIncome": 66600000,
    "operatingIncomeRatio": 0.0187621489,
    "totalOtherIncomeExpensesNet": -12600000,
    "incomeBeforeTax": 54000000,
    "incomeBeforeTaxRatio": 0.0152125532,
    "incomeTaxExpense": 21100000,
    "netIncome": 32900000,
    "netIncomeRatio": 0.0092683889,
    "eps": 0.35,
    "epsdiluted": 0.35,
    "weightedAverageShsOut": 94000000,
    "weightedAverageShsOutDil": 94000000,
    "link": "https://www.sec.gov/Archives/edgar/data/927653/000092765396000002/0000927653-96-000002-index.html",
    "finalLink": "https://www.sec.gov/Archives/edgar/data/927653/"
  },
  {
    "date": "1995-09-30",
    "symbol": "MCK",
    "reportedCurrency": "USD",
    "cik": "0000927653",
    "fillingDate": "1995-11-13",
    "acceptedDate": "1995-11-13 00:00:00",
    "calendarYear": "1996",
    "period": "Q2",
    "revenue": 3348400000,
    "costOfRevenue": 3045500000,
    "grossProfit": 302900000,
    "grossProfitRatio": 0.0904611158,
    "researchAndDevelopmentExpenses": 0,
    "generalAndAdministrativeExpenses": 218700000,
    "sellingAndMarketingExpenses": 0,
    "sellingGeneralAndAdministrativeExpenses": 218700000,
    "otherExpenses": 17700000,
    "operatingExpenses": 236400000,
    "costAndExpenses": 3281900000,
    "interestIncome": 0,
    "interestExpense": 0,
    "depreciationAndAmortization": 17700000,
    "ebitda": 84200000,
    "ebitdaratio": 0.0251463385,
    "operatingIncome": 66500000,
    "operatingIncomeRatio": 0.0198602318,
    "totalOtherIncomeExpensesNet": -13300000,
    "incomeBeforeTax": 53200000,
    "incomeBeforeTaxRatio": 0.0158881854,
    "incomeTaxExpense": 21500000,
    "netIncome": 31700000,
    "netIncomeRatio": 0.0094672082,
    "eps": 0.34,
    "epsdiluted": 0.34,
    "weightedAverageShsOut": 93235294,
    "weightedAverageShsOutDil": 93235294,
    "link": "https://www.sec.gov/Archives/edgar/data/927653/000092765395000011/0000927653-95-000011-index.html",
    "finalLink": "https://www.sec.gov/Archives/edgar/data/927653/"
  }
]