[
  {
    "date": "2025-03-31",
    "symbol": "MCK",
    "reportedCurrency": "USD",
    "cik": "0000927653",
    "fillingDate": "2025-05-09",
    "acceptedDate": "2025-05-08 17:34:18",
    "calendarYear": "2025",
    "period": "FY",
    "revenue": 359051000000,
    "costOfRevenue": 346566000000,
    "grossProfit": 12485000000,
    "grossProfitRatio": 0.034772219,
    "researchAndDevelopmentExpenses": 91000000,
    "generalAndAdministrativeExpenses": 0,
    "sellingAndMarketingExpenses": 0,
    "sellingGeneralAndAdministrativeExpenses": 8022000000,
    "otherExpenses": 0,
    "operatingExpenses": 8113000000,
    "costAndExpenses": 354679000000,
    "interestIncome": 173000000,
    "interestExpense": 256000000,
    "depreciationAndAmortization": 636000000,
    "ebitda": 5251000000,
    "ebitdaratio": 0.0146246633,
    "operatingIncome": 4372000000,
    "operatingIncomeRatio": 0.0121765432,
    "totalOtherIncomeExpensesNet": -13000000,
    "incomeBeforeTax": 4359000000,
    "incomeBeforeTaxRatio": 0.0121403366,
    "incomeTaxExpense": 878000000,
    "netIncome": 3295000000,
    "netIncomeRatio": 0.0091769693,
    "eps": 25.86,
    "epsdiluted": 25.72,
    "weightedAverageShsOut": 127400000,
    "weightedAverageShsOutDil": 128100000,
    "link": "https://www.sec.gov/Archives/edgar/data/927653/000092765325000036/0000927653-25-000036-index.htm",
    "finalLink": "https://www.sec.gov/Archives/edgar/data/927653/000092765325000036/mck-20250331.htm"
  },
  {
    "date": "2024-03-31",
    "symbol": "MCK",
    "reportedCurrency": "USD",
    "cik": "0000927653",
    "fillingDate": "2024-05-08",
    "acceptedDate": "2024-05-07 17:35:09",
    "calendarYear": "2024",
    "period": "FY",
    "revenue": 308951000000,
    "costOfRevenue": 296749000000,
    "grossProfit": 12202000000,
    "grossProfitRatio": 0.0394949361,
    "researchAndDevelopmentExpenses": 77000000,
    "generalAndAdministrativeExpenses": 0,
    "sellingAndMarketingExpenses": 0,
    "sellingGeneralAndAdministrativeExpenses": 8198000000,
    "otherExpenses": 0,
    "operatingExpenses": 8275000000,
    "costAndExpenses": 305024000000,
    "interestIncome": 118000000,
    "interestExpense": 243000000,
    "depreciationAndAmortization": 635000000,
    "ebitda": 4667000000,
    "ebitdaratio": 0.0151059553,
    "operatingIncome": 3927000000,
    "operatingIncomeRatio": 0.0127107535,
    "totalOtherIncomeExpensesNet": -138000000,
    "incomeBeforeTax": 3789000000,
    "incomeBeforeTaxRatio": 0.0122640807,
    "incomeTaxExpense": 629000000,
    "netIncome": 3002000000,
    "netIncomeRatio": 0.0097167512,
    "eps": 22.54,
    "epsdiluted": 22.39,
    "weightedAverageShsOut": 133199999,
    "weightedAverageShsOutDil": 134100000,
    "link": "https://www.sec.gov/Archives/edgar/data/927653/000092765324000035/0000927653-24-000035-index.htm",
    "finalLink": "https://www.sec.gov/Archives/edgar/data/927653/000092765324000035/mck-20240331.htm"
  },
  {
    "date": "2023-03-31",
    "symbol": "MCK",
    "reportedCurrency": "USD",
    "cik": "0000927653",
    "fillingDate": "2023-05-09",
    "acceptedDate": "2023-05-08 17:46:40",
    "calendarYear": "2023",
    "period": "FY",
    "revenue": 276711000000,
    "costOfRevenue": 264842000000,
    "grossProfit": 11869000000,
    "grossProfitRatio": 0.0428931268,
    "researchAndDevelopmentExpenses": 89000000,
    "generalAndAdministrativeExpenses": 0,
    "sellingAndMarketingExpenses": 0,
    "sellingGeneralAndAdministrativeExpenses": 7327000000,
    "otherExpenses": 0,
    "operatingExpenses": 7416000000,
    "costAndExpenses": 272258000000,
    "interestIncome": 107000000,
    "interestExpense": 248000000,
    "depreciationAndAmortization": 857000000,
    "ebitda": 5735000000,
    "ebitdaratio": 0.0207255946,
    "operatingIncome": 4453000000,
    "operatingIncomeRatio": 0.016092602,
    "totalOtherIncomeExpensesNet": 177000000,
    "incomeBeforeTax": 4630000000,
    "incomeBeforeTaxRatio": 0.0167322586,
    "incomeTaxExpense": 905000000,
    "netIncome": 3560000000,
    "netIncomeRatio": 0.0128654083,
    "eps": 25.23,
    "epsdiluted": 25.04,
    "weightedAverageShsOut": 141100000,
    "weightedAverageShsOutDil": 142200000,
    "link": "https://www.sec.gov/Archives/edgar/data/927653/000092765323000038/0000927653-23-000038-index.htm",
    "finalLink": "https://www.sec.gov/Archives/edgar/data/927653/000092765323000038/mck-20230331.htm"
  },
  {
    "date": "2022-03-31",
    "symbol": "MCK",
    "reportedCurrency": "USD",
    "cik": "0000927653",
    "fillingDate": "2022-05-09",
    "acceptedDate": "2022-05-09 08:15:36",
    "calendarYear": "2022",
    "period": "FY",
    "revenue": 263966000000,
    "costOfRevenue": 251317000000,
    "grossProfit": 12649000000,
    "grossProfitRatio": 0.0479190502,
    "researchAndDevelopmentExpenses": 70000000,
    "generalAndAdministrativeExpenses": 0,
    "sellingAndMarketingExpenses": 0,
    "sellingGeneralAndAdministrativeExpenses": 9856000000,
    "otherExpenses": 0,
    "operatingExpenses": 9926000000,
    "costAndExpenses": 261243000000,
    "interestIncome": 10000000,
    "interestExpense": 178000000,
    "depreciationAndAmortization": 1001000000,
    "ebitda": 3107000000,
    "ebitdaratio": 0.0117704553,
    "operatingIncome": 2723000000,
    "operatingIncomeRatio": 0.0103157225,
    "totalOtherIncomeExpensesNet": -795000000,
    "incomeBeforeTax": 1928000000,
    "incomeBeforeTaxRatio": 0.007303971,
    "incomeTaxExpense": 636000000,
    "netIncome": 1114000000,
    "netIncomeRatio": 0.0042202405,
    "eps": 7.31,
    "epsdiluted": 7.23,
    "weightedAverageShsOut": 152300000,
    "weightedAverageShsOutDil": 154100000,
    "link": "https://www.sec.gov/Archives/edgar/data/927653/000092765322000051/0000927653-22-000051-index.htm",
    "finalLink": "https://www.sec.gov/Archives/edgar/data/927653/000092765322000051/mck-20220331.htm"
  },
  {
    "date": "2021-03-31",
    "symbol": "MCK",
    "reportedCurrency": "USD",
    "cik": "0000927653",
    "fillingDate": "2021-05-12",
    "acceptedDate": "2021-05-12 16:09:57",
    "calendarYear": "2021",
    "period": "FY",
    "revenue": 238228000000,
    "costOfRevenue": 226646000000,
    "grossProfit": 11582000000,
    "grossProfitRatio": 0.048617291,
    "researchAndDevelopmentExpenses": 74000000,
    "generalAndAdministrativeExpenses": 0,
    "sellingAndMarketingExpenses": 0,
    "sellingGeneralAndAdministrativeExpenses": 7998000000,
    "otherExpenses": 0,
    "operatingExpenses": 8072000000,
    "costAndExpenses": 234718000000,
    "interestIncome": 12000000,
    "interestExpense": 217000000,
    "depreciationAndAmortization": 1221000000,
    "ebitda": -3596000000,
    "ebitdaratio": -0.0150947831,
    "operatingIncome": 3510000000,
    "operatingIncomeRatio": 0.0147337844,
    "totalOtherIncomeExpensesNet": -8544000000,
    "incomeBeforeTax": -5034000000,
    "incomeBeforeTaxRatio": -0.0211310173,
    "incomeTaxExpense": -695000000,
    "netIncome": -4539000000,
    "netIncomeRatio": -0.0190531759,
    "eps": -27.02,
    "epsdiluted": -27.02,
    "weightedAverageShsOut": 160600000,
    "weightedAverageShsOutDil": 160600000,
    "link": "https://www.sec.gov/Archives/edgar/data/927653/000092765321000039/0000927653-21-000039-index.htm",
    "finalLink": "https://www.sec.gov/Archives/edgar/data/927653/000092765321000039/mck-20210331.htm"
  },
  {
    "date": "2020-03-31",
    "symbol": "MCK",
    "reportedCurrency": "USD",
    "cik": "0000927653",
    "fillingDate": "2020-05-22",
    "acceptedDate": "2020-05-22 08:38:58",
    "calendarYear": "2020",
    "period": "FY",
    "revenue": 231051000000,
    "costOfRevenue": 219651000000,
    "grossProfit": 11400000000,
    "grossProfitRatio": 0.0493397562,
    "researchAndDevelopmentExpenses": 96000000,
    "generalAndAdministrativeExpenses": 0,
    "sellingAndMarketingExpenses": 0,
    "sellingGeneralAndAdministrativeExpenses": 8292000000,
    "otherExpenses": 0,
    "operatingExpenses": 8388000000,
    "costAndExpenses": 228039000000,
    "interestIncome": 49000000,
    "interestExpense": 249000000,
    "depreciationAndAmortization": 922000000,
    "ebitda": 2315000000,
    "ebitdaratio": 0.0100194329,
    "operatingIncome": 3012000000,
    "operatingIncomeRatio": 0.0130360829,
    "totalOtherIncomeExpensesNet": -1868000000,
    "incomeBeforeTax": 1144000000,
    "incomeBeforeTaxRatio": 0.0049512878,
    "incomeTaxExpense": 18000000,
    "netIncome": 900000000,
    "netIncomeRatio": 0.0038952439,
    "eps": 4.97,
    "epsdiluted": 4.95,
    "weightedAverageShsOut": 181000000,
    "weightedAverageShsOutDil": 182000000,
    "link": "https://www.sec.gov/Archives/edgar/data/927653/000092765320000033/0000927653-20-000033-index.htm",
    "finalLink": "https://www.sec.gov/Archives/edgar/data/927653/000092765320000033/mck10k3312020.htm"
  },
  {
    "date": "2019-03-31",
    "symbol": "MCK",
    "reportedCurrency": "USD",
    "cik": "0000927653",
    "fillingDate": "2019-05-15",
    "acceptedDate": "2019-05-15 07:44:22",
    "calendarYear": "2019",
    "period": "FY",
    "revenue": 214319000000,
    "costOfRevenue": 203557000000,
    "grossProfit": 10762000000,
    "grossProfitRatio": 0.0502148666,
    "researchAndDevelopmentExpenses": 71000000,
    "generalAndAdministrativeExpenses": 0,
    "sellingAndMarketingExpenses": 0,
    "sellingGeneralAndAdministrativeExpenses": 7613000000,
    "otherExpenses": 0,
    "operatingExpenses": 7684000000,
    "costAndExpenses": 211241000000,
    "interestIncome": 39000000,
    "interestExpense": 264000000,
    "depreciationAndAmortization": 949000000,
    "ebitda": 1823000000,
    "ebitdaratio": 0.0085060121,
    "operatingIncome": 3078000000,
    "operatingIncomeRatio": 0.0143617691,
    "totalOtherIncomeExpensesNet": -2468000000,
    "incomeBeforeTax": 610000000,
    "incomeBeforeTaxRatio": 0.0028462246,
    "incomeTaxExpense": 356000000,
    "netIncome": 34000000,
    "netIncomeRatio": 0.000158642,
    "eps": 0.17,
    "epsdiluted": 0.17,
    "weightedAverageShsOut": 196300000,
    "weightedAverageShsOutDil": 197300000,
    "link": "https://www.sec.gov/Archives/edgar/data/927653/000092765319000009/0000927653-19-000009-index.htm",
    "finalLink": "https://www.sec.gov/Archives/edgar/data/927653/000092765319000009/mck_10kx3312019.htm"
  },
  {
    "date": "2018-03-31",
    "symbol": "MCK",
    "reportedCurrency": "USD",
    "cik": "0000927653",
    "fillingDate": "2018-05-24",
    "acceptedDate": "2018-05-24 16:27:59",
    "calendarYear": "2018",
    "period": "FY",
    "revenue": 208357000000,
    "costOfRevenue": 197965000000,
    "grossProfit": 10392000000,
    "grossProfitRatio": 0.0498759341,
    "researchAndDevelopmentExpenses": 125000000,
    "generalAndAdministrativeExpenses": 0,
    "sellingAndMarketingExpenses": 0,
    "sellingGeneralAndAdministrativeExpenses": 7346000000,
    "otherExpenses": 0,
    "operatingExpenses": 7471000000,
    "costAndExpenses": 205436000000,
    "interestIncome": 48000000,
    "interestExpense": 283000000,
    "depreciationAndAmortization": 951000000,
    "ebitda": 1473000000,
    "ebitdaratio": 0.0070695969,
    "operatingIncome": 2921000000,
    "operatingIncomeRatio": 0.0140192074,
    "totalOtherIncomeExpensesNet": -2682000000,
    "incomeBeforeTax": 239000000,
    "incomeBeforeTaxRatio": 0.0011470697,
    "incomeTaxExpense": -53000000,
    "netIncome": 67000000,
    "netIncomeRatio": 0.0003215635,
    "eps": 0.32,
    "epsdiluted": 0.32,
    "weightedAverageShsOut": 208000000,
    "weightedAverageShsOutDil": 209000000,
    "link": "https://www.sec.gov/Archives/edgar/data/927653/000092765318000010/0000927653-18-000010-index.htm",
    "finalLink": "https://www.sec.gov/Archives/edgar/data/927653/000092765318000010/mck_10kx3312018.htm"
  },
  {
    "date": "2017-03-31",
    "symbol": "MCK",
    "reportedCurrency": "USD",
    "cik": "0000927653",
    "fillingDate": "2017-05-22",
    "acceptedDate": "2017-05-22 16:43:21",
    "calendarYear": "2017",
    "period": "FY",
    "revenue": 198533000000,
    "costOfRevenue": 187845000000,
    "grossProfit": 10688000000,
    "grossProfitRatio": 0.0538348788,
    "researchAndDevelopmentExpenses": 341000000,
    "generalAndAdministrativeExpenses": 0,
    "sellingAndMarketingExpenses": 0,
    "sellingGeneralAndAdministrativeExpenses": 6990000000,
    "otherExpenses": 0,
    "operatingExpenses": 7331000000,
    "costAndExpenses": 195176000000,
    "interestIncome": 29000000,
    "interestExpense": 308000000,
    "depreciationAndAmortization": 910000000,
    "ebitda": 8109000000,
    "ebitdaratio": 0.0408445951,
    "operatingIncome": 3357000000,
    "operatingIncomeRatio": 0.0169090277,
    "totalOtherIncomeExpensesNet": 3534000000,
    "incomeBeforeTax": 6891000000,
    "incomeBeforeTaxRatio": 0.0347095949,
    "incomeTaxExpense": 1614000000,
    "netIncome": 5183000000,
    "netIncomeRatio": 0.0261064911,
    "eps": 22.95,
    "epsdiluted": 22.73,
    "weightedAverageShsOut": 221000000,
    "weightedAverageShsOutDil": 223000000,
    "link": "https://www.sec.gov/Archives/edgar/data/927653/000092765317000007/0000927653-17-000007-index.htm",
    "finalLink": "https://www.sec.gov/Archives/edgar/data/927653/000092765317000007/mck_10kx3312017.htm"
  },
  {
    "date": "2016-03-31",
    "symbol": "MCK",
    "reportedCurrency": "USD",
    "cik": "0000927653",
    "fillingDate": "2016-05-05",
    "acceptedDate": "2016-05-05 16:12:14",
    "calendarYear": "2016",
    "period": "FY",
    "revenue": 190884000000,
    "costOfRevenue": 179941000000,
    "grossProfit": 10943000000,
    "grossProfitRatio": 0.0573280107,
    "researchAndDevelopmentExpenses": 392000000,
    "generalAndAdministrativeExpenses": 0,
    "sellingAndMarketingExpenses": 0,
    "sellingGeneralAndAdministrativeExpenses": 6700000000,
    "otherExpenses": 0,
    "operatingExpenses": 7092000000,
    "costAndExpenses": 187033000000,
    "interestIncome": 18000000,
    "interestExpense": 353000000,
    "depreciationAndAmortization": 885000000,
    "ebitda": 4488000000,
    "ebitdaratio": 0.0235116615,
    "operatingIncome": 3851000000,
    "operatingIncomeRatio": 0.0201745563,
    "totalOtherIncomeExpensesNet": -601000000,
    "incomeBeforeTax": 3250000000,
    "incomeBeforeTaxRatio": 0.0170260472,
    "incomeTaxExpense": 908000000,
    "netIncome": 2258000000,
    "netIncomeRatio": 0.0118291737,
    "eps": 9.82,
    "epsdiluted": 9.7,
    "weightedAverageShsOut": 230000000,
    "weightedAverageShsOutDil": 233000000,
    "link": "https://www.sec.gov/Archives/edgar/data/927653/000092765316000020/0000927653-16-000020-index.htm",
    "finalLink": "https://www.sec.gov/Archives/edgar/data/927653/000092765316000020/mck_10kx3312016.htm"
  },
  {
    "date": "2015-03-31",
    "symbol": "MCK",
    "reportedCurrency": "USD",
    "cik": "0000927653",
    "fillingDate": "2015-05-12",
    "acceptedDate": "2015-05-12 16:56:22",
    "calendarYear": "2015",
    "period": "FY",
    "revenue": 179045000000,
    "costOfRevenue": 168116000000,
    "grossProfit": 10929000000,
    "grossProfitRatio": 0.0610405205,
    "researchAndDevelopmentExpenses": 392000000,
    "generalAndAdministrativeExpenses": 0,
    "sellingAndMarketingExpenses": 0,
    "sellingGeneralAndAdministrativeExpenses": 7006000000,
    "otherExpenses": 0,
    "operatingExpenses": 7398000000,
    "costAndExpenses": 175514000000,
    "interestIncome": 20000000,
    "interestExpense": 374000000,
    "depreciationAndAmortization": 1017000000,
    "ebitda": 4048000000,
    "ebitdaratio": 0.0226088414,
    "operatingIncome": 3531000000,
    "operatingIncomeRatio": 0.0197212991,
    "totalOtherIncomeExpensesNet": -874000000,
    "incomeBeforeTax": 2657000000,
    "incomeBeforeTaxRatio": 0.0148398447,
    "incomeTaxExpense": 815000000,
    "netIncome": 1476000000,
    "netIncomeRatio": 0.0082437376,
    "eps": 6.37,
    "epsdiluted": 6.27,
    "weightedAverageShsOut": 232000000,
    "weightedAverageShsOutDil": 235000000,
    "link": "https://www.sec.gov/Archives/edgar/data/927653/000162828015004098/0001628280-15-004098-index.htm",
    "finalLink": "https://www.sec.gov/Archives/edgar/data/927653/000162828015004098/mck_10kx3312015.htm"
  },
  {
    "date": "2014-03-31",
    "symbol": "MCK",
    "reportedCurrency": "USD",
    "cik": "0000927653",
    "fillingDate": "2014-05-14",
    "acceptedDate": "2014-05-13 21:41:08",
    "calendarYear": "2014",
    "period": "FY",
    "revenue": 137609000000,
    "costOfRevenue": 129571000000,
    "grossProfit": 8038000000,
    "grossProfitRatio": 0.0584118771,
    "researchAndDevelopmentExpenses": 456000000,
    "generalAndAdministrativeExpenses": 0,
    "sellingAndMarketingExpenses": 0,
    "sellingGeneralAndAdministrativeExpenses": 4932000000,
    "otherExpenses": 0,
    "operatingExpenses": 5388000000,
    "costAndExpenses": 134959000000,
    "interestIncome": 23000000,
    "interestExpense": 257000000,
    "depreciationAndAmortization": 704000000,
    "ebitda": 3057000000,
    "ebitdaratio": 0.0222151167,
    "operatingIncome": 2650000000,
    "operatingIncomeRatio": 0.0192574614,
    "totalOtherIncomeExpensesNet": -554000000,
    "incomeBeforeTax": 2096000000,
    "incomeBeforeTaxRatio": 0.0152315619,
    "incomeTaxExpense": 742000000,
    "netIncome": 1263000000,
    "netIncomeRatio": 0.0091781788,
    "eps": 5.51,
    "epsdiluted": 5.41,
    "weightedAverageShsOut": 229000000,
    "weightedAverageShsOutDil": 233000000,
    "link": "https://www.sec.gov/Archives/edgar/data/927653/000144530514002132/0001445305-14-002132-index.htm",
    "finalLink": "https://www.sec.gov/Archives/edgar/data/927653/000144530514002132/mck_10kx3312014.htm"
  },
  {
    "date": "2013-03-31",
    "symbol": "MCK",
    "reportedCurrency": "USD",
    "cik": "0000927653",
    "fillingDate": "2013-05-07",
    "acceptedDate": "2013-05-07 16:33:17",
    "calendarYear": "2013",
    "period": "FY",
    "revenue": 122455000000,
    "costOfRevenue": 115704000000,
    "grossProfit": 6751000000,
    "grossProfitRatio": 0.0551304561,
    "researchAndDevelopmentExpenses": 480000000,
    "generalAndAdministrativeExpenses": 0,
    "sellingAndMarketingExpenses": 0,
    "sellingGeneralAndAdministrativeExpenses": 3851000000,
    "otherExpenses": 0,
    "operatingExpenses": 4331000000,
    "costAndExpenses": 120035000000,
    "interestIncome": 22000000,
    "interestExpense": 229000000,
    "depreciationAndAmortization": 591000000,
    "ebitda": 2739000000,
    "ebitdaratio": 0.0223674003,
    "operatingIncome": 2420000000,
    "operatingIncomeRatio": 0.0197623617,
    "totalOtherIncomeExpensesNet": -501000000,
    "incomeBeforeTax": 1919000000,
    "incomeBeforeTaxRatio": 0.0156710628,
    "incomeTaxExpense": 581000000,
    "netIncome": 1338000000,
    "netIncomeRatio": 0.0109264628,
    "eps": 5.71,
    "epsdiluted": 5.59,
    "weightedAverageShsOut": 235000000,
    "weightedAverageShsOutDil": 239000000,
    "link": "https://www.sec.gov/Archives/edgar/data/927653/000156178713000010/0001561787-13-000010-index.htm",
    "finalLink": "https://www.sec.gov/Archives/edgar/data/927653/000156178713000010/mck_10kx3312013.htm"
  },
  {
    "date": "2012-03-31",
    "symbol": "MCK",
    "reportedCurrency": "USD",
    "cik": "0000927653",
    "fillingDate": "2012-05-02",
    "acceptedDate": "2012-05-02 16:33:22",
    "calendarYear": "2012",
    "period": "FY",
    "revenue": 122734000000,
    "costOfRevenue": 116307000000,
    "grossProfit": 6427000000,
    "grossProfitRatio": 0.0523652778,
    "researchAndDevelopmentExpenses": 440000000,
    "generalAndAdministrativeExpenses": 0,
    "sellingAndMarketingExpenses": 0,
    "sellingGeneralAndAdministrativeExpenses": 3607000000,
    "otherExpenses": 0,
    "operatingExpenses": 4047000000,
    "costAndExpenses": 120354000000,
    "interestIncome": 19000000,
    "interestExpense": 251000000,
    "depreciationAndAmortization": 551000000,
    "ebitda": 2721000000,
    "ebitdaratio": 0.0221698959,
    "operatingIncome": 2380000000,
    "operatingIncomeRatio": 0.0193915296,
    "totalOtherIncomeExpensesNet": -461000000,
    "incomeBeforeTax": 1919000000,
    "incomeBeforeTaxRatio": 0.0156354392,
    "incomeTaxExpense": 516000000,
    "netIncome": 1403000000,
    "netIncomeRatio": 0.0114312253,
    "eps": 5.7,
    "epsdiluted": 5.59,
    "weightedAverageShsOut": 246000000,
    "weightedAverageShsOutDil": 251000000,
    "link": "https://www.sec.gov/Archives/edgar/data/927653/000119312512204736/0001193125-12-204736-index.htm",
    "finalLink": "https://www.sec.gov/Archives/edgar/data/927653/000119312512204736/d318930d10k.htm"
  },
  {
    "date": "2011-03-31",
    "symbol": "MCK",
    "reportedCurrency": "USD",
    "cik": "0000927653",
    "fillingDate": "2011-05-05",
    "acceptedDate": "2011-05-05 16:02:58",
    "calendarYear": "2011",
    "period": "FY",
    "revenue": 112084000000,
    "costOfRevenue": 106093000000,
    "grossProfit": 5991000000,
    "grossProfitRatio": 0.0534509832,
    "researchAndDevelopmentExpenses": 407000000,
    "generalAndAdministrativeExpenses": 0,
    "sellingAndMarketingExpenses": 0,
    "sellingGeneralAndAdministrativeExpenses": 3486000000,
    "otherExpenses": 0,
    "operatingExpenses": 3893000000,
    "costAndExpenses": 109986000000,
    "interestIncome": 18000000,
    "interestExpense": 197000000,
    "depreciationAndAmortization": 496000000,
    "ebitda": 2328000000,
    "ebitdaratio": 0.0207701367,
    "operatingIncome": 2098000000,
    "operatingIncomeRatio": 0.0187181043,
    "totalOtherIncomeExpensesNet": -463000000,
    "incomeBeforeTax": 1635000000,
    "incomeBeforeTaxRatio": 0.0145872738,
    "incomeTaxExpense": 505000000,
    "netIncome": 1130000000,
    "netIncomeRatio": 0.0100817244,
    "eps": 4.65,
    "epsdiluted": 4.57,
    "weightedAverageShsOut": 258000000,
    "weightedAverageShsOutDil": 263000000,
    "link": "https://www.sec.gov/Archives/edgar/data/927653/000095012311045634/0000950123-11-045634-index.htm",
    "finalLink": "https://www.sec.gov/Archives/edgar/data/927653/000095012311045634/f56549e10vk.htm"
  },
  {
    "date": "2010-03-31",
    "symbol": "MCK",
    "reportedCurrency": "USD",
    "cik": "0000927653",
    "fillingDate": "2010-05-04",
    "acceptedDate": "2010-05-04 16:25:08",
    "calendarYear": "2010",
    "period": "FY",
    "revenue": 108702000000,
    "costOfRevenue": 103021000000,
    "grossProfit": 5681000000,
    "grossProfitRatio": 0.0522621479,
    "researchAndDevelopmentExpenses": 376000000,
    "generalAndAdministrativeExpenses": 0,
    "sellingAndMarketingExpenses": 0,
    "sellingGeneralAndAdministrativeExpenses": 3295000000,
    "otherExpenses": 0,
    "operatingExpenses": 3671000000,
    "costAndExpenses": 106692000000,
    "interestIncome": 16000000,
    "interestExpense": 187000000,
    "depreciationAndAmortization": 474000000,
    "ebitda": 2525000000,
    "ebitdaratio": 0.0232286434,
    "operatingIncome": 2010000000,
    "operatingIncomeRatio": 0.0184909201,
    "totalOtherIncomeExpensesNet": -146000000,
    "incomeBeforeTax": 1864000000,
    "incomeBeforeTaxRatio": 0.0171477986,
    "incomeTaxExpense": 601000000,
    "netIncome": 1263000000,
    "netIncomeRatio": 0.0116189215,
    "eps": 4.7,
    "epsdiluted": 4.62,
    "weightedAverageShsOut": 269000000,
    "weightedAverageShsOutDil": 273000000,
    "link": "https://www.sec.gov/Archives/edgar/data/927653/000095012310043581/0000950123-10-043581-index.htm",
    "finalLink": "https://www.sec.gov/Archives/edgar/data/927653/000095012310043581/f54765e10vk.htm"
  },
  {
    "date": "2009-03-31",
    "symbol": "MCK",
    "reportedCurrency": "USD",
    "cik": "0000927653",
    "fillingDate": "2009-05-05",
    "acceptedDate": "2009-05-05 17:00:00",
    "calendarYear": "2009",
    "period": "FY",
    "revenue": 106632000000,
    "costOfRevenue": 101249000000,
    "grossProfit": 5383000000,
    "grossProfitRatio": 0.0504820317,
    "researchAndDevelopmentExpenses": 364000000,
    "generalAndAdministrativeExpenses": 0,
    "sellingAndMarketingExpenses": 0,
    "sellingGeneralAndAdministrativeExpenses": 3297000000,
    "otherExpenses": 0,
    "operatingExpenses": 3661000000,
    "costAndExpenses": 104910000000,
    "interestIncome": 31000000,
    "interestExpense": 144000000,
    "depreciationAndAmortization": 441000000,
    "ebitda": 1649000000,
    "ebitdaratio": 0.0154644009,
    "operatingIncome": 1722000000,
    "operatingIncomeRatio": 0.0161489984,
    "totalOtherIncomeExpensesNet": -658000000,
    "incomeBeforeTax": 1064000000,
    "incomeBeforeTaxRatio": 0.0099782429,
    "incomeTaxExpense": 241000000,
    "netIncome": 823000000,
    "netIncomeRatio": 0.0077181334,
    "eps": 2.99,
    "epsdiluted": 2.95,
    "weightedAverageShsOut": 275000000,
    "weightedAverageShsOutDil": 279000000,
    "link": "https://www.sec.gov/Archives/edgar/data/927653/000095013409009477/0000950134-09-009477-index.htm",
    "finalLink": "https://www.sec.gov/Archives/edgar/data/927653/000095013409009477/f52248e10vk.htm"
  },
  {
    "date": "2008-03-31",
    "symbol": "MCK",
    "reportedCurrency": "USD",
    "cik": "0000927653",
    "fillingDate": "2008-05-07",
    "acceptedDate": "2008-05-07 16:04:13",
    "calendarYear": "2008",
    "period": "FY",
    "revenue": 101703000000,
    "costOfRevenue": 96703000000,
    "grossProfit": 5000000000,
    "grossProfitRatio": 0.0491627582,
    "researchAndDevelopmentExpenses": 347000000,
    "generalAndAdministrativeExpenses": 0,
    "sellingAndMarketingExpenses": 0,
    "sellingGeneralAndAdministrativeExpenses": 3175000000,
    "otherExpenses": 0,
    "operatingExpenses": 3522000000,
    "costAndExpenses": 100225000000,
    "interestIncome": 89000000,
    "interestExpense": 142000000,
    "depreciationAndAmortization": 371000000,
    "ebitda": 1970000000,
    "ebitdaratio": 0.0193701267,
    "operatingIncome": 1478000000,
    "operatingIncomeRatio": 0.0145325113,
    "totalOtherIncomeExpensesNet": -21000000,
    "incomeBeforeTax": 1457000000,
    "incomeBeforeTaxRatio": 0.0143260277,
    "incomeTaxExpense": 468000000,
    "netIncome": 990000000,
    "netIncomeRatio": 0.0097342261,
    "eps": 3.4,
    "epsdiluted": 3.32,
    "weightedAverageShsOut": 291000000,
    "weightedAverageShsOutDil": 298000000,
    "link": "https://www.sec.gov/Archives/edgar/data/927653/000095014908000067/0000950149-08-000067-index.htm",
    "finalLink": "https://www.sec.gov/Archives/edgar/data/927653/000095014908000067/f39986e10vk.htm"
  },
  {
    "date": "2007-03-31",
    "symbol": "MCK",
    "reportedCurrency": "USD",
    "cik": "0000927653",
    "fillingDate": "2007-05-09",
    "acceptedDate": "2007-05-09 16:36:15",
    "calendarYear": "2007",
    "period": "FY",
    "revenue": 92977000000,
    "costOfRevenue": 88640000000,
    "grossProfit": 4337000000,
    "grossProfitRatio": 0.0466459447,
    "researchAndDevelopmentExpenses": 284000000,
    "generalAndAdministrativeExpenses": 0,
    "sellingAndMarketingExpenses": 0,
    "sellingGeneralAndAdministrativeExpenses": 2769000000,
    "otherExpenses": 0,
    "operatingExpenses": 3053000000,
    "costAndExpenses": 91693000000,
    "interestIncome": 103000000,
    "interestExpense": 99000000,
    "depreciationAndAmortization": 295000000,
    "ebitda": 1691000000,
    "ebitdaratio": 0.0181872936,
    "operatingIncome": 1284000000,
    "operatingIncomeRatio": 0.013809867,
    "totalOtherIncomeExpensesNet": 13000000,
    "incomeBeforeTax": 1297000000,
    "incomeBeforeTaxRatio": 0.0139496865,
    "incomeTaxExpense": 329000000,
    "netIncome": 963000000,
    "netIncomeRatio": 0.0103574002,
    "eps": 3.06,
    "epsdiluted": 2.99,
    "weightedAverageShsOut": 298000000,
    "weightedAverageShsOutDil": 305000000,
    "link": "https://www.sec.gov/Archives/edgar/data/927653/000095013407010894/0000950134-07-010894-index.htm",
    "finalLink": "https://www.sec.gov/Archives/edgar/data/927653/000095013407010894/f29988e10vk.htm"
  },
  {
    "date": "2006-03-31",
    "symbol": "MCK",
    "reportedCurrency": "USD",
    "cik": "0000927653",
    "fillingDate": "2006-05-16",
    "acceptedDate": "2006-05-16 16:16:01",
    "calendarYear": "2006",
    "period": "FY",
    "revenue": 88050000000,
    "costOfRevenue": 83206000000,
    "grossProfit": 3777000000,
    "grossProfitRatio": 0.0428960818,
    "researchAndDevelopmentExpenses": 223000000,
    "generalAndAdministrativeExpenses": 0,
    "sellingAndMarketingExpenses": 0,
    "sellingGeneralAndAdministrativeExpenses": 2383000000,
    "otherExpenses": 0,
    "operatingExpenses": 2606000000,
    "costAndExpenses": 85812000000,
    "interestIncome": 105000000,
    "interestExpense": 94000000,
    "depreciationAndAmortization": 262000000,
    "ebitda": 1527000000,
    "ebitdaratio": 0.0173424191,
    "operatingIncome": 1171000000,
    "operatingIncomeRatio": 0.0132992618,
    "totalOtherIncomeExpensesNet": 0,
    "incomeBeforeTax": 1171000000,
    "incomeBeforeTaxRatio": 0.0132992618,
    "incomeTaxExpense": 421000000,
    "netIncome": 738000000,
    "netIncomeRatio": 0.0083816014,
    "eps": 2.46,
    "epsdiluted": 2.38,
    "weightedAverageShsOut": 306000000,
    "weightedAverageShsOutDil": 316000000,
    "link": "https://www.sec.gov/Archives/edgar/data/927653/000095014906000282/0000950149-06-000282-index.htm",
    "finalLink": "https://www.sec.gov/Archives/edgar/data/927653/000095014906000282/f20234e10vk.htm"
  },
  {
    "date": "2005-03-31",
    "symbol": "MCK",
    "reportedCurrency": "USD",
    "cik": "0000927653",
    "fillingDate": "2005-05-13",
    "acceptedDate": "2005-05-12 20:34:43",
    "calendarYear": "2005",
    "period": "FY",
    "revenue": 80514600000,
    "costOfRevenue": 76670000000,
    "grossProfit": 3450000000,
    "grossProfitRatio": 0.0428493714,
    "researchAndDevelopmentExpenses": 182000000,
    "generalAndAdministrativeExpenses": 0,
    "sellingAndMarketingExpenses": 0,
    "sellingGeneralAndAdministrativeExpenses": 2263000000,
    "otherExpenses": 0,
    "operatingExpenses": 2445000000,
    "costAndExpenses": 79115000000,
    "interestIncome": 41000000,
    "interestExpense": 118000000,
    "depreciationAndAmortization": 249000000,
    "ebitda": 122000000,
    "ebitdaratio": 0.0015152531,
    "operatingIncome": 1005000000,
    "operatingIncomeRatio": 0.0124822082,
    "totalOtherIncomeExpensesNet": -1250000000,
    "incomeBeforeTax": -245000000,
    "incomeBeforeTaxRatio": -0.0030429264,
    "incomeTaxExpense": -83100000,
    "netIncome": -157000000,
    "netIncomeRatio": -0.0019499569,
    "eps": -0.53,
    "epsdiluted": -0.53,
    "weightedAverageShsOut": 294000000,
    "weightedAverageShsOutDil": 294000000,
    "link": "https://www.sec.gov/Archives/edgar/data/927653/000095013405009971/0000950134-05-009971-index.htm",
    "finalLink": "https://www.sec.gov/Archives/edgar/data/927653/000095013405009971/f08078e10vk.htm"
  },
  {
    "date": "2004-03-31",
    "symbol": "MCK",
    "reportedCurrency": "USD",
    "cik": "0000927653",
    "fillingDate": "2004-06-10",
    "acceptedDate": "2004-06-10 17:29:01",
    "calendarYear": "2004",
    "period": "FY",
    "revenue": 69506100000,
    "costOfRevenue": 66257900000,
    "grossProfit": 3248200000,
    "grossProfitRatio": 0.0467325889,
    "researchAndDevelopmentExpenses": 172700000,
    "generalAndAdministrativeExpenses": 2092100000,
    "sellingAndMarketingExpenses": 0,
    "sellingGeneralAndAdministrativeExpenses": 2092100000,
    "otherExpenses": 0,
    "operatingExpenses": 2264800000,
    "costAndExpenses": 68522700000,
    "interestIncome": 0,
    "interestExpense": 0,
    "depreciationAndAmortization": 232100000,
    "ebitda": 1208000000,
    "ebitdaratio": 0.0173797695,
    "operatingIncome": 983400000,
    "operatingIncomeRatio": 0.0141483985,
    "totalOtherIncomeExpensesNet": -72000000,
    "incomeBeforeTax": 911400000,
    "incomeBeforeTaxRatio": 0.0131125182,
    "incomeTaxExpense": 264900000,
    "netIncome": 646500000,
    "netIncomeRatio": 0.0093013419,
    "eps": 2.23,
    "epsdiluted": 2.19,
    "weightedAverageShsOut": 290000000,
    "weightedAverageShsOutDil": 299000000,
    "link": "https://www.sec.gov/Archives/edgar/data/927653/000095014904001115/0000950149-04-001115-index.htm",
    "finalLink": "https://www.sec.gov/Archives/edgar/data/927653/000095014904001115/f99032e10vk.htm"
  },
  {
    "date": "2003-03-31",
    "symbol": "MCK",
    "reportedCurrency": "USD",
    "cik": "0000927653",
    "fillingDate": "2003-06-06",
    "acceptedDate": "2003-06-05 19:14:06",
    "calendarYear": "2003",
    "period": "FY",
    "revenue": 57120800000,
    "costOfRevenue": 54018300000,
    "grossProfit": 3102500000,
    "grossProfitRatio": 0.0543147155,
    "researchAndDevelopmentExpenses": 149400000,
    "generalAndAdministrativeExpenses": 2023200000,
    "sellingAndMarketingExpenses": 0,
    "sellingGeneralAndAdministrativeExpenses": 2023200000,
    "otherExpenses": 0,
    "operatingExpenses": 2172600000,
    "costAndExpenses": 56190900000,
    "interestIncome": 0,
    "interestExpense": 0,
    "depreciationAndAmortization": 203700000,
    "ebitda": 929900000,
    "ebitdaratio": 0.0162795339,
    "operatingIncome": 929900000,
    "operatingIncomeRatio": 0.0162795339,
    "totalOtherIncomeExpensesNet": -74500000,
    "incomeBeforeTax": 855400000,
    "incomeBeforeTaxRatio": 0.0149752805,
    "incomeTaxExpense": 293300000,
    "netIncome": 555400000,
    "netIncomeRatio": 0.0097232532,
    "eps": 1.92,
    "epsdiluted": 1.88,
    "weightedAverageShsOut": 289300000,
    "weightedAverageShsOutDil": 298800000,
    "link": "https://www.sec.gov/Archives/edgar/data/927653/000095014903001297/0000950149-03-001297-index.htm",
    "finalLink": "https://www.sec.gov/Archives/edgar/data/927653/000095014903001297/f90251e10vk.htm"
  },
  {
    "date": "2002-03-31",
    "symbol": "MCK",
    "reportedCurrency": "USD",
    "cik": "0000927653",
    "fillingDate": "2002-06-12",
    "acceptedDate": "2002-06-12 17:20:03",
    "calendarYear": "2002",
    "period": "FY",
    "revenue": 50006000000,
    "costOfRevenue": 47209100000,
    "grossProfit": 2796900000,
    "grossProfitRatio": 0.0559312882,
    "researchAndDevelopmentExpenses": 135100000,
    "generalAndAdministrativeExpenses": 1946200000,
    "sellingAndMarketingExpenses": 0,
    "sellingGeneralAndAdministrativeExpenses": 1946200000,
    "otherExpenses": 22000000,
    "operatingExpenses": 2103300000,
    "costAndExpenses": 49312400000,
    "interestIncome": 0,
    "interestExpense": 0,
    "depreciationAndAmortization": 207500000,
    "ebitda": 905000000,
    "ebitdaratio": 0.0180978283,
    "operatingIncome": 693600000,
    "operatingIncomeRatio": 0.0138703356,
    "totalOtherIncomeExpensesNet": -87500000,
    "incomeBeforeTax": 601200000,
    "incomeBeforeTaxRatio": 0.0120225573,
    "incomeTaxExpense": 182600000,
    "netIncome": 418600000,
    "netIncomeRatio": 0.0083709955,
    "eps": 1.47,
    "epsdiluted": 1.43,
    "weightedAverageShsOut": 285200000,
    "weightedAverageShsOutDil": 298100000,
    "link": "https://www.sec.gov/Archives/edgar/data/927653/000095014902001196/0000950149-02-001196-index.htm",
    "finalLink": "https://www.sec.gov/Archives/edgar/data/927653/000095014902001196/f82011e10vk.htm"
  },
  {
    "date": "2001-03-31",
    "symbol": "MCK",
    "reportedCurrency": "USD",
    "cik": "0000927653",
    "fillingDate": "2001-06-01",
    "acceptedDate": "2001-06-01 00:00:00",
    "calendarYear": "2001",
    "period": "FY",
    "revenue": 42010000000,
    "costOfRevenue": 39579000000,
    "grossProfit": 2431000000,
    "grossProfitRatio": 0.0578671745,
    "researchAndDevelopmentExpenses": 147500000,
    "generalAndAdministrativeExpenses": 2075500000,
    "sellingAndMarketingExpenses": 0,
    "sellingGeneralAndAdministrativeExpenses": 2075500000,
    "otherExpenses": 111600000,
    "operatingExpenses": 2334600000,
    "costAndExpenses": 41913600000,
    "interestIncome": 0,
    "interestExpense": 0,
    "depreciationAndAmortization": 246100000,
    "ebitda": 450300000,
    "ebitdaratio": 0.0107188765,
    "operatingIncome": 96400000,
    "operatingIncomeRatio": 0.0022946917,
    "totalOtherIncomeExpensesNet": -196300000,
    "incomeBeforeTax": 9600000,
    "incomeBeforeTaxRatio": 0.000228517,
    "incomeTaxExpense": 52300000,
    "netIncome": -48300000,
    "netIncomeRatio": -0.0011497263,
    "eps": -0.17,
    "epsdiluted": -0.17,
    "weightedAverageShsOut": 283100000,
    "weightedAverageShsOutDil": 283100000,
    "link": "https://www.sec.gov/Archives/edgar/data/927653/000095014901500834/0000950149-01-500834-index.htm",
    "finalLink": "https://www.sec.gov/Archives/edgar/data/927653/000095014901500834/f72121e10-k.txt"
  },
  {
    "date": "2000-03-31",
    "symbol": "MCK",
    "reportedCurrency": "USD",
    "cik": "0000927653",
    "fillingDate": "2000-06-13",
    "acceptedDate": "2000-06-13 00:00:00",
    "calendarYear": "2000",
    "period": "FY",
    "revenue": 36734200000,
    "costOfRevenue": 34210500000,
    "grossProfit": 2523700000,
    "grossProfitRatio": 0.0687016459,
    "researchAndDevelopmentExpenses": 112600000,
    "generalAndAdministrativeExpenses": 2051600000,
    "sellingAndMarketingExpenses": 0,
    "sellingGeneralAndAdministrativeExpenses": 2051600000,
    "otherExpenses": 201300000,
    "operatingExpenses": 2365500000,
    "costAndExpenses": 36576000000,
    "interestIncome": 0,
    "interestExpense": 0,
    "depreciationAndAmortization": 201300000,
    "ebitda": 332100000,
    "ebitdaratio": 0.0090406215,
    "operatingIncome": 158200000,
    "operatingIncomeRatio": 0.0043066135,
    "totalOtherIncomeExpensesNet": 148700000,
    "incomeBeforeTax": 306900000,
    "incomeBeforeTaxRatio": 0.0083546123,
    "incomeTaxExpense": 122300000,
    "netIncome": 723700000,
    "netIncomeRatio": 0.0197009871,
    "eps": 2.57,
    "epsdiluted": 2.55,
    "weightedAverageShsOut": 281300000,
    "weightedAverageShsOutDil": 284200000,
    "link": "https://www.sec.gov/Archives/edgar/data/927653/000092962400000832/0000929624-00-000832-index.htm",
    "finalLink": "https://www.sec.gov/Archives/edgar/data/927653/000092962400000832/0000929624-00-000832-0001.txt"
  },
  {
    "date": "1999-03-31",
    "symbol": "MCK",
    "reportedCurrency": "USD",
    "cik": "0000927653",
    "fillingDate": "1999-07-16",
    "acceptedDate": "1999-07-16 00:00:00",
    "calendarYear": "1999",
    "period": "FY",
    "revenue": 30382300000,
    "costOfRevenue": 27517400000,
    "grossProfit": 2864900000,
    "grossProfitRatio": 0.0942950336,
    "researchAndDevelopmentExpenses": 114700000,
    "generalAndAdministrativeExpenses": 2218700000,
    "sellingAndMarketingExpenses": 0,
    "sellingGeneralAndAdministrativeExpenses": 2218700000,
    "otherExpenses": 199300000,
    "operatingExpenses": 2532700000,
    "costAndExpenses": 30050100000,
    "interestIncome": 0,
    "interestExpense": 0,
    "depreciationAndAmortization": 199300000,
    "ebitda": 531500000,
    "ebitdaratio": 0.0174937381,
    "operatingIncome": 332200000,
    "operatingIncomeRatio": 0.0109339978,
    "totalOtherIncomeExpensesNet": -130200000,
    "incomeBeforeTax": 202000000,
    "incomeBeforeTaxRatio": 0.0066486079,
    "incomeTaxExpense": 117100000,
    "netIncome": 84900000,
    "netIncomeRatio": 0.0027943902,
    "eps": 0.31,
    "epsdiluted": 0.31,
    "weightedAverageShsOut": 275200000,
    "weightedAverageShsOutDil": 275200000,
    "link": "https://www.sec.gov/Archives/edgar/data/927653/000092962499001311/0000929624-99-001311-index.html",
    "finalLink": "https://www.sec.gov/Archives/edgar/data/927653/000092962499001311/"
  },
  {
    "date": "1998-03-31",
    "symbol": "MCK",
    "reportedCurrency": "USD",
    "cik": "0000927653",
    "fillingDate": "1998-07-29",
    "acceptedDate": "1998-07-29 00:00:00",
    "calendarYear": "1998",
    "period": "FY",
    "revenue": 20857300000,
    "costOfRevenue": 19248800000,
    "grossProfit": 1608500000,
    "grossProfitRatio": 0.077119282,
    "researchAndDevelopmentExpenses": 0,
    "generalAndAdministrativeExpenses": 1159100000,
    "sellingAndMarketingExpenses": 0,
    "sellingGeneralAndAdministrativeExpenses": 1159100000,
    "otherExpenses": 87200000,
    "operatingExpenses": 1246300000,
    "costAndExpenses": 20495100000,
    "interestIncome": 0,
    "interestExpense": 0,
    "depreciationAndAmortization": 87200000,
    "ebitda": 449400000,
    "ebitdaratio": 0.021546413,
    "operatingIncome": 362200000,
    "operatingIncomeRatio": 0.0173656226,
    "totalOtherIncomeExpensesNet": -109400000,
    "incomeBeforeTax": 253500000,
    "incomeBeforeTaxRatio": 0.012154018,
    "incomeTaxExpense": 98600000,
    "netIncome": 154900000,
    "netIncomeRatio": 0.0074266564,
    "eps": 1.66,
    "epsdiluted": 1.62,
    "weightedAverageShsOut": 93444445,
    "weightedAverageShsOutDil": 95614988,
    "link": "https://www.sec.gov/Archives/edgar/data/927653/000092962498001298/0000929624-98-001298-index.html",
    "finalLink": "https://www.sec.gov/Archives/edgar/data/927653/"
  },
  {
    "date": "1997-03-31",
    "symbol": "MCK",
    "reportedCurrency": "USD",
    "cik": "0000927653",
    "fillingDate": "1997-06-19",
    "acceptedDate": "1997-06-19 00:00:00",
    "calendarYear": "1997",
    "period": "FY",
    "revenue": 12886700000,
    "costOfRevenue": 11777600000,
    "grossProfit": 1109100000,
    "grossProfitRatio": 0.0860654784,
    "researchAndDevelopmentExpenses": 0,
    "generalAndAdministrativeExpenses": 944500000,
    "sellingAndMarketingExpenses": 0,
    "sellingGeneralAndAdministrativeExpenses": 944500000,
    "otherExpenses": 71800000,
    "operatingExpenses": 1016300000,
    "costAndExpenses": 12793900000,
    "interestIncome": 0,
    "interestExpense": 0,
    "depreciationAndAmortization": 71800000,
    "ebitda": 164600000,
    "ebitdaratio": 0.0127728588,
    "operatingIncome": 92800000,
    "operatingIncomeRatio": 0.007201223,
    "totalOtherIncomeExpensesNet": -61700000,
    "incomeBeforeTax": 36400000,
    "incomeBeforeTaxRatio": 0.0028246176,
    "incomeTaxExpense": 31300000,
    "netIncome": 133900000,
    "netIncomeRatio": 0.0103905577,
    "eps": 0.83,
    "epsdiluted": 0.8,
    "weightedAverageShsOut": 83652174,
    "weightedAverageShsOutDil": 84385965,
    "link": "https://www.sec.gov/Archives/edgar/data/927653/000092962497000781/0000929624-97-000781-index.html",
    "finalLink": "https://www.sec.gov/Archives/edgar/data/927653/"
  },
  {
    "date": "1996-03-31",
    "symbol": "MCK",
    "reportedCurrency": "USD",
    "cik": "0000927653",
    "fillingDate": "1997-02-13",
    "acceptedDate": "1997-02-13 00:00:00",
    "calendarYear": "1996",
    "period": "FY",
    "revenue": 13716400000,
    "costOfRevenue": 12498100000,
    "grossProfit": 1218300000,
    "grossProfitRatio": 0.0888206818,
    "researchAndDevelopmentExpenses": 0,
    "generalAndAdministrativeExpenses": 872900000,
    "sellingAndMarketingExpenses": 0,
    "sellingGeneralAndAdministrativeExpenses": 872900000,
    "otherExpenses": 71300000,
    "operatingExpenses": 944200000,
    "costAndExpenses": 13442300000,
    "interestIncome": 0,
    "interestExpense": 0,
    "depreciationAndAmortization": 71300000,
    "ebitda": 345400000,
    "ebitdaratio": 0.0251815345,
    "operatingIncome": 274100000,
    "operatingIncomeRatio": 0.0199833776,
    "totalOtherIncomeExpensesNet": -44400000,
    "incomeBeforeTax": 224100000,
    "incomeBeforeTaxRatio": 0.0163381062,
    "incomeTaxExpense": 88700000,
    "netIncome": 135400000,
    "netIncomeRatio": 0.0098713948,
    "eps": 1.53,
    "epsdiluted": 1.45,
    "weightedAverageShsOut": 88496732,
    "weightedAverageShsOutDil": 93379310,
    "link": "https://www.sec.gov/Archives/edgar/data/927653/000089843097000500/0000898430-97-000500-index.html",
    "finalLink": "https://www.sec.gov/Archives/edgar/data/927653/"
  },
  {
    "date": "1995-03-31",
    "symbol": "MCK",
    "reportedCurrency": "USD",
    "cik": "0000927653",
    "fillingDate": "1995-06-12",
    "acceptedDate": "1995-06-12 00:00:00",
    "calendarYear": "1995",
    "period": "FY",
    "revenue": 13189100000,
    "costOfRevenue": 12025400000,
    "grossProfit": 1163700000,
    "grossProfitRatio": 0.0882319491,
    "researchAndDevelopmentExpenses": 0,
    "generalAndAdministrativeExpenses": 1124000000,
    "sellingAndMarketingExpenses": 0,
    "sellingGeneralAndAdministrativeExpenses": 1124000000,
    "otherExpenses": 69800000,
    "operatingExpenses": 1193800000,
    "costAndExpenses": 13219200000,
    "interestIncome": 0,
    "interestExpense": 0,
    "depreciationAndAmortization": 69800000,
    "ebitda": 50100000,
    "ebitdaratio": 0.0037985913,
    "operatingIncome": -30100000,
    "operatingIncomeRatio": -0.0022821876,
    "totalOtherIncomeExpensesNet": -23400000,
    "incomeBeforeTax": -81700000,
    "incomeBeforeTaxRatio": -0.0061945091,
    "incomeTaxExpense": 111500000,
    "netIncome": 404500000,
    "netIncomeRatio": 0.0306692648,
    "eps": 4.6,
    "epsdiluted": 4.43,
    "weightedAverageShsOut": 87934783,
    "weightedAverageShsOutDil": 91309255,
    "link": "https://www.sec.gov/Archives/edgar/data/927653/000089843095001064/0000898430-95-001064-index.html",
    "finalLink": "https://www.sec.gov/Archives/edgar/data/927653/"
  }
]