[
  {
    "date": "2024-12-31",
    "symbol": "MCO",
    "reportedCurrency": "USD",
    "cik": "0001059556",
    "fillingDate": "2025-02-14",
    "acceptedDate": "2025-02-14 16:20:12",
    "calendarYear": "2024",
    "period": "FY",
    "revenue": 7088000000,
    "costOfRevenue": 2381000000,
    "grossProfit": 4707000000,
    "grossProfitRatio": 0.6640801354,
    "researchAndDevelopmentExpenses": 0,
    "generalAndAdministrativeExpenses": 0,
    "sellingAndMarketingExpenses": 0,
    "sellingGeneralAndAdministrativeExpenses": 1736000000,
    "otherExpenses": 0,
    "operatingExpenses": 1736000000,
    "costAndExpenses": 4117000000,
    "interestIncome": 102000000,
    "interestExpense": 204000000,
    "depreciationAndAmortization": 431000000,
    "ebitda": 3334000000,
    "ebitdaratio": 0.4703724605,
    "operatingIncome": 2971000000,
    "operatingIncomeRatio": 0.4191591422,
    "totalOtherIncomeExpensesNet": -272000000,
    "incomeBeforeTax": 2699000000,
    "incomeBeforeTaxRatio": 0.3807844244,
    "incomeTaxExpense": 640000000,
    "netIncome": 2058000000,
    "netIncomeRatio": 0.2903498871,
    "eps": 11.32,
    "epsdiluted": 11.26,
    "weightedAverageShsOut": 181800000,
    "weightedAverageShsOutDil": 182700000,
    "link": "https://www.sec.gov/Archives/edgar/data/1059556/000105955625000025/0001059556-25-000025-index.htm",
    "finalLink": "https://www.sec.gov/Archives/edgar/data/1059556/000105955625000025/mco-20241231.htm"
  },
  {
    "date": "2023-12-31",
    "symbol": "MCO",
    "reportedCurrency": "USD",
    "cik": "0001059556",
    "fillingDate": "2024-02-14",
    "acceptedDate": "2024-02-14 16:34:00",
    "calendarYear": "2023",
    "period": "FY",
    "revenue": 5916000000,
    "costOfRevenue": 2062000000,
    "grossProfit": 3854000000,
    "grossProfitRatio": 0.6514536849,
    "researchAndDevelopmentExpenses": 0,
    "generalAndAdministrativeExpenses": 0,
    "sellingAndMarketingExpenses": 0,
    "sellingGeneralAndAdministrativeExpenses": 1633000000,
    "otherExpenses": 0,
    "operatingExpenses": 1633000000,
    "costAndExpenses": 3695000000,
    "interestIncome": 63000000,
    "interestExpense": 207000000,
    "depreciationAndAmortization": 373000000,
    "ebitda": 2515000000,
    "ebitdaratio": 0.4251183232,
    "operatingIncome": 2221000000,
    "operatingIncomeRatio": 0.3754225828,
    "totalOtherIncomeExpensesNet": -286000000,
    "incomeBeforeTax": 1935000000,
    "incomeBeforeTaxRatio": 0.3270791075,
    "incomeTaxExpense": 327000000,
    "netIncome": 1607000000,
    "netIncomeRatio": 0.2716362407,
    "eps": 8.77,
    "epsdiluted": 8.73,
    "weightedAverageShsOut": 183200000,
    "weightedAverageShsOutDil": 184000000,
    "link": "https://www.sec.gov/Archives/edgar/data/1059556/000105955624000017/0001059556-24-000017-index.htm",
    "finalLink": "https://www.sec.gov/Archives/edgar/data/1059556/000105955624000017/mco-20231231.htm"
  },
  {
    "date": "2022-12-31",
    "symbol": "MCO",
    "reportedCurrency": "USD",
    "cik": "0001059556",
    "fillingDate": "2023-02-15",
    "acceptedDate": "2023-02-15 16:51:09",
    "calendarYear": "2022",
    "period": "FY",
    "revenue": 5468000000,
    "costOfRevenue": 1944000000,
    "grossProfit": 3524000000,
    "grossProfitRatio": 0.6444769568,
    "researchAndDevelopmentExpenses": 0,
    "generalAndAdministrativeExpenses": 0,
    "sellingAndMarketingExpenses": 0,
    "sellingGeneralAndAdministrativeExpenses": 1527000000,
    "otherExpenses": 0,
    "operatingExpenses": 1527000000,
    "costAndExpenses": 3471000000,
    "interestIncome": 15000000,
    "interestExpense": 216000000,
    "depreciationAndAmortization": 331000000,
    "ebitda": 2307000000,
    "ebitdaratio": 0.4219092904,
    "operatingIncome": 1997000000,
    "operatingIncomeRatio": 0.365215801,
    "totalOtherIncomeExpensesNet": -237000000,
    "incomeBeforeTax": 1760000000,
    "incomeBeforeTaxRatio": 0.321872714,
    "incomeTaxExpense": 386000000,
    "netIncome": 1374000000,
    "netIncomeRatio": 0.2512801756,
    "eps": 7.47,
    "epsdiluted": 7.44,
    "weightedAverageShsOut": 183900000,
    "weightedAverageShsOutDil": 184700000,
    "link": "https://www.sec.gov/Archives/edgar/data/1059556/000105955623000016/0001059556-23-000016-index.htm",
    "finalLink": "https://www.sec.gov/Archives/edgar/data/1059556/000105955623000016/mco-20221231.htm"
  },
  {
    "date": "2021-12-31",
    "symbol": "MCO",
    "reportedCurrency": "USD",
    "cik": "0001059556",
    "fillingDate": "2022-02-22",
    "acceptedDate": "2022-02-18 19:42:35",
    "calendarYear": "2021",
    "period": "FY",
    "revenue": 6218000000,
    "costOfRevenue": 1894000000,
    "grossProfit": 4324000000,
    "grossProfitRatio": 0.6954004503,
    "researchAndDevelopmentExpenses": 0,
    "generalAndAdministrativeExpenses": 0,
    "sellingAndMarketingExpenses": 0,
    "sellingGeneralAndAdministrativeExpenses": 1480000000,
    "otherExpenses": 0,
    "operatingExpenses": 1480000000,
    "costAndExpenses": 3374000000,
    "interestIncome": 9000000,
    "interestExpense": 243000000,
    "depreciationAndAmortization": 257000000,
    "ebitda": 3255000000,
    "ebitdaratio": 0.5234802187,
    "operatingIncome": 2844000000,
    "operatingIncomeRatio": 0.4573817948,
    "totalOtherIncomeExpensesNet": -89000000,
    "incomeBeforeTax": 2755000000,
    "incomeBeforeTaxRatio": 0.4430685108,
    "incomeTaxExpense": 541000000,
    "netIncome": 2214000000,
    "netIncomeRatio": 0.3560630428,
    "eps": 11.88,
    "epsdiluted": 11.78,
    "weightedAverageShsOut": 186400000,
    "weightedAverageShsOutDil": 187900000,
    "link": "https://www.sec.gov/Archives/edgar/data/1059556/000105955622000012/0001059556-22-000012-index.htm",
    "finalLink": "https://www.sec.gov/Archives/edgar/data/1059556/000105955622000012/mco-20211231.htm"
  },
  {
    "date": "2020-12-31",
    "symbol": "MCO",
    "reportedCurrency": "USD",
    "cik": "0001059556",
    "fillingDate": "2021-02-22",
    "acceptedDate": "2021-02-19 18:39:42",
    "calendarYear": "2020",
    "period": "FY",
    "revenue": 5371000000,
    "costOfRevenue": 1695000000,
    "grossProfit": 3676000000,
    "grossProfitRatio": 0.6844163098,
    "researchAndDevelopmentExpenses": 0,
    "generalAndAdministrativeExpenses": 0,
    "sellingAndMarketingExpenses": 0,
    "sellingGeneralAndAdministrativeExpenses": 1229000000,
    "otherExpenses": 0,
    "operatingExpenses": 1229000000,
    "costAndExpenses": 2924000000,
    "interestIncome": 11000000,
    "interestExpense": 232000000,
    "depreciationAndAmortization": 220000000,
    "ebitda": 2681000000,
    "ebitdaratio": 0.4991621672,
    "operatingIncome": 2447000000,
    "operatingIncomeRatio": 0.4555948613,
    "totalOtherIncomeExpensesNet": -218000000,
    "incomeBeforeTax": 2229000000,
    "incomeBeforeTaxRatio": 0.4150065165,
    "incomeTaxExpense": 452000000,
    "netIncome": 1778000000,
    "netIncomeRatio": 0.3310370508,
    "eps": 9.48,
    "epsdiluted": 9.39,
    "weightedAverageShsOut": 187600000,
    "weightedAverageShsOutDil": 189300000,
    "link": "https://www.sec.gov/Archives/edgar/data/1059556/000105955621000010/0001059556-21-000010-index.htm",
    "finalLink": "https://www.sec.gov/Archives/edgar/data/1059556/000105955621000010/mco-20201231.htm"
  },
  {
    "date": "2019-12-31",
    "symbol": "MCO",
    "reportedCurrency": "USD",
    "cik": "0001059556",
    "fillingDate": "2020-02-24",
    "acceptedDate": "2020-02-21 18:43:29",
    "calendarYear": "2019",
    "period": "FY",
    "revenue": 4829000000,
    "costOfRevenue": 1587000000,
    "grossProfit": 3242000000,
    "grossProfitRatio": 0.6713605301,
    "researchAndDevelopmentExpenses": 0,
    "generalAndAdministrativeExpenses": 0,
    "sellingAndMarketingExpenses": 0,
    "sellingGeneralAndAdministrativeExpenses": 1167000000,
    "otherExpenses": 0,
    "operatingExpenses": 1167000000,
    "costAndExpenses": 2754000000,
    "interestIncome": 17000000,
    "interestExpense": 230000000,
    "depreciationAndAmortization": 200000000,
    "ebitda": 2240000000,
    "ebitdaratio": 0.4638641541,
    "operatingIncome": 2075000000,
    "operatingIncomeRatio": 0.4296955891,
    "totalOtherIncomeExpensesNet": -265000000,
    "incomeBeforeTax": 1810000000,
    "incomeBeforeTaxRatio": 0.3748188031,
    "incomeTaxExpense": 381000000,
    "netIncome": 1422000000,
    "netIncomeRatio": 0.2944709049,
    "eps": 7.51,
    "epsdiluted": 7.42,
    "weightedAverageShsOut": 189300000,
    "weightedAverageShsOutDil": 191600000,
    "link": "https://www.sec.gov/Archives/edgar/data/1059556/000105955620000005/0001059556-20-000005-index.htm",
    "finalLink": "https://www.sec.gov/Archives/edgar/data/1059556/000105955620000005/mco-20191231.htm"
  },
  {
    "date": "2018-12-31",
    "symbol": "MCO",
    "reportedCurrency": "USD",
    "cik": "0001059556",
    "fillingDate": "2019-02-25",
    "acceptedDate": "2019-02-22 19:46:27",
    "calendarYear": "2018",
    "period": "FY",
    "revenue": 4442700000,
    "costOfRevenue": 1386300000,
    "grossProfit": 3056400000,
    "grossProfitRatio": 0.6879600243,
    "researchAndDevelopmentExpenses": 51100000,
    "generalAndAdministrativeExpenses": 0,
    "sellingAndMarketingExpenses": 0,
    "sellingGeneralAndAdministrativeExpenses": 1080100000,
    "otherExpenses": 0,
    "operatingExpenses": 1131200000,
    "costAndExpenses": 2517500000,
    "interestIncome": 14700000,
    "interestExpense": 212900000,
    "depreciationAndAmortization": 191900000,
    "ebitda": 2075800000,
    "ebitdaratio": 0.4672383911,
    "operatingIncome": 1925200000,
    "operatingIncomeRatio": 0.433340086,
    "totalOtherIncomeExpensesNet": -254200000,
    "incomeBeforeTax": 1671000000,
    "incomeBeforeTaxRatio": 0.3761226281,
    "incomeTaxExpense": 351600000,
    "netIncome": 1309600000,
    "netIncomeRatio": 0.2947756995,
    "eps": 6.84,
    "epsdiluted": 6.74,
    "weightedAverageShsOut": 191600000,
    "weightedAverageShsOutDil": 194400000,
    "link": "https://www.sec.gov/Archives/edgar/data/1059556/000119312519048576/0001193125-19-048576-index.htm",
    "finalLink": "https://www.sec.gov/Archives/edgar/data/1059556/000119312519048576/d679514d10k.htm"
  },
  {
    "date": "2017-12-31",
    "symbol": "MCO",
    "reportedCurrency": "USD",
    "cik": "0001059556",
    "fillingDate": "2018-02-27",
    "acceptedDate": "2018-02-26 21:08:03",
    "calendarYear": "2017",
    "period": "FY",
    "revenue": 4204100000,
    "costOfRevenue": 1332900000,
    "grossProfit": 2871200000,
    "grossProfitRatio": 0.682952356,
    "researchAndDevelopmentExpenses": 42000000,
    "generalAndAdministrativeExpenses": 0,
    "sellingAndMarketingExpenses": 0,
    "sellingGeneralAndAdministrativeExpenses": 985900000,
    "otherExpenses": 0,
    "operatingExpenses": 1027900000,
    "costAndExpenses": 2360800000,
    "interestIncome": 16000000,
    "interestExpense": 215900000,
    "depreciationAndAmortization": 158300000,
    "ebitda": 2161000000,
    "ebitdaratio": 0.5140220261,
    "operatingIncome": 1843300000,
    "operatingIncomeRatio": 0.4384529388,
    "totalOtherIncomeExpensesNet": -56500000,
    "incomeBeforeTax": 1786800000,
    "incomeBeforeTaxRatio": 0.4250136771,
    "incomeTaxExpense": 779100000,
    "netIncome": 1000600000,
    "netIncomeRatio": 0.2380057563,
    "eps": 5.24,
    "epsdiluted": 5.15,
    "weightedAverageShsOut": 191100000,
    "weightedAverageShsOutDil": 194200000,
    "link": "https://www.sec.gov/Archives/edgar/data/1059556/000119312518058986/0001193125-18-058986-index.htm",
    "finalLink": "https://www.sec.gov/Archives/edgar/data/1059556/000119312518058986/d540752d10k.htm"
  },
  {
    "date": "2016-12-31",
    "symbol": "MCO",
    "reportedCurrency": "USD",
    "cik": "0001059556",
    "fillingDate": "2017-02-24",
    "acceptedDate": "2017-02-23 21:20:50",
    "calendarYear": "2016",
    "period": "FY",
    "revenue": 3604200000,
    "costOfRevenue": 1113200000,
    "grossProfit": 2491000000,
    "grossProfitRatio": 0.6911381166,
    "researchAndDevelopmentExpenses": 40100000,
    "generalAndAdministrativeExpenses": 0,
    "sellingAndMarketingExpenses": 0,
    "sellingGeneralAndAdministrativeExpenses": 936400000,
    "otherExpenses": 0,
    "operatingExpenses": 976500000,
    "costAndExpenses": 2089699999,
    "interestIncome": 10900000,
    "interestExpense": 152300000,
    "depreciationAndAmortization": 126700000,
    "ebitda": 837000000,
    "ebitdaratio": 0.2322290661,
    "operatingIncome": 1514500000,
    "operatingIncomeRatio": 0.4202042062,
    "totalOtherIncomeExpensesNet": -956500000,
    "incomeBeforeTax": 558000000,
    "incomeBeforeTaxRatio": 0.1548193774,
    "incomeTaxExpense": 282200000,
    "netIncome": 266600000,
    "netIncomeRatio": 0.0739692581,
    "eps": 1.38,
    "epsdiluted": 1.36,
    "weightedAverageShsOut": 192700000,
    "weightedAverageShsOutDil": 195400000,
    "link": "https://www.sec.gov/Archives/edgar/data/1059556/000119312517054522/0001193125-17-054522-index.htm",
    "finalLink": "https://www.sec.gov/Archives/edgar/data/1059556/000119312517054522/d330369d10k.htm"
  },
  {
    "date": "2015-12-31",
    "symbol": "MCO",
    "reportedCurrency": "USD",
    "cik": "0001059556",
    "fillingDate": "2016-02-25",
    "acceptedDate": "2016-02-24 21:23:27",
    "calendarYear": "2015",
    "period": "FY",
    "revenue": 3484500000,
    "costOfRevenue": 1060700000,
    "grossProfit": 2423800000,
    "grossProfitRatio": 0.6955947769,
    "researchAndDevelopmentExpenses": 29100000,
    "generalAndAdministrativeExpenses": 0,
    "sellingAndMarketingExpenses": 0,
    "sellingGeneralAndAdministrativeExpenses": 921300000,
    "otherExpenses": 0,
    "operatingExpenses": 950400000,
    "costAndExpenses": 2011100000,
    "interestIncome": 9700000,
    "interestExpense": 134700000,
    "depreciationAndAmortization": 113500000,
    "ebitda": 1627800000,
    "ebitdaratio": 0.4671545415,
    "operatingIncome": 1473400000,
    "operatingIncomeRatio": 0.4228440235,
    "totalOtherIncomeExpensesNet": -93800000,
    "incomeBeforeTax": 1379600000,
    "incomeBeforeTaxRatio": 0.3959248099,
    "incomeTaxExpense": 430000000,
    "netIncome": 941300000,
    "netIncomeRatio": 0.2701391878,
    "eps": 4.7,
    "epsdiluted": 4.63,
    "weightedAverageShsOut": 200100000,
    "weightedAverageShsOutDil": 203400000,
    "link": "https://www.sec.gov/Archives/edgar/data/1059556/000119312516476427/0001193125-16-476427-index.htm",
    "finalLink": "https://www.sec.gov/Archives/edgar/data/1059556/000119312516476427/d113422d10k.htm"
  },
  {
    "date": "2014-12-31",
    "symbol": "MCO",
    "reportedCurrency": "USD",
    "cik": "0001059556",
    "fillingDate": "2015-02-26",
    "acceptedDate": "2015-02-25 21:10:31",
    "calendarYear": "2014",
    "period": "FY",
    "revenue": 3334300000,
    "costOfRevenue": 988000000,
    "grossProfit": 2346300000,
    "grossProfitRatio": 0.7036859311,
    "researchAndDevelopmentExpenses": 37900000,
    "generalAndAdministrativeExpenses": 0,
    "sellingAndMarketingExpenses": 0,
    "sellingGeneralAndAdministrativeExpenses": 864000000,
    "otherExpenses": 0,
    "operatingExpenses": 901900000,
    "costAndExpenses": 1889900000,
    "interestIncome": 6700000,
    "interestExpense": 134100000,
    "depreciationAndAmortization": 95600000,
    "ebitda": 1690700000,
    "ebitdaratio": 0.5070629517,
    "operatingIncome": 1444400000,
    "operatingIncomeRatio": 0.4331943736,
    "totalOtherIncomeExpensesNet": 16600000,
    "incomeBeforeTax": 1461000000,
    "incomeBeforeTaxRatio": 0.4381729299,
    "incomeTaxExpense": 455000000,
    "netIncome": 988700000,
    "netIncomeRatio": 0.296524008,
    "eps": 4.69,
    "epsdiluted": 4.61,
    "weightedAverageShsOut": 210700000,
    "weightedAverageShsOutDil": 214700000,
    "link": "https://www.sec.gov/Archives/edgar/data/1059556/000119312515063352/0001193125-15-063352-index.htm",
    "finalLink": "https://www.sec.gov/Archives/edgar/data/1059556/000119312515063352/d846365d10k.htm"
  },
  {
    "date": "2013-12-31",
    "symbol": "MCO",
    "reportedCurrency": "USD",
    "cik": "0001059556",
    "fillingDate": "2014-02-27",
    "acceptedDate": "2014-02-26 20:15:50",
    "calendarYear": "2013",
    "period": "FY",
    "revenue": 2972500000,
    "costOfRevenue": 893000000,
    "grossProfit": 2079500000,
    "grossProfitRatio": 0.6995794786,
    "researchAndDevelopmentExpenses": 22800000,
    "generalAndAdministrativeExpenses": 0,
    "sellingAndMarketingExpenses": 0,
    "sellingGeneralAndAdministrativeExpenses": 814200000,
    "otherExpenses": 0,
    "operatingExpenses": 837000000,
    "costAndExpenses": 1730000000,
    "interestIncome": 5500000,
    "interestExpense": 95300000,
    "depreciationAndAmortization": 93400000,
    "ebitda": 1358000000,
    "ebitdaratio": 0.4568544996,
    "operatingIncome": 1242500000,
    "operatingIncomeRatio": 0.4179983179,
    "totalOtherIncomeExpensesNet": -73200000,
    "incomeBeforeTax": 1169300000,
    "incomeBeforeTaxRatio": 0.393372582,
    "incomeTaxExpense": 353400000,
    "netIncome": 804500000,
    "netIncomeRatio": 0.270647603,
    "eps": 3.67,
    "epsdiluted": 3.6,
    "weightedAverageShsOut": 219400000,
    "weightedAverageShsOutDil": 223500000,
    "link": "https://www.sec.gov/Archives/edgar/data/1059556/000119312514070371/0001193125-14-070371-index.htm",
    "finalLink": "https://www.sec.gov/Archives/edgar/data/1059556/000119312514070371/d665999d10k.htm"
  },
  {
    "date": "2012-12-31",
    "symbol": "MCO",
    "reportedCurrency": "USD",
    "cik": "0001059556",
    "fillingDate": "2013-02-26",
    "acceptedDate": "2013-02-25 19:19:12",
    "calendarYear": "2012",
    "period": "FY",
    "revenue": 2730300000,
    "costOfRevenue": 872400000,
    "grossProfit": 1857900000,
    "grossProfitRatio": 0.6804746731,
    "researchAndDevelopmentExpenses": 16100000,
    "generalAndAdministrativeExpenses": 0,
    "sellingAndMarketingExpenses": 0,
    "sellingGeneralAndAdministrativeExpenses": 752100000,
    "otherExpenses": 0,
    "operatingExpenses": 768200000,
    "costAndExpenses": 1640600000,
    "interestIncome": 5200000,
    "interestExpense": 75000000,
    "depreciationAndAmortization": 93500000,
    "ebitda": 1192500000,
    "ebitdaratio": 0.4367651906,
    "operatingIncome": 1089700000,
    "operatingIncomeRatio": 0.3991136505,
    "totalOtherIncomeExpensesNet": -65700000,
    "incomeBeforeTax": 1024000000,
    "incomeBeforeTaxRatio": 0.3750503608,
    "incomeTaxExpense": 324300000,
    "netIncome": 690000000,
    "netIncomeRatio": 0.2527194814,
    "eps": 3.09,
    "epsdiluted": 3.05,
    "weightedAverageShsOut": 223200000,
    "weightedAverageShsOutDil": 226600000,
    "link": "https://www.sec.gov/Archives/edgar/data/1059556/000119312513074571/0001193125-13-074571-index.htm",
    "finalLink": "https://www.sec.gov/Archives/edgar/data/1059556/000119312513074571/d447202d10k.htm"
  },
  {
    "date": "2011-12-31",
    "symbol": "MCO",
    "reportedCurrency": "USD",
    "cik": "0001059556",
    "fillingDate": "2012-02-27",
    "acceptedDate": "2012-02-27 16:22:01",
    "calendarYear": "2011",
    "period": "FY",
    "revenue": 2280700000,
    "costOfRevenue": 732900000,
    "grossProfit": 1548000000,
    "grossProfitRatio": 0.6787389836,
    "researchAndDevelopmentExpenses": 0,
    "generalAndAdministrativeExpenses": 0,
    "sellingAndMarketingExpenses": 0,
    "sellingGeneralAndAdministrativeExpenses": 629300000,
    "otherExpenses": 0,
    "operatingExpenses": 659100000,
    "costAndExpenses": 1392000000,
    "interestIncome": 5300000,
    "interestExpense": 63500000,
    "depreciationAndAmortization": 79200000,
    "ebitda": 982500000,
    "ebitdaratio": 0.4307887929,
    "operatingIncome": 888900000,
    "operatingIncomeRatio": 0.3897487613,
    "totalOtherIncomeExpensesNet": -49100000,
    "incomeBeforeTax": 839800000,
    "incomeBeforeTaxRatio": 0.3682202832,
    "incomeTaxExpense": 261800000,
    "netIncome": 571400000,
    "netIncomeRatio": 0.2505371158,
    "eps": 2.52,
    "epsdiluted": 2.49,
    "weightedAverageShsOut": 226300000,
    "weightedAverageShsOutDil": 229400000,
    "link": "https://www.sec.gov/Archives/edgar/data/1059556/000119312512081639/0001193125-12-081639-index.htm",
    "finalLink": "https://www.sec.gov/Archives/edgar/data/1059556/000119312512081639/d256898d10k.htm"
  },
  {
    "date": "2010-12-31",
    "symbol": "MCO",
    "reportedCurrency": "USD",
    "cik": "0001059556",
    "fillingDate": "2011-02-28",
    "acceptedDate": "2011-02-25 21:32:37",
    "calendarYear": "2010",
    "period": "FY",
    "revenue": 2032000000,
    "costOfRevenue": 650800000,
    "grossProfit": 1382200000,
    "grossProfitRatio": 0.6802165354,
    "researchAndDevelopmentExpenses": 0,
    "generalAndAdministrativeExpenses": 0,
    "sellingAndMarketingExpenses": 0,
    "sellingGeneralAndAdministrativeExpenses": 588000000,
    "otherExpenses": 0,
    "operatingExpenses": 608300000,
    "costAndExpenses": 1259100000,
    "interestIncome": 3100000,
    "interestExpense": 47600000,
    "depreciationAndAmortization": 66300000,
    "ebitda": 828300000,
    "ebitdaratio": 0.4076279528,
    "operatingIncome": 773900000,
    "operatingIncomeRatio": 0.3808562992,
    "totalOtherIncomeExpensesNet": -59500000,
    "incomeBeforeTax": 714400000,
    "incomeBeforeTaxRatio": 0.3515748031,
    "incomeTaxExpense": 201000000,
    "netIncome": 507800000,
    "netIncomeRatio": 0.2499015748,
    "eps": 2.16,
    "epsdiluted": 2.15,
    "weightedAverageShsOut": 235000000,
    "weightedAverageShsOutDil": 236600000,
    "link": "https://www.sec.gov/Archives/edgar/data/1059556/000119312511047974/0001193125-11-047974-index.htm",
    "finalLink": "https://www.sec.gov/Archives/edgar/data/1059556/000119312511047974/d10k.htm"
  },
  {
    "date": "2009-12-31",
    "symbol": "MCO",
    "reportedCurrency": "USD",
    "cik": "0001059556",
    "fillingDate": "2010-03-01",
    "acceptedDate": "2010-02-26 21:39:46",
    "calendarYear": "2009",
    "period": "FY",
    "revenue": 1797200000,
    "costOfRevenue": 596500000,
    "grossProfit": 1198800000,
    "grossProfitRatio": 0.6670376141,
    "researchAndDevelopmentExpenses": 0,
    "generalAndAdministrativeExpenses": 0,
    "sellingAndMarketingExpenses": 0,
    "sellingGeneralAndAdministrativeExpenses": 495700000,
    "otherExpenses": 0,
    "operatingExpenses": 495700000,
    "costAndExpenses": 1092200000,
    "interestIncome": 2500000,
    "interestExpense": 41400000,
    "depreciationAndAmortization": 64099999,
    "ebitda": 751700000,
    "ebitdaratio": 0.4182617405,
    "operatingIncome": 703100000,
    "operatingIncomeRatio": 0.3912196751,
    "totalOtherIncomeExpensesNet": -56900000,
    "incomeBeforeTax": 646200000,
    "incomeBeforeTaxRatio": 0.3595593145,
    "incomeTaxExpense": 239100000,
    "netIncome": 402000000,
    "netIncomeRatio": 0.223681282,
    "eps": 1.7,
    "epsdiluted": 1.69,
    "weightedAverageShsOut": 236100000,
    "weightedAverageShsOutDil": 237800000,
    "link": "https://www.sec.gov/Archives/edgar/data/1059556/000119312510043405/0001193125-10-043405-index.htm",
    "finalLink": "https://www.sec.gov/Archives/edgar/data/1059556/000119312510043405/d10k.htm"
  },
  {
    "date": "2008-12-31",
    "symbol": "MCO",
    "reportedCurrency": "USD",
    "cik": "0001059556",
    "fillingDate": "2009-03-02",
    "acceptedDate": "2009-02-27 20:20:20",
    "calendarYear": "2008",
    "period": "FY",
    "revenue": 1755400000,
    "costOfRevenue": 568400000,
    "grossProfit": 1187000000,
    "grossProfitRatio": 0.6761991569,
    "researchAndDevelopmentExpenses": 0,
    "generalAndAdministrativeExpenses": 0,
    "sellingAndMarketingExpenses": 0,
    "sellingGeneralAndAdministrativeExpenses": 441300000,
    "otherExpenses": 0,
    "operatingExpenses": 441300000,
    "costAndExpenses": 1009700000,
    "interestIncome": 18100000,
    "interestExpense": 58900000,
    "depreciationAndAmortization": 75100000,
    "ebitda": 863800000,
    "ebitdaratio": 0.4920815768,
    "operatingIncome": 745700000,
    "operatingIncomeRatio": 0.4248034636,
    "totalOtherIncomeExpensesNet": -15900000,
    "incomeBeforeTax": 725800000,
    "incomeBeforeTaxRatio": 0.4134670161,
    "incomeTaxExpense": 268200000,
    "netIncome": 457600000,
    "netIncomeRatio": 0.2606813262,
    "eps": 1.89,
    "epsdiluted": 1.87,
    "weightedAverageShsOut": 242400000,
    "weightedAverageShsOutDil": 245300000,
    "link": "https://www.sec.gov/Archives/edgar/data/1059556/000119312509041352/0001193125-09-041352-index.htm",
    "finalLink": "https://www.sec.gov/Archives/edgar/data/1059556/000119312509041352/d10k.htm"
  },
  {
    "date": "2007-12-31",
    "symbol": "MCO",
    "reportedCurrency": "USD",
    "cik": "0001059556",
    "fillingDate": "2008-02-29",
    "acceptedDate": "2008-02-29 06:22:06",
    "calendarYear": "2007",
    "period": "FY",
    "revenue": 2259000000,
    "costOfRevenue": 626900000,
    "grossProfit": 1632100000,
    "grossProfitRatio": 0.7224878265,
    "researchAndDevelopmentExpenses": 0,
    "generalAndAdministrativeExpenses": 0,
    "sellingAndMarketingExpenses": 0,
    "sellingGeneralAndAdministrativeExpenses": 451100000,
    "otherExpenses": 0,
    "operatingExpenses": 451100000,
    "costAndExpenses": 1078000000,
    "interestIncome": 19300000,
    "interestExpense": 39600000,
    "depreciationAndAmortization": 42900000,
    "ebitda": 1199200000,
    "ebitdaratio": 0.5308543603,
    "operatingIncome": 1181000000,
    "operatingIncomeRatio": 0.5227976981,
    "totalOtherIncomeExpensesNet": -64300000,
    "incomeBeforeTax": 1116700000,
    "incomeBeforeTaxRatio": 0.494333776,
    "incomeTaxExpense": 415200000,
    "netIncome": 701500000,
    "netIncomeRatio": 0.3105356352,
    "eps": 2.63,
    "epsdiluted": 2.58,
    "weightedAverageShsOut": 266400000,
    "weightedAverageShsOutDil": 272200000,
    "link": "https://www.sec.gov/Archives/edgar/data/1059556/000119312508042583/0001193125-08-042583-index.htm",
    "finalLink": "https://www.sec.gov/Archives/edgar/data/1059556/000119312508042583/d10k.htm"
  },
  {
    "date": "2006-12-31",
    "symbol": "MCO",
    "reportedCurrency": "USD",
    "cik": "0001059556",
    "fillingDate": "2007-03-01",
    "acceptedDate": "2007-02-28 19:03:56",
    "calendarYear": "2006",
    "period": "FY",
    "revenue": 2037100000,
    "costOfRevenue": 578900000,
    "grossProfit": 1458200000,
    "grossProfitRatio": 0.715821511,
    "researchAndDevelopmentExpenses": 0,
    "generalAndAdministrativeExpenses": 0,
    "sellingAndMarketingExpenses": 0,
    "sellingGeneralAndAdministrativeExpenses": 359300000,
    "otherExpenses": 0,
    "operatingExpenses": 359300000,
    "costAndExpenses": 938200000,
    "interestIncome": 18200000,
    "interestExpense": 15200000,
    "depreciationAndAmortization": 39500000,
    "ebitda": 1315200000,
    "ebitdaratio": 0.6456236807,
    "operatingIncome": 1098900000,
    "operatingIncomeRatio": 0.5394433263,
    "totalOtherIncomeExpensesNet": 161600000,
    "incomeBeforeTax": 1260500000,
    "incomeBeforeTaxRatio": 0.6187717834,
    "incomeTaxExpense": 506600000,
    "netIncome": 753900000,
    "netIncomeRatio": 0.3700849246,
    "eps": 2.65,
    "epsdiluted": 2.58,
    "weightedAverageShsOut": 284200000,
    "weightedAverageShsOutDil": 291900000,
    "link": "https://www.sec.gov/Archives/edgar/data/1059556/000119312507043002/0001193125-07-043002-index.htm",
    "finalLink": "https://www.sec.gov/Archives/edgar/data/1059556/000119312507043002/d10k.htm"
  },
  {
    "date": "2005-12-31",
    "symbol": "MCO",
    "reportedCurrency": "USD",
    "cik": "0001059556",
    "fillingDate": "2006-03-01",
    "acceptedDate": "2006-03-01 06:10:29",
    "calendarYear": "2005",
    "period": "FY",
    "revenue": 1731600000,
    "costOfRevenue": 488100000,
    "grossProfit": 1243500000,
    "grossProfitRatio": 0.7181219681,
    "researchAndDevelopmentExpenses": 0,
    "generalAndAdministrativeExpenses": 0,
    "sellingAndMarketingExpenses": 0,
    "sellingGeneralAndAdministrativeExpenses": 303900000,
    "otherExpenses": 0,
    "operatingExpenses": 303900000,
    "costAndExpenses": 792000000,
    "interestIncome": 26000000,
    "interestExpense": 21000000,
    "depreciationAndAmortization": 35200000,
    "ebitda": 990900000,
    "ebitdaratio": 0.5722453222,
    "operatingIncome": 939600000,
    "operatingIncomeRatio": 0.5426195426,
    "totalOtherIncomeExpensesNet": -4900000,
    "incomeBeforeTax": 934700000,
    "incomeBeforeTaxRatio": 0.5397897898,
    "incomeTaxExpense": 373900000,
    "netIncome": 560800000,
    "netIncomeRatio": 0.3238623239,
    "eps": 1.88,
    "epsdiluted": 1.84,
    "weightedAverageShsOut": 297700000,
    "weightedAverageShsOutDil": 305600000,
    "link": "https://www.sec.gov/Archives/edgar/data/1059556/000119312506041923/0001193125-06-041923-index.htm",
    "finalLink": "https://www.sec.gov/Archives/edgar/data/1059556/000119312506041923/d10k.htm"
  },
  {
    "date": "2004-12-31",
    "symbol": "MCO",
    "reportedCurrency": "USD",
    "cik": "0001059556",
    "fillingDate": "2005-03-08",
    "acceptedDate": "2005-03-08 17:12:58",
    "calendarYear": "2004",
    "period": "FY",
    "revenue": 1438300000,
    "costOfRevenue": 409500000,
    "grossProfit": 1028800000,
    "grossProfitRatio": 0.7152888827,
    "researchAndDevelopmentExpenses": 0,
    "generalAndAdministrativeExpenses": 0,
    "sellingAndMarketingExpenses": 0,
    "sellingGeneralAndAdministrativeExpenses": 242400000,
    "otherExpenses": 0,
    "operatingExpenses": 242400000,
    "costAndExpenses": 651900000,
    "interestIncome": 6800000,
    "interestExpense": 23000000,
    "depreciationAndAmortization": 34100000,
    "ebitda": 828400000,
    "ebitdaratio": 0.5759577279,
    "operatingIncome": 786400000,
    "operatingIncomeRatio": 0.5467565876,
    "totalOtherIncomeExpensesNet": -15100000,
    "incomeBeforeTax": 771300000,
    "incomeBeforeTaxRatio": 0.5362580825,
    "incomeTaxExpense": 346200000,
    "netIncome": 425100000,
    "netIncomeRatio": 0.2955572551,
    "eps": 1.43,
    "epsdiluted": 1.4,
    "weightedAverageShsOut": 297000000,
    "weightedAverageShsOutDil": 304700000,
    "link": "https://www.sec.gov/Archives/edgar/data/1059556/000095012305002773/0000950123-05-002773-index.htm",
    "finalLink": "https://www.sec.gov/Archives/edgar/data/1059556/000095012305002773/y06374e10vk.htm"
  },
  {
    "date": "2003-12-31",
    "symbol": "MCO",
    "reportedCurrency": "USD",
    "cik": "0001059556",
    "fillingDate": "2004-03-12",
    "acceptedDate": "2004-03-12 17:11:39",
    "calendarYear": "2003",
    "period": "FY",
    "revenue": 1246600000,
    "costOfRevenue": 347300000,
    "grossProfit": 899300000,
    "grossProfitRatio": 0.721402214,
    "researchAndDevelopmentExpenses": 0,
    "generalAndAdministrativeExpenses": 0,
    "sellingAndMarketingExpenses": 0,
    "sellingGeneralAndAdministrativeExpenses": 203600000,
    "otherExpenses": 32600000,
    "operatingExpenses": 236200000,
    "costAndExpenses": 583500000,
    "interestIncome": 0,
    "interestExpense": 6700000,
    "depreciationAndAmortization": 32600000,
    "ebitda": 695700000,
    "ebitdaratio": 0.5580779721,
    "operatingIncome": 663100000,
    "operatingIncomeRatio": 0.531926841,
    "totalOtherIncomeExpensesNet": -6700000,
    "incomeBeforeTax": 656400000,
    "incomeBeforeTaxRatio": 0.526552222,
    "incomeTaxExpense": 292500000,
    "netIncome": 363900000,
    "netIncomeRatio": 0.2919140061,
    "eps": 1.22,
    "epsdiluted": 1.19,
    "weightedAverageShsOut": 297800000,
    "weightedAverageShsOutDil": 304600000,
    "link": "https://www.sec.gov/Archives/edgar/data/1059556/000095012304003262/0000950123-04-003262-index.htm",
    "finalLink": "https://www.sec.gov/Archives/edgar/data/1059556/000095012304003262/y95090e10vk.htm"
  },
  {
    "date": "2002-12-31",
    "symbol": "MCO",
    "reportedCurrency": "USD",
    "cik": "0001059556",
    "fillingDate": "2003-03-21",
    "acceptedDate": "2003-03-21 15:24:44",
    "calendarYear": "2002",
    "period": "FY",
    "revenue": 1023300000,
    "costOfRevenue": 285300000,
    "grossProfit": 738000000,
    "grossProfitRatio": 0.7211961302,
    "researchAndDevelopmentExpenses": 0,
    "generalAndAdministrativeExpenses": 0,
    "sellingAndMarketingExpenses": 0,
    "sellingGeneralAndAdministrativeExpenses": 175300000,
    "otherExpenses": 24600000,
    "operatingExpenses": 199900000,
    "costAndExpenses": 485200000,
    "interestIncome": 0,
    "interestExpense": 20700000,
    "depreciationAndAmortization": 24600000,
    "ebitda": 562700000,
    "ebitdaratio": 0.5498876185,
    "operatingIncome": 538100000,
    "operatingIncomeRatio": 0.5258477475,
    "totalOtherIncomeExpensesNet": -20700000,
    "incomeBeforeTax": 517400000,
    "incomeBeforeTaxRatio": 0.5056190755,
    "incomeTaxExpense": 228500000,
    "netIncome": 288900000,
    "netIncomeRatio": 0.2823218997,
    "eps": 0.94,
    "epsdiluted": 0.92,
    "weightedAverageShsOut": 307800000,
    "weightedAverageShsOutDil": 315000000,
    "link": "https://www.sec.gov/Archives/edgar/data/1059556/000095012303003112/0000950123-03-003112-index.htm",
    "finalLink": "https://www.sec.gov/Archives/edgar/data/1059556/000095012303003112/y83456e10vk.htm"
  },
  {
    "date": "2001-12-31",
    "symbol": "MCO",
    "reportedCurrency": "USD",
    "cik": "0001059556",
    "fillingDate": "2002-03-22",
    "acceptedDate": "2002-03-22 00:00:00",
    "calendarYear": "2001",
    "period": "FY",
    "revenue": 796700000,
    "costOfRevenue": 239600000,
    "grossProfit": 557100000,
    "grossProfitRatio": 0.6992594452,
    "researchAndDevelopmentExpenses": 0,
    "generalAndAdministrativeExpenses": 141600000,
    "sellingAndMarketingExpenses": 0,
    "sellingGeneralAndAdministrativeExpenses": 141600000,
    "otherExpenses": 17000000,
    "operatingExpenses": 158600000,
    "costAndExpenses": 398200000,
    "interestIncome": 0,
    "interestExpense": 16600000,
    "depreciationAndAmortization": 17000000,
    "ebitda": 415500000,
    "ebitdaratio": 0.521526296,
    "operatingIncome": 398500000,
    "operatingIncomeRatio": 0.5001882766,
    "totalOtherIncomeExpensesNet": -16600000,
    "incomeBeforeTax": 381900000,
    "incomeBeforeTaxRatio": 0.4793523284,
    "incomeTaxExpense": 169700000,
    "netIncome": 212200000,
    "netIncomeRatio": 0.2663486883,
    "eps": 0.67,
    "epsdiluted": 0.66,
    "weightedAverageShsOut": 315200000,
    "weightedAverageShsOutDil": 320400000,
    "link": "https://www.sec.gov/Archives/edgar/data/1059556/000095012302002821/0000950123-02-002821-index.htm",
    "finalLink": "https://www.sec.gov/Archives/edgar/data/1059556/000095012302002821/y58653e10-k405.htm"
  },
  {
    "date": "2000-12-31",
    "symbol": "MCO",
    "reportedCurrency": "USD",
    "cik": "0001059556",
    "fillingDate": "2001-03-15",
    "acceptedDate": "2001-03-15 00:00:00",
    "calendarYear": "2000",
    "period": "FY",
    "revenue": 602300000,
    "costOfRevenue": 189600000,
    "grossProfit": 412700000,
    "grossProfitRatio": 0.6852067076,
    "researchAndDevelopmentExpenses": 0,
    "generalAndAdministrativeExpenses": 107600000,
    "sellingAndMarketingExpenses": 0,
    "sellingGeneralAndAdministrativeExpenses": 107600000,
    "otherExpenses": 16600000,
    "operatingExpenses": 124200000,
    "costAndExpenses": 313800000,
    "interestIncome": 0,
    "interestExpense": 4500000,
    "depreciationAndAmortization": 16600000,
    "ebitda": 305100000,
    "ebitdaratio": 0.5065581936,
    "operatingIncome": 288500000,
    "operatingIncomeRatio": 0.4789971775,
    "totalOtherIncomeExpensesNet": -4500000,
    "incomeBeforeTax": 284000000,
    "incomeBeforeTaxRatio": 0.4715258177,
    "incomeTaxExpense": 125500000,
    "netIncome": 158500000,
    "netIncomeRatio": 0.2631578947,
    "eps": 0.49,
    "epsdiluted": 0.49,
    "weightedAverageShsOut": 323400000,
    "weightedAverageShsOutDil": 326000000,
    "link": "https://www.sec.gov/Archives/edgar/data/1059556/000095012301002310/0000950123-01-002310-index.htm",
    "finalLink": "https://www.sec.gov/Archives/edgar/data/1059556/000095012301002310/y46068e10-k405.txt"
  },
  {
    "date": "1999-12-31",
    "symbol": "MCO",
    "reportedCurrency": "USD",
    "cik": "0001059556",
    "fillingDate": "2000-02-16",
    "acceptedDate": "2000-02-16 00:00:00",
    "calendarYear": "1999",
    "period": "FY",
    "revenue": 1971800000,
    "costOfRevenue": 559500000,
    "grossProfit": 1412300000,
    "grossProfitRatio": 0.7162491125,
    "researchAndDevelopmentExpenses": 0,
    "generalAndAdministrativeExpenses": 791300000,
    "sellingAndMarketingExpenses": 0,
    "sellingGeneralAndAdministrativeExpenses": 791300000,
    "otherExpenses": 140900000,
    "operatingExpenses": 932200000,
    "costAndExpenses": 1491700000,
    "interestIncome": 0,
    "interestExpense": 45200000,
    "depreciationAndAmortization": 140900000,
    "ebitda": 283400000,
    "ebitdaratio": 0.1437265443,
    "operatingIncome": 480100000,
    "operatingIncomeRatio": 0.2434831119,
    "totalOtherIncomeExpensesNet": -201200000,
    "incomeBeforeTax": 434900000,
    "incomeBeforeTaxRatio": 0.2205598945,
    "incomeTaxExpense": 178900000,
    "netIncome": 256000000,
    "netIncomeRatio": 0.1298306116,
    "eps": 0.79,
    "epsdiluted": 0.78,
    "weightedAverageShsOut": 324600000,
    "weightedAverageShsOutDil": 328600000,
    "link": "https://www.sec.gov/Archives/edgar/data/1059556/000095012300001384/0000950123-00-001384-index.html",
    "finalLink": "https://www.sec.gov/Archives/edgar/data/1059556/000095012300001384/"
  },
  {
    "date": "1998-12-31",
    "symbol": "MCO",
    "reportedCurrency": "USD",
    "cik": "0001059556",
    "fillingDate": "1999-02-16",
    "acceptedDate": "1999-02-16 00:00:00",
    "calendarYear": "1998",
    "period": "FY",
    "revenue": 1934500000,
    "costOfRevenue": 568200000,
    "grossProfit": 1366300000,
    "grossProfitRatio": 0.7062806927,
    "researchAndDevelopmentExpenses": 0,
    "generalAndAdministrativeExpenses": 776000000,
    "sellingAndMarketingExpenses": 0,
    "sellingGeneralAndAdministrativeExpenses": 776000000,
    "otherExpenses": 141600000,
    "operatingExpenses": 917600000,
    "costAndExpenses": 1485800000,
    "interestIncome": 0,
    "interestExpense": 15200000,
    "depreciationAndAmortization": 141600000,
    "ebitda": 240900000,
    "ebitdaratio": 0.1245283019,
    "operatingIncome": 448700000,
    "operatingIncomeRatio": 0.2319462393,
    "totalOtherIncomeExpensesNet": -210800000,
    "incomeBeforeTax": 399800000,
    "incomeBeforeTaxRatio": 0.2066683898,
    "incomeTaxExpense": 153400000,
    "netIncome": 280100000,
    "netIncomeRatio": 0.1447919359,
    "eps": 0.83,
    "epsdiluted": 0.82,
    "weightedAverageShsOut": 338984000,
    "weightedAverageShsOutDil": 343406000,
    "link": "https://www.sec.gov/Archives/edgar/data/1059556/000095012399001236/0000950123-99-001236-index.html",
    "finalLink": "https://www.sec.gov/Archives/edgar/data/1059556/"
  }
]