[
  {
    "date": "2024-12-31",
    "symbol": "MDLZ",
    "reportedCurrency": "USD",
    "cik": "0001103982",
    "fillingDate": "2025-02-05",
    "acceptedDate": "2025-02-05 14:52:14",
    "calendarYear": "2024",
    "period": "FY",
    "revenue": 36441000000,
    "costOfRevenue": 22184000000,
    "grossProfit": 14257000000,
    "grossProfitRatio": 0.3912351472,
    "researchAndDevelopmentExpenses": 0,
    "generalAndAdministrativeExpenses": 0,
    "sellingAndMarketingExpenses": 0,
    "sellingGeneralAndAdministrativeExpenses": 7439000000,
    "otherExpenses": 473000000,
    "operatingExpenses": 7912000000,
    "costAndExpenses": 30096000000,
    "interestIncome": 328000000,
    "interestExpense": 508000000,
    "depreciationAndAmortization": 1302000000,
    "ebitda": 8071000000,
    "ebitdaratio": 0.2214812985,
    "operatingIncome": 6345000000,
    "operatingIncomeRatio": 0.1741170659,
    "totalOtherIncomeExpensesNet": -253000000,
    "incomeBeforeTax": 6092000000,
    "incomeBeforeTaxRatio": 0.1671743366,
    "incomeTaxExpense": 1469000000,
    "netIncome": 4611000000,
    "netIncomeRatio": 0.1265333004,
    "eps": 3.44,
    "epsdiluted": 3.42,
    "weightedAverageShsOut": 1341000000,
    "weightedAverageShsOutDil": 1347000000,
    "link": "https://www.sec.gov/Archives/edgar/data/1103982/000110398225000030/0001103982-25-000030-index.htm",
    "finalLink": "https://www.sec.gov/Archives/edgar/data/1103982/000110398225000030/mdlz-20241231.htm"
  },
  {
    "date": "2023-12-31",
    "symbol": "MDLZ",
    "reportedCurrency": "USD",
    "cik": "0001103982",
    "fillingDate": "2024-02-02",
    "acceptedDate": "2024-02-02 15:50:24",
    "calendarYear": "2023",
    "period": "FY",
    "revenue": 36016000000,
    "costOfRevenue": 22252000000,
    "grossProfit": 13764000000,
    "grossProfitRatio": 0.3821634829,
    "researchAndDevelopmentExpenses": 0,
    "generalAndAdministrativeExpenses": 0,
    "sellingAndMarketingExpenses": 0,
    "sellingGeneralAndAdministrativeExpenses": 8002000000,
    "otherExpenses": 260000000,
    "operatingExpenses": 8262000000,
    "costAndExpenses": 30514000000,
    "interestIncome": 241000000,
    "interestExpense": 550000000,
    "depreciationAndAmortization": 1215000000,
    "ebitda": 7645000000,
    "ebitdaratio": 0.2122667703,
    "operatingIncome": 5502000000,
    "operatingIncomeRatio": 0.1527654376,
    "totalOtherIncomeExpensesNet": 1003000000,
    "incomeBeforeTax": 6505000000,
    "incomeBeforeTaxRatio": 0.1806141715,
    "incomeTaxExpense": 1537000000,
    "netIncome": 4959000000,
    "netIncomeRatio": 0.137688805,
    "eps": 3.64,
    "epsdiluted": 3.62,
    "weightedAverageShsOut": 1363000000,
    "weightedAverageShsOutDil": 1370000000,
    "link": "https://www.sec.gov/Archives/edgar/data/1103982/000110398224000019/0001103982-24-000019-index.htm",
    "finalLink": "https://www.sec.gov/Archives/edgar/data/1103982/000110398224000019/mdlz-20231231.htm"
  },
  {
    "date": "2022-12-31",
    "symbol": "MDLZ",
    "reportedCurrency": "USD",
    "cik": "0001103982",
    "fillingDate": "2023-02-03",
    "acceptedDate": "2023-02-03 12:06:38",
    "calendarYear": "2022",
    "period": "FY",
    "revenue": 31496000000,
    "costOfRevenue": 20184000000,
    "grossProfit": 11312000000,
    "grossProfitRatio": 0.3591567183,
    "researchAndDevelopmentExpenses": 0,
    "generalAndAdministrativeExpenses": 0,
    "sellingAndMarketingExpenses": 0,
    "sellingGeneralAndAdministrativeExpenses": 7384000000,
    "otherExpenses": 394000000,
    "operatingExpenses": 7778000000,
    "costAndExpenses": 27962000000,
    "interestIncome": 134000000,
    "interestExpense": 428000000,
    "depreciationAndAmortization": 1107000000,
    "ebitda": 4763000000,
    "ebitdaratio": 0.1512255525,
    "operatingIncome": 3534000000,
    "operatingIncomeRatio": 0.1122047244,
    "totalOtherIncomeExpensesNet": 57000000,
    "incomeBeforeTax": 3591000000,
    "incomeBeforeTaxRatio": 0.114014478,
    "incomeTaxExpense": 865000000,
    "netIncome": 2717000000,
    "netIncomeRatio": 0.0862649225,
    "eps": 1.97,
    "epsdiluted": 1.96,
    "weightedAverageShsOut": 1378000000,
    "weightedAverageShsOutDil": 1385000000,
    "link": "https://www.sec.gov/Archives/edgar/data/1103982/000110398223000006/0001103982-23-000006-index.htm",
    "finalLink": "https://www.sec.gov/Archives/edgar/data/1103982/000110398223000006/mdlz-20221231.htm"
  },
  {
    "date": "2021-12-31",
    "symbol": "MDLZ",
    "reportedCurrency": "USD",
    "cik": "0001103982",
    "fillingDate": "2022-02-04",
    "acceptedDate": "2022-02-04 13:40:11",
    "calendarYear": "2021",
    "period": "FY",
    "revenue": 28720000000,
    "costOfRevenue": 17466000000,
    "grossProfit": 11254000000,
    "grossProfitRatio": 0.3918523677,
    "researchAndDevelopmentExpenses": 0,
    "generalAndAdministrativeExpenses": 0,
    "sellingAndMarketingExpenses": 0,
    "sellingGeneralAndAdministrativeExpenses": 6263000000,
    "otherExpenses": 338000000,
    "operatingExpenses": 6601000000,
    "costAndExpenses": 24067000000,
    "interestIncome": 55000000,
    "interestExpense": 365000000,
    "depreciationAndAmortization": 1113000000,
    "ebitda": 5847000000,
    "ebitdaratio": 0.203586351,
    "operatingIncome": 4653000000,
    "operatingIncomeRatio": 0.1620125348,
    "totalOtherIncomeExpensesNet": 851000000,
    "incomeBeforeTax": 5504000000,
    "incomeBeforeTaxRatio": 0.191643454,
    "incomeTaxExpense": 1190000000,
    "netIncome": 4300000000,
    "netIncomeRatio": 0.1497214485,
    "eps": 3.06,
    "epsdiluted": 3.04,
    "weightedAverageShsOut": 1403000000,
    "weightedAverageShsOutDil": 1413000000,
    "link": "https://www.sec.gov/Archives/edgar/data/1103982/000110398222000003/0001103982-22-000003-index.htm",
    "finalLink": "https://www.sec.gov/Archives/edgar/data/1103982/000110398222000003/mdlz-20211231.htm"
  },
  {
    "date": "2020-12-31",
    "symbol": "MDLZ",
    "reportedCurrency": "USD",
    "cik": "0001103982",
    "fillingDate": "2021-02-05",
    "acceptedDate": "2021-02-05 10:23:42",
    "calendarYear": "2020",
    "period": "FY",
    "revenue": 26581000000,
    "costOfRevenue": 16135000000,
    "grossProfit": 10446000000,
    "grossProfitRatio": 0.3929874723,
    "researchAndDevelopmentExpenses": 0,
    "generalAndAdministrativeExpenses": 0,
    "sellingAndMarketingExpenses": 0,
    "sellingGeneralAndAdministrativeExpenses": 6098000000,
    "otherExpenses": 495000000,
    "operatingExpenses": 6593000000,
    "costAndExpenses": 22728000000,
    "interestIncome": 0,
    "interestExpense": 423000000,
    "depreciationAndAmortization": 1116000000,
    "ebitda": 4922000000,
    "ebitdaratio": 0.1851698582,
    "operatingIncome": 3853000000,
    "operatingIncomeRatio": 0.144953162,
    "totalOtherIncomeExpensesNet": 940000000,
    "incomeBeforeTax": 4793000000,
    "incomeBeforeTaxRatio": 0.1803167676,
    "incomeTaxExpense": 1224000000,
    "netIncome": 3555000000,
    "netIncomeRatio": 0.1337421466,
    "eps": 2.48,
    "epsdiluted": 2.47,
    "weightedAverageShsOut": 1431000000,
    "weightedAverageShsOutDil": 1441000000,
    "link": "https://www.sec.gov/Archives/edgar/data/1103982/000110398221000004/0001103982-21-000004-index.htm",
    "finalLink": "https://www.sec.gov/Archives/edgar/data/1103982/000110398221000004/mdlz-20201231.htm"
  },
  {
    "date": "2019-12-31",
    "symbol": "MDLZ",
    "reportedCurrency": "USD",
    "cik": "0001103982",
    "fillingDate": "2020-02-07",
    "acceptedDate": "2020-02-07 11:22:43",
    "calendarYear": "2019",
    "period": "FY",
    "revenue": 25868000000,
    "costOfRevenue": 15531000000,
    "grossProfit": 10337000000,
    "grossProfitRatio": 0.3996056904,
    "researchAndDevelopmentExpenses": 0,
    "generalAndAdministrativeExpenses": 0,
    "sellingAndMarketingExpenses": 0,
    "sellingGeneralAndAdministrativeExpenses": 6136000000,
    "otherExpenses": 358000000,
    "operatingExpenses": 6494000000,
    "costAndExpenses": 22025000000,
    "interestIncome": 0,
    "interestExpense": 484000000,
    "depreciationAndAmortization": 1047000000,
    "ebitda": 4978000000,
    "ebitdaratio": 0.1924385341,
    "operatingIncome": 3843000000,
    "operatingIncomeRatio": 0.1485619298,
    "totalOtherIncomeExpensesNet": 103000000,
    "incomeBeforeTax": 3946000000,
    "incomeBeforeTaxRatio": 0.1525436833,
    "incomeTaxExpense": 2000000,
    "netIncome": 3929000000,
    "netIncomeRatio": 0.1518865007,
    "eps": 2.68,
    "epsdiluted": 2.65,
    "weightedAverageShsOut": 1445000000,
    "weightedAverageShsOutDil": 1458000000,
    "link": "https://www.sec.gov/Archives/edgar/data/1103982/000110398220000003/0001103982-20-000003-index.htm",
    "finalLink": "https://www.sec.gov/Archives/edgar/data/1103982/000110398220000003/mdlz10k123119document1.htm"
  },
  {
    "date": "2018-12-31",
    "symbol": "MDLZ",
    "reportedCurrency": "USD",
    "cik": "0001103982",
    "fillingDate": "2019-02-08",
    "acceptedDate": "2019-02-08 10:34:04",
    "calendarYear": "2018",
    "period": "FY",
    "revenue": 25938000000,
    "costOfRevenue": 15586000000,
    "grossProfit": 10352000000,
    "grossProfitRatio": 0.3991055594,
    "researchAndDevelopmentExpenses": 0,
    "generalAndAdministrativeExpenses": 0,
    "sellingAndMarketingExpenses": 0,
    "sellingGeneralAndAdministrativeExpenses": 6475000000,
    "otherExpenses": 565000000,
    "operatingExpenses": 7040000000,
    "costAndExpenses": 22626000000,
    "interestIncome": 0,
    "interestExpense": 462000000,
    "depreciationAndAmortization": 811000000,
    "ebitda": 4115000000,
    "ebitdaratio": 0.1586475441,
    "operatingIncome": 3312000000,
    "operatingIncomeRatio": 0.1276891048,
    "totalOtherIncomeExpensesNet": 792000000,
    "incomeBeforeTax": 4104000000,
    "incomeBeforeTaxRatio": 0.1582234559,
    "incomeTaxExpense": 773000000,
    "netIncome": 3317000000,
    "netIncomeRatio": 0.1278818722,
    "eps": 2.3,
    "epsdiluted": 2.28,
    "weightedAverageShsOut": 1472000000,
    "weightedAverageShsOutDil": 1486000000,
    "link": "https://www.sec.gov/Archives/edgar/data/1103982/000110398219000005/0001103982-19-000005-index.htm",
    "finalLink": "https://www.sec.gov/Archives/edgar/data/1103982/000110398219000005/mdlz10k123118document.htm"
  },
  {
    "date": "2017-12-31",
    "symbol": "MDLZ",
    "reportedCurrency": "USD",
    "cik": "0001103982",
    "fillingDate": "2018-02-09",
    "acceptedDate": "2018-02-09 10:33:19",
    "calendarYear": "2017",
    "period": "FY",
    "revenue": 25896000000,
    "costOfRevenue": 15862000000,
    "grossProfit": 10034000000,
    "grossProfitRatio": 0.3874729688,
    "researchAndDevelopmentExpenses": 0,
    "generalAndAdministrativeExpenses": 0,
    "sellingAndMarketingExpenses": 0,
    "sellingGeneralAndAdministrativeExpenses": 5938000000,
    "otherExpenses": 634000000,
    "operatingExpenses": 6572000000,
    "costAndExpenses": 22434000000,
    "interestIncome": 0,
    "interestExpense": 396000000,
    "depreciationAndAmortization": 816000000,
    "ebitda": 4336000000,
    "ebitdaratio": 0.1674389867,
    "operatingIncome": 3462000000,
    "operatingIncomeRatio": 0.1336886006,
    "totalOtherIncomeExpensesNet": 46000000,
    "incomeBeforeTax": 3508000000,
    "incomeBeforeTaxRatio": 0.1354649367,
    "incomeTaxExpense": 666000000,
    "netIncome": 2828000000,
    "netIncomeRatio": 0.109206055,
    "eps": 1.93,
    "epsdiluted": 1.91,
    "weightedAverageShsOut": 1513000000,
    "weightedAverageShsOutDil": 1531000000,
    "link": "https://www.sec.gov/Archives/edgar/data/1103982/000119312518037332/0001193125-18-037332-index.htm",
    "finalLink": "https://www.sec.gov/Archives/edgar/data/1103982/000119312518037332/d466496d10k.htm"
  },
  {
    "date": "2016-12-31",
    "symbol": "MDLZ",
    "reportedCurrency": "USD",
    "cik": "0001103982",
    "fillingDate": "2017-02-24",
    "acceptedDate": "2017-02-24 13:04:38",
    "calendarYear": "2016",
    "period": "FY",
    "revenue": 25923000000,
    "costOfRevenue": 15819000000,
    "grossProfit": 10104000000,
    "grossProfitRatio": 0.3897697026,
    "researchAndDevelopmentExpenses": 0,
    "generalAndAdministrativeExpenses": 0,
    "sellingAndMarketingExpenses": 0,
    "sellingGeneralAndAdministrativeExpenses": 6546000000,
    "otherExpenses": 1004000000,
    "operatingExpenses": 7550000000,
    "costAndExpenses": 23369000000,
    "interestIncome": 0,
    "interestExpense": 515000000,
    "depreciationAndAmortization": 823000000,
    "ebitda": 2792000000,
    "ebitdaratio": 0.1077035837,
    "operatingIncome": 2554000000,
    "operatingIncomeRatio": 0.0985225475,
    "totalOtherIncomeExpensesNet": -795000000,
    "incomeBeforeTax": 1759000000,
    "incomeBeforeTaxRatio": 0.0678548008,
    "incomeTaxExpense": 114000000,
    "netIncome": 1635000000,
    "netIncomeRatio": 0.0630714038,
    "eps": 1.07,
    "epsdiluted": 1.05,
    "weightedAverageShsOut": 1556000000,
    "weightedAverageShsOutDil": 1573000000,
    "link": "https://www.sec.gov/Archives/edgar/data/1103982/000119312517055858/0001193125-17-055858-index.htm",
    "finalLink": "https://www.sec.gov/Archives/edgar/data/1103982/000119312517055858/d288385d10k.htm"
  },
  {
    "date": "2015-12-31",
    "symbol": "MDLZ",
    "reportedCurrency": "USD",
    "cik": "0001103982",
    "fillingDate": "2016-02-19",
    "acceptedDate": "2016-02-19 11:41:16",
    "calendarYear": "2015",
    "period": "FY",
    "revenue": 29636000000,
    "costOfRevenue": 18124000000,
    "grossProfit": 11512000000,
    "grossProfitRatio": 0.388446484,
    "researchAndDevelopmentExpenses": 0,
    "generalAndAdministrativeExpenses": 0,
    "sellingAndMarketingExpenses": 0,
    "sellingGeneralAndAdministrativeExpenses": 7577000000,
    "otherExpenses": -4962000000,
    "operatingExpenses": 2615000000,
    "costAndExpenses": 20739000000,
    "interestIncome": 0,
    "interestExpense": 609000000,
    "depreciationAndAmortization": 894000000,
    "ebitda": 9387000000,
    "ebitdaratio": 0.3167431502,
    "operatingIncome": 8897000000,
    "operatingIncomeRatio": 0.300209205,
    "totalOtherIncomeExpensesNet": -1013000000,
    "incomeBeforeTax": 7884000000,
    "incomeBeforeTaxRatio": 0.266027804,
    "incomeTaxExpense": 593000000,
    "netIncome": 7267000000,
    "netIncomeRatio": 0.2452085302,
    "eps": 4.49,
    "epsdiluted": 4.44,
    "weightedAverageShsOut": 1618000000,
    "weightedAverageShsOutDil": 1637000000,
    "link": "https://www.sec.gov/Archives/edgar/data/1103982/000119312516469394/0001193125-16-469394-index.htm",
    "finalLink": "https://www.sec.gov/Archives/edgar/data/1103982/000119312516469394/d51394d10k.htm"
  },
  {
    "date": "2014-12-31",
    "symbol": "MDLZ",
    "reportedCurrency": "USD",
    "cik": "0001103982",
    "fillingDate": "2015-02-20",
    "acceptedDate": "2015-02-20 10:47:09",
    "calendarYear": "2014",
    "period": "FY",
    "revenue": 34244000000,
    "costOfRevenue": 21647000000,
    "grossProfit": 12597000000,
    "grossProfitRatio": 0.3678600631,
    "researchAndDevelopmentExpenses": 0,
    "generalAndAdministrativeExpenses": 0,
    "sellingAndMarketingExpenses": 0,
    "sellingGeneralAndAdministrativeExpenses": 8457000000,
    "otherExpenses": 898000000,
    "operatingExpenses": 9355000000,
    "costAndExpenses": 31002000000,
    "interestIncome": 0,
    "interestExpense": 778000000,
    "depreciationAndAmortization": 1059000000,
    "ebitda": 4391000000,
    "ebitdaratio": 0.1282268427,
    "operatingIncome": 3242000000,
    "operatingIncomeRatio": 0.0946735194,
    "totalOtherIncomeExpensesNet": -688000000,
    "incomeBeforeTax": 2554000000,
    "incomeBeforeTaxRatio": 0.0745824086,
    "incomeTaxExpense": 353000000,
    "netIncome": 2184000000,
    "netIncomeRatio": 0.0637775961,
    "eps": 1.29,
    "epsdiluted": 1.28,
    "weightedAverageShsOut": 1691000000,
    "weightedAverageShsOutDil": 1709000000,
    "link": "https://www.sec.gov/Archives/edgar/data/1103982/000119312515055355/0001193125-15-055355-index.htm",
    "finalLink": "https://www.sec.gov/Archives/edgar/data/1103982/000119312515055355/d840894d10k.htm"
  },
  {
    "date": "2013-12-31",
    "symbol": "MDLZ",
    "reportedCurrency": "USD",
    "cik": "0001103982",
    "fillingDate": "2014-03-03",
    "acceptedDate": "2014-03-03 09:54:31",
    "calendarYear": "2013",
    "period": "FY",
    "revenue": 35299000000,
    "costOfRevenue": 22189000000,
    "grossProfit": 13110000000,
    "grossProfitRatio": 0.3713986232,
    "researchAndDevelopmentExpenses": 0,
    "generalAndAdministrativeExpenses": 0,
    "sellingAndMarketingExpenses": 0,
    "sellingGeneralAndAdministrativeExpenses": 8679000000,
    "otherExpenses": 460000000,
    "operatingExpenses": 9139000000,
    "costAndExpenses": 31328000000,
    "interestIncome": 0,
    "interestExpense": 1017000000,
    "depreciationAndAmortization": 1077000000,
    "ebitda": 4486000000,
    "ebitdaratio": 0.1270857531,
    "operatingIncome": 3971000000,
    "operatingIncomeRatio": 0.1124961047,
    "totalOtherIncomeExpensesNet": -1579000000,
    "incomeBeforeTax": 2392000000,
    "incomeBeforeTaxRatio": 0.0677639593,
    "incomeTaxExpense": 60000000,
    "netIncome": 3915000000,
    "netIncomeRatio": 0.1109096575,
    "eps": 2.21,
    "epsdiluted": 2.19,
    "weightedAverageShsOut": 1774000000,
    "weightedAverageShsOutDil": 1789000000,
    "link": "https://www.sec.gov/Archives/edgar/data/1103982/000119312514079175/0001193125-14-079175-index.htm",
    "finalLink": "https://www.sec.gov/Archives/edgar/data/1103982/000119312514079175/d645322d10k.htm"
  },
  {
    "date": "2012-12-31",
    "symbol": "MDLZ",
    "reportedCurrency": "USD",
    "cik": "0001103982",
    "fillingDate": "2013-02-25",
    "acceptedDate": "2013-02-25 11:38:27",
    "calendarYear": "2012",
    "period": "FY",
    "revenue": 35015000000,
    "costOfRevenue": 21939000000,
    "grossProfit": 13076000000,
    "grossProfitRatio": 0.3734399543,
    "researchAndDevelopmentExpenses": 0,
    "generalAndAdministrativeExpenses": 0,
    "sellingAndMarketingExpenses": 0,
    "sellingGeneralAndAdministrativeExpenses": 9176000000,
    "otherExpenses": 263000000,
    "operatingExpenses": 9439000000,
    "costAndExpenses": 31378000000,
    "interestIncome": 0,
    "interestExpense": 1177000000,
    "depreciationAndAmortization": 1345000000,
    "ebitda": 4296000000,
    "ebitdaratio": 0.1226902756,
    "operatingIncome": 3637000000,
    "operatingIncomeRatio": 0.1038697701,
    "totalOtherIncomeExpensesNet": -1863000000,
    "incomeBeforeTax": 1774000000,
    "incomeBeforeTaxRatio": 0.0506640011,
    "incomeTaxExpense": 168000000,
    "netIncome": 3067000000,
    "netIncomeRatio": 0.0875910324,
    "eps": 1.7,
    "epsdiluted": 1.69,
    "weightedAverageShsOut": 1777000000,
    "weightedAverageShsOutDil": 1789000000,
    "link": "https://www.sec.gov/Archives/edgar/data/1103982/000119312513073227/0001193125-13-073227-index.htm",
    "finalLink": "https://www.sec.gov/Archives/edgar/data/1103982/000119312513073227/d456052d10k.htm"
  },
  {
    "date": "2011-12-31",
    "symbol": "MDLZ",
    "reportedCurrency": "USD",
    "cik": "0001103982",
    "fillingDate": "2012-02-27",
    "acceptedDate": "2012-02-27 10:45:56",
    "calendarYear": "2011",
    "period": "FY",
    "revenue": 35810000000,
    "costOfRevenue": 22710000000,
    "grossProfit": 13100000000,
    "grossProfitRatio": 0.3658196035,
    "researchAndDevelopmentExpenses": 0,
    "generalAndAdministrativeExpenses": 0,
    "sellingAndMarketingExpenses": 0,
    "sellingGeneralAndAdministrativeExpenses": 9382000000,
    "otherExpenses": 220000000,
    "operatingExpenses": 9602000000,
    "costAndExpenses": 32312000000,
    "interestIncome": 0,
    "interestExpense": 1383000000,
    "depreciationAndAmortization": 1485000000,
    "ebitda": 4748000000,
    "ebitdaratio": 0.1325886624,
    "operatingIncome": 3498000000,
    "operatingIncomeRatio": 0.0976822117,
    "totalOtherIncomeExpensesNet": -1618000000,
    "incomeBeforeTax": 1880000000,
    "incomeBeforeTaxRatio": 0.0524993019,
    "incomeTaxExpense": 116000000,
    "netIncome": 3554000000,
    "netIncomeRatio": 0.0992460207,
    "eps": 2,
    "epsdiluted": 1.99,
    "weightedAverageShsOut": 1765000000,
    "weightedAverageShsOutDil": 1772000000,
    "link": "https://www.sec.gov/Archives/edgar/data/1103982/000119312512080318/0001193125-12-080318-index.htm",
    "finalLink": "https://www.sec.gov/Archives/edgar/data/1103982/000119312512080318/d277353d10k.htm"
  },
  {
    "date": "2010-12-31",
    "symbol": "MDLZ",
    "reportedCurrency": "USD",
    "cik": "0001103982",
    "fillingDate": "2011-02-28",
    "acceptedDate": "2011-02-28 10:44:30",
    "calendarYear": "2010",
    "period": "FY",
    "revenue": 31489000000,
    "costOfRevenue": 19617000000,
    "grossProfit": 11872000000,
    "grossProfitRatio": 0.3770205469,
    "researchAndDevelopmentExpenses": 0,
    "generalAndAdministrativeExpenses": 0,
    "sellingAndMarketingExpenses": 0,
    "sellingGeneralAndAdministrativeExpenses": 9140000000,
    "otherExpenses": 236000000,
    "operatingExpenses": 9376000000,
    "costAndExpenses": 28993000000,
    "interestIncome": 0,
    "interestExpense": 1540000000,
    "depreciationAndAmortization": 1440000000,
    "ebitda": 3706000000,
    "ebitdaratio": 0.1176918924,
    "operatingIncome": 2496000000,
    "operatingIncomeRatio": 0.0792657754,
    "totalOtherIncomeExpensesNet": -1770000000,
    "incomeBeforeTax": 726000000,
    "incomeBeforeTaxRatio": 0.0230556702,
    "incomeTaxExpense": 54000000,
    "netIncome": 4114000000,
    "netIncomeRatio": 0.130648798,
    "eps": 2.4,
    "epsdiluted": 2.39,
    "weightedAverageShsOut": 1715000000,
    "weightedAverageShsOutDil": 1720000000,
    "link": "https://www.sec.gov/Archives/edgar/data/1103982/000119312511048979/0001193125-11-048979-index.htm",
    "finalLink": "https://www.sec.gov/Archives/edgar/data/1103982/000119312511048979/d10k.htm"
  },
  {
    "date": "2009-12-31",
    "symbol": "MDLZ",
    "reportedCurrency": "USD",
    "cik": "0001103982",
    "fillingDate": "2010-02-25",
    "acceptedDate": "2010-02-25 11:55:07",
    "calendarYear": "2009",
    "period": "FY",
    "revenue": 38754000000,
    "costOfRevenue": 24819000000,
    "grossProfit": 13935000000,
    "grossProfitRatio": 0.3595757857,
    "researchAndDevelopmentExpenses": 0,
    "generalAndAdministrativeExpenses": 0,
    "sellingAndMarketingExpenses": 0,
    "sellingGeneralAndAdministrativeExpenses": 8784000000,
    "otherExpenses": -32000000,
    "operatingExpenses": 8752000000,
    "costAndExpenses": 33571000000,
    "interestIncome": 0,
    "interestExpense": 1260000000,
    "depreciationAndAmortization": 931000000,
    "ebitda": 6137000000,
    "ebitdaratio": 0.1583578469,
    "operatingIncome": 5183000000,
    "operatingIncomeRatio": 0.1337410332,
    "totalOtherIncomeExpensesNet": -1237000000,
    "incomeBeforeTax": 3946000000,
    "incomeBeforeTaxRatio": 0.1018217474,
    "incomeTaxExpense": 1136000000,
    "netIncome": 3021000000,
    "netIncomeRatio": 0.0779532435,
    "eps": 2.04,
    "epsdiluted": 2.03,
    "weightedAverageShsOut": 1478000000,
    "weightedAverageShsOutDil": 1486000000,
    "link": "https://www.sec.gov/Archives/edgar/data/1103982/000119312510040106/0001193125-10-040106-index.htm",
    "finalLink": "https://www.sec.gov/Archives/edgar/data/1103982/000119312510040106/d10k.htm"
  },
  {
    "date": "2008-12-31",
    "symbol": "MDLZ",
    "reportedCurrency": "USD",
    "cik": "0001103982",
    "fillingDate": "2009-02-27",
    "acceptedDate": "2009-02-27 15:10:38",
    "calendarYear": "2008",
    "period": "FY",
    "revenue": 40492000000,
    "costOfRevenue": 27164000000,
    "grossProfit": 13328000000,
    "grossProfitRatio": 0.3291514373,
    "researchAndDevelopmentExpenses": 0,
    "generalAndAdministrativeExpenses": 0,
    "sellingAndMarketingExpenses": 0,
    "sellingGeneralAndAdministrativeExpenses": 8613000000,
    "otherExpenses": 1139000000,
    "operatingExpenses": 9752000000,
    "costAndExpenses": 36916000000,
    "interestIncome": 0,
    "interestExpense": 1272000000,
    "depreciationAndAmortization": 986000000,
    "ebitda": 4594000000,
    "ebitdaratio": 0.1134545095,
    "operatingIncome": 3576000000,
    "operatingIncomeRatio": 0.088313741,
    "totalOtherIncomeExpensesNet": -1240000000,
    "incomeBeforeTax": 2336000000,
    "incomeBeforeTaxRatio": 0.057690408,
    "incomeTaxExpense": 658000000,
    "netIncome": 2884000000,
    "netIncomeRatio": 0.0712239455,
    "eps": 1.92,
    "epsdiluted": 1.9,
    "weightedAverageShsOut": 1505000000,
    "weightedAverageShsOutDil": 1515000000,
    "link": "https://www.sec.gov/Archives/edgar/data/1103982/000119312509040798/0001193125-09-040798-index.htm",
    "finalLink": "https://www.sec.gov/Archives/edgar/data/1103982/000119312509040798/d10k.htm"
  },
  {
    "date": "2007-12-31",
    "symbol": "MDLZ",
    "reportedCurrency": "USD",
    "cik": "0001103982",
    "fillingDate": "2008-02-25",
    "acceptedDate": "2008-02-25 17:23:38",
    "calendarYear": "2007",
    "period": "FY",
    "revenue": 36134000000,
    "costOfRevenue": 24057000000,
    "grossProfit": 12077000000,
    "grossProfitRatio": 0.3342281508,
    "researchAndDevelopmentExpenses": 0,
    "generalAndAdministrativeExpenses": 0,
    "sellingAndMarketingExpenses": 0,
    "sellingGeneralAndAdministrativeExpenses": 7673000000,
    "otherExpenses": 438000000,
    "operatingExpenses": 8111000000,
    "costAndExpenses": 32168000000,
    "interestIncome": 0,
    "interestExpense": 0,
    "depreciationAndAmortization": 886000000,
    "ebitda": 4852000000,
    "ebitdaratio": 0.1342779654,
    "operatingIncome": 3966000000,
    "operatingIncomeRatio": 0.1097581225,
    "totalOtherIncomeExpensesNet": -604000000,
    "incomeBeforeTax": 3362000000,
    "incomeBeforeTaxRatio": 0.0930425638,
    "incomeTaxExpense": 1002000000,
    "netIncome": 2590000000,
    "netIncomeRatio": 0.0716776443,
    "eps": 1.64,
    "epsdiluted": 1.62,
    "weightedAverageShsOut": 1575000000,
    "weightedAverageShsOutDil": 1594000000,
    "link": "https://www.sec.gov/Archives/edgar/data/1103982/000119312508037590/0001193125-08-037590-index.htm",
    "finalLink": "https://www.sec.gov/Archives/edgar/data/1103982/000119312508037590/d10k.htm"
  },
  {
    "date": "2006-12-31",
    "symbol": "MDLZ",
    "reportedCurrency": "USD",
    "cik": "0001103982",
    "fillingDate": "2007-03-01",
    "acceptedDate": "2007-03-01 15:39:31",
    "calendarYear": "2006",
    "period": "FY",
    "revenue": 33256000000,
    "costOfRevenue": 21344000000,
    "grossProfit": 11912000000,
    "grossProfitRatio": 0.3581910031,
    "researchAndDevelopmentExpenses": 0,
    "generalAndAdministrativeExpenses": 0,
    "sellingAndMarketingExpenses": 0,
    "sellingGeneralAndAdministrativeExpenses": 7120000000,
    "otherExpenses": 638000000,
    "operatingExpenses": 7758000000,
    "costAndExpenses": 29102000000,
    "interestIncome": 0,
    "interestExpense": 0,
    "depreciationAndAmortization": 891000000,
    "ebitda": 5045000000,
    "ebitdaratio": 0.1517019485,
    "operatingIncome": 4154000000,
    "operatingIncomeRatio": 0.1249097907,
    "totalOtherIncomeExpensesNet": -510000000,
    "incomeBeforeTax": 3644000000,
    "incomeBeforeTaxRatio": 0.1095742122,
    "incomeTaxExpense": 816000000,
    "netIncome": 3060000000,
    "netIncomeRatio": 0.0920134713,
    "eps": 1.86,
    "epsdiluted": 1.85,
    "weightedAverageShsOut": 1645161290,
    "weightedAverageShsOutDil": 1654054054,
    "link": "https://www.sec.gov/Archives/edgar/data/1103982/000104746907001530/0001047469-07-001530-index.htm",
    "finalLink": "https://www.sec.gov/Archives/edgar/data/1103982/000104746907001530/a2176027z10-k.htm"
  },
  {
    "date": "2005-12-31",
    "symbol": "MDLZ",
    "reportedCurrency": "USD",
    "cik": "0001103982",
    "fillingDate": "2006-03-10",
    "acceptedDate": "2006-03-10 16:34:38",
    "calendarYear": "2005",
    "period": "FY",
    "revenue": 34113000000,
    "costOfRevenue": 21845000000,
    "grossProfit": 12268000000,
    "grossProfitRatio": 0.3596282942,
    "researchAndDevelopmentExpenses": 0,
    "generalAndAdministrativeExpenses": 0,
    "sellingAndMarketingExpenses": 0,
    "sellingGeneralAndAdministrativeExpenses": 7138000000,
    "otherExpenses": 381000000,
    "operatingExpenses": 7519000000,
    "costAndExpenses": 29364000000,
    "interestIncome": 0,
    "interestExpense": 0,
    "depreciationAndAmortization": 879000000,
    "ebitda": 5628000000,
    "ebitdaratio": 0.1649810923,
    "operatingIncome": 4749000000,
    "operatingIncomeRatio": 0.1392137895,
    "totalOtherIncomeExpensesNet": -636000000,
    "incomeBeforeTax": 4113000000,
    "incomeBeforeTaxRatio": 0.1205698707,
    "incomeTaxExpense": 1209000000,
    "netIncome": 2632000000,
    "netIncomeRatio": 0.0771553367,
    "eps": 1.56,
    "epsdiluted": 1.55,
    "weightedAverageShsOut": 1687179487,
    "weightedAverageShsOutDil": 1698064516,
    "link": "https://www.sec.gov/Archives/edgar/data/1103982/000104746906003200/0001047469-06-003200-index.htm",
    "finalLink": "https://www.sec.gov/Archives/edgar/data/1103982/000104746906003200/a2168110z10-k.htm"
  },
  {
    "date": "2004-12-31",
    "symbol": "MDLZ",
    "reportedCurrency": "USD",
    "cik": "0001103982",
    "fillingDate": "2005-03-11",
    "acceptedDate": "2005-03-11 16:19:42",
    "calendarYear": "2004",
    "period": "FY",
    "revenue": 32168000000,
    "costOfRevenue": 20281000000,
    "grossProfit": 11887000000,
    "grossProfitRatio": 0.3695287242,
    "researchAndDevelopmentExpenses": 0,
    "generalAndAdministrativeExpenses": 0,
    "sellingAndMarketingExpenses": 0,
    "sellingGeneralAndAdministrativeExpenses": 6658000000,
    "otherExpenses": 617000000,
    "operatingExpenses": 7275000000,
    "costAndExpenses": 27556000000,
    "interestIncome": 0,
    "interestExpense": 0,
    "depreciationAndAmortization": 879000000,
    "ebitda": 5491000000,
    "ebitdaratio": 0.1706975877,
    "operatingIncome": 4612000000,
    "operatingIncomeRatio": 0.1433722954,
    "totalOtherIncomeExpensesNet": -666000000,
    "incomeBeforeTax": 3946000000,
    "incomeBeforeTaxRatio": 0.1226684904,
    "incomeTaxExpense": 1274000000,
    "netIncome": 2665000000,
    "netIncomeRatio": 0.0828463069,
    "eps": 1.56,
    "epsdiluted": 1.55,
    "weightedAverageShsOut": 1708333333,
    "weightedAverageShsOutDil": 1719354839,
    "link": "https://www.sec.gov/Archives/edgar/data/1103982/000104746905006214/0001047469-05-006214-index.htm",
    "finalLink": "https://www.sec.gov/Archives/edgar/data/1103982/000104746905006214/a2152234z10-k.htm"
  },
  {
    "date": "2003-12-31",
    "symbol": "MDLZ",
    "reportedCurrency": "USD",
    "cik": "0001103982",
    "fillingDate": "2004-03-12",
    "acceptedDate": "2004-03-12 12:47:41",
    "calendarYear": "2003",
    "period": "FY",
    "revenue": 30498000000,
    "costOfRevenue": 18531000000,
    "grossProfit": 11967000000,
    "grossProfitRatio": 0.392386386,
    "researchAndDevelopmentExpenses": 0,
    "generalAndAdministrativeExpenses": 0,
    "sellingAndMarketingExpenses": 0,
    "sellingGeneralAndAdministrativeExpenses": 6136000000,
    "otherExpenses": -29000000,
    "operatingExpenses": 6107000000,
    "costAndExpenses": 24638000000,
    "interestIncome": 0,
    "interestExpense": 0,
    "depreciationAndAmortization": 813000000,
    "ebitda": 6673000000,
    "ebitdaratio": 0.2188012329,
    "operatingIncome": 5860000000,
    "operatingIncomeRatio": 0.1921437471,
    "totalOtherIncomeExpensesNet": -665000000,
    "incomeBeforeTax": 5195000000,
    "incomeBeforeTaxRatio": 0.1703390386,
    "incomeTaxExpense": 1812000000,
    "netIncome": 3476000000,
    "netIncomeRatio": 0.1139746869,
    "eps": 2.01,
    "epsdiluted": 2.01,
    "weightedAverageShsOut": 1729353234,
    "weightedAverageShsOutDil": 1729353234,
    "link": "https://www.sec.gov/Archives/edgar/data/1103982/000104746904007643/0001047469-04-007643-index.htm",
    "finalLink": "https://www.sec.gov/Archives/edgar/data/1103982/000104746904007643/a2129292z10-k.htm"
  },
  {
    "date": "2002-12-31",
    "symbol": "MDLZ",
    "reportedCurrency": "USD",
    "cik": "0001103982",
    "fillingDate": "2003-03-25",
    "acceptedDate": "2003-03-25 17:25:15",
    "calendarYear": "2002",
    "period": "FY",
    "revenue": 29248000000,
    "costOfRevenue": 17463000000,
    "grossProfit": 11785000000,
    "grossProfitRatio": 0.4029335339,
    "researchAndDevelopmentExpenses": 0,
    "generalAndAdministrativeExpenses": 0,
    "sellingAndMarketingExpenses": 0,
    "sellingGeneralAndAdministrativeExpenses": 5644000000,
    "otherExpenses": 180000000,
    "operatingExpenses": 5824000000,
    "costAndExpenses": 23287000000,
    "interestIncome": 0,
    "interestExpense": 0,
    "depreciationAndAmortization": 716000000,
    "ebitda": 6677000000,
    "ebitdaratio": 0.2282891138,
    "operatingIncome": 5961000000,
    "operatingIncomeRatio": 0.2038088074,
    "totalOtherIncomeExpensesNet": -847000000,
    "incomeBeforeTax": 5114000000,
    "incomeBeforeTaxRatio": 0.1748495624,
    "incomeTaxExpense": 1813000000,
    "netIncome": 3394000000,
    "netIncomeRatio": 0.1160421225,
    "eps": 1.96,
    "epsdiluted": 1.96,
    "weightedAverageShsOut": 1731632653,
    "weightedAverageShsOutDil": 1731632653,
    "link": "https://www.sec.gov/Archives/edgar/data/1103982/000104746903010159/0001047469-03-010159-index.htm",
    "finalLink": "https://www.sec.gov/Archives/edgar/data/1103982/000104746903010159/a2105346z10-k.htm"
  },
  {
    "date": "2001-12-31",
    "symbol": "MDLZ",
    "reportedCurrency": "USD",
    "cik": "0001103982",
    "fillingDate": "2002-03-14",
    "acceptedDate": "2002-03-14 00:00:00",
    "calendarYear": "2001",
    "period": "FY",
    "revenue": 29234000000,
    "costOfRevenue": 17566000000,
    "grossProfit": 11668000000,
    "grossProfitRatio": 0.3991243073,
    "researchAndDevelopmentExpenses": 0,
    "generalAndAdministrativeExpenses": 0,
    "sellingAndMarketingExpenses": 0,
    "sellingGeneralAndAdministrativeExpenses": 5748000000,
    "otherExpenses": 1036000000,
    "operatingExpenses": 6784000000,
    "costAndExpenses": 24350000000,
    "interestIncome": 0,
    "interestExpense": 0,
    "depreciationAndAmortization": 1642000000,
    "ebitda": 6526000000,
    "ebitdaratio": 0.2232332216,
    "operatingIncome": 4884000000,
    "operatingIncomeRatio": 0.1670657454,
    "totalOtherIncomeExpensesNet": -1437000000,
    "incomeBeforeTax": 3447000000,
    "incomeBeforeTaxRatio": 0.117910652,
    "incomeTaxExpense": 1565000000,
    "netIncome": 1882000000,
    "netIncomeRatio": 0.0643770952,
    "eps": 1.17,
    "epsdiluted": 1.17,
    "weightedAverageShsOut": 1608547009,
    "weightedAverageShsOutDil": 1608547009,
    "link": "https://www.sec.gov/Archives/edgar/data/1103982/000095012302002512/0000950123-02-002512-index.htm",
    "finalLink": "https://www.sec.gov/Archives/edgar/data/1103982/000095012302002512/y57670e10-k.txt"
  },
  {
    "date": "2000-12-31",
    "symbol": "MDLZ",
    "reportedCurrency": "USD",
    "cik": "0001103982",
    "fillingDate": "2000-12-31",
    "acceptedDate": "2000-12-31 00:00:00",
    "calendarYear": "2000",
    "period": "FY",
    "revenue": 22922000000,
    "costOfRevenue": 13959000000,
    "grossProfit": 8963000000,
    "grossProfitRatio": 0.3910217259,
    "researchAndDevelopmentExpenses": 0,
    "generalAndAdministrativeExpenses": 0,
    "sellingAndMarketingExpenses": 0,
    "sellingGeneralAndAdministrativeExpenses": 4588000000,
    "otherExpenses": 363000000,
    "operatingExpenses": 4951000000,
    "costAndExpenses": 18910000000,
    "interestIncome": 0,
    "interestExpense": 0,
    "depreciationAndAmortization": 1034000000,
    "ebitda": 5046000000,
    "ebitdaratio": 0.2201378588,
    "operatingIncome": 4012000000,
    "operatingIncomeRatio": 0.175028357,
    "totalOtherIncomeExpensesNet": -597000000,
    "incomeBeforeTax": 3415000000,
    "incomeBeforeTaxRatio": 0.1489835093,
    "incomeTaxExpense": 1414000000,
    "netIncome": 2001000000,
    "netIncomeRatio": 0.0872960475,
    "eps": 1.36,
    "epsdiluted": 1.36,
    "weightedAverageShsOut": 1471325758,
    "weightedAverageShsOutDil": 1471325758,
    "link": null,
    "finalLink": null
  },
  {
    "date": "1999-12-31",
    "symbol": "MDLZ",
    "reportedCurrency": "USD",
    "cik": "0001103982",
    "fillingDate": "1999-12-31",
    "acceptedDate": "1999-12-31 00:00:00",
    "calendarYear": "1999",
    "period": "FY",
    "revenue": 23430000000,
    "costOfRevenue": 14615000000,
    "grossProfit": 8815000000,
    "grossProfitRatio": 0.3762270593,
    "researchAndDevelopmentExpenses": 0,
    "generalAndAdministrativeExpenses": 0,
    "sellingAndMarketingExpenses": 0,
    "sellingGeneralAndAdministrativeExpenses": 0,
    "otherExpenses": 5236000000,
    "operatingExpenses": 5236000000,
    "costAndExpenses": 19851000000,
    "interestIncome": 0,
    "interestExpense": 0,
    "depreciationAndAmortization": 0,
    "ebitda": 3579000000,
    "ebitdaratio": 0.1527528809,
    "operatingIncome": 3579000000,
    "operatingIncomeRatio": 0.1527528809,
    "totalOtherIncomeExpensesNet": -539000000,
    "incomeBeforeTax": 3040000000,
    "incomeBeforeTaxRatio": 0.1297481861,
    "incomeTaxExpense": 0,
    "netIncome": 1753000000,
    "netIncomeRatio": 0.0748186086,
    "eps": 1.2,
    "epsdiluted": 1.2,
    "weightedAverageShsOut": 1460833333,
    "weightedAverageShsOutDil": 1460833333,
    "link": null,
    "finalLink": null
  },
  {
    "date": "1998-12-31",
    "symbol": "MDLZ",
    "reportedCurrency": "USD",
    "cik": "0001103982",
    "fillingDate": "1998-12-31",
    "acceptedDate": "1998-12-31 00:00:00",
    "calendarYear": "1998",
    "period": "FY",
    "revenue": 24140000000,
    "costOfRevenue": 15586000000,
    "grossProfit": 8554000000,
    "grossProfitRatio": 0.3543496272,
    "researchAndDevelopmentExpenses": 0,
    "generalAndAdministrativeExpenses": 0,
    "sellingAndMarketingExpenses": 0,
    "sellingGeneralAndAdministrativeExpenses": 0,
    "otherExpenses": 5019000000,
    "operatingExpenses": 5019000000,
    "costAndExpenses": 20605000000,
    "interestIncome": 0,
    "interestExpense": 0,
    "depreciationAndAmortization": 0,
    "ebitda": 3535000000,
    "ebitdaratio": 0.1464374482,
    "operatingIncome": 3535000000,
    "operatingIncomeRatio": 0.1464374482,
    "totalOtherIncomeExpensesNet": -536000000,
    "incomeBeforeTax": 2999000000,
    "incomeBeforeTaxRatio": 0.1242336371,
    "incomeTaxExpense": 0,
    "netIncome": 1632000000,
    "netIncomeRatio": 0.0676056338,
    "eps": 1.12,
    "epsdiluted": 1.12,
    "weightedAverageShsOut": 1457142857,
    "weightedAverageShsOutDil": 1457142857,
    "link": null,
    "finalLink": null
  }
]