[
  {
    "date": "2025-06-30",
    "symbol": "MDLZ",
    "reportedCurrency": "USD",
    "cik": "0001103982",
    "fillingDate": "2025-07-29",
    "acceptedDate": "2025-07-29 16:19:57",
    "calendarYear": "2025",
    "period": "Q2",
    "revenue": 8984000000,
    "costOfRevenue": 6070000000,
    "grossProfit": 2914000000,
    "grossProfitRatio": 0.3243544078,
    "researchAndDevelopmentExpenses": 0,
    "generalAndAdministrativeExpenses": 0,
    "sellingAndMarketingExpenses": 0,
    "sellingGeneralAndAdministrativeExpenses": 1720000000,
    "otherExpenses": 0,
    "operatingExpenses": 1720000000,
    "costAndExpenses": 7790000000,
    "interestIncome": 98000000,
    "interestExpense": 151000000,
    "depreciationAndAmortization": 339000000,
    "ebitda": 1345000000,
    "ebitdaratio": 0.1497105966,
    "operatingIncome": 1194000000,
    "operatingIncomeRatio": 0.1329029386,
    "totalOtherIncomeExpensesNet": -320000000,
    "incomeBeforeTax": 874000000,
    "incomeBeforeTaxRatio": 0.0972840606,
    "incomeTaxExpense": 230000000,
    "netIncome": 641000000,
    "netIncomeRatio": 0.071349065,
    "eps": 0.49,
    "epsdiluted": 0.49,
    "weightedAverageShsOut": 1295000000,
    "weightedAverageShsOutDil": 1299000000,
    "link": "https://www.sec.gov/Archives/edgar/data/1103982/000110398225000188/0001103982-25-000188-index.htm",
    "finalLink": "https://www.sec.gov/Archives/edgar/data/1103982/000110398225000188/mdlz-20250630.htm"
  },
  {
    "date": "2025-03-31",
    "symbol": "MDLZ",
    "reportedCurrency": "USD",
    "cik": "0001103982",
    "fillingDate": "2025-04-29",
    "acceptedDate": "2025-04-29 16:11:48",
    "calendarYear": "2025",
    "period": "Q1",
    "revenue": 9313000000,
    "costOfRevenue": 6883000000,
    "grossProfit": 2430000000,
    "grossProfitRatio": 0.2609255879,
    "researchAndDevelopmentExpenses": 0,
    "generalAndAdministrativeExpenses": 0,
    "sellingAndMarketingExpenses": 0,
    "sellingGeneralAndAdministrativeExpenses": 1711000000,
    "otherExpenses": 39000000,
    "operatingExpenses": 1750000000,
    "costAndExpenses": 8633000000,
    "interestIncome": 0,
    "interestExpense": 137000000,
    "depreciationAndAmortization": 324000000,
    "ebitda": 1006000000,
    "ebitdaratio": 0.1080210458,
    "operatingIncome": 680000000,
    "operatingIncomeRatio": 0.0730162139,
    "totalOtherIncomeExpensesNet": -119000000,
    "incomeBeforeTax": 561000000,
    "incomeBeforeTaxRatio": 0.0602383765,
    "incomeTaxExpense": 154000000,
    "netIncome": 402000000,
    "netIncomeRatio": 0.0431654676,
    "eps": 0.31,
    "epsdiluted": 0.31,
    "weightedAverageShsOut": 1301000000,
    "weightedAverageShsOutDil": 1305000000,
    "link": "https://www.sec.gov/Archives/edgar/data/1103982/000110398225000127/0001103982-25-000127-index.htm",
    "finalLink": "https://www.sec.gov/Archives/edgar/data/1103982/000110398225000127/mdlz-20250331.htm"
  },
  {
    "date": "2024-12-31",
    "symbol": "MDLZ",
    "reportedCurrency": "USD",
    "cik": "0001103982",
    "fillingDate": "2025-02-05",
    "acceptedDate": "2025-02-05 14:52:14",
    "calendarYear": "2024",
    "period": "Q4",
    "revenue": 9604000000,
    "costOfRevenue": 5893000000,
    "grossProfit": 3711000000,
    "grossProfitRatio": 0.3864014994,
    "researchAndDevelopmentExpenses": 0,
    "generalAndAdministrativeExpenses": 0,
    "sellingAndMarketingExpenses": 0,
    "sellingGeneralAndAdministrativeExpenses": 1980000000,
    "otherExpenses": 120000000,
    "operatingExpenses": 2100000000,
    "costAndExpenses": 7993000000,
    "interestIncome": 93000000,
    "interestExpense": 127000000,
    "depreciationAndAmortization": 331000000,
    "ebitda": 2055000000,
    "ebitdaratio": 0.2139733444,
    "operatingIncome": 1611000000,
    "operatingIncomeRatio": 0.1677426072,
    "totalOtherIncomeExpensesNet": 353000000,
    "incomeBeforeTax": 1964000000,
    "incomeBeforeTaxRatio": 0.2044981258,
    "incomeTaxExpense": 216000000,
    "netIncome": 1745000000,
    "netIncomeRatio": 0.181695127,
    "eps": 1.3,
    "epsdiluted": 1.3,
    "weightedAverageShsOut": 1338574100,
    "weightedAverageShsOutDil": 1340000000,
    "link": "https://www.sec.gov/Archives/edgar/data/1103982/000110398225000030/0001103982-25-000030-index.htm",
    "finalLink": "https://www.sec.gov/Archives/edgar/data/1103982/000110398225000030/mdlz-20241231.htm"
  },
  {
    "date": "2024-09-30",
    "symbol": "MDLZ",
    "reportedCurrency": "USD",
    "cik": "0001103982",
    "fillingDate": "2024-10-29",
    "acceptedDate": "2024-10-29 16:14:33",
    "calendarYear": "2024",
    "period": "Q3",
    "revenue": 9204000000,
    "costOfRevenue": 6205000000,
    "grossProfit": 2999000000,
    "grossProfitRatio": 0.3258365928,
    "researchAndDevelopmentExpenses": 0,
    "generalAndAdministrativeExpenses": 0,
    "sellingAndMarketingExpenses": 0,
    "sellingGeneralAndAdministrativeExpenses": 1630000000,
    "otherExpenses": 216000000,
    "operatingExpenses": 1846000000,
    "costAndExpenses": 8051000000,
    "interestIncome": 83000000,
    "interestExpense": 129000000,
    "depreciationAndAmortization": 335000000,
    "ebitda": 1596000000,
    "ebitdaratio": 0.1734028683,
    "operatingIncome": 1153000000,
    "operatingIncomeRatio": 0.125271621,
    "totalOtherIncomeExpensesNet": 29000000,
    "incomeBeforeTax": 1182000000,
    "incomeBeforeTaxRatio": 0.128422425,
    "incomeTaxExpense": 326000000,
    "netIncome": 853000000,
    "netIncomeRatio": 0.0926770969,
    "eps": 0.64,
    "epsdiluted": 0.63,
    "weightedAverageShsOut": 1339000000,
    "weightedAverageShsOutDil": 1344000000,
    "link": "https://www.sec.gov/Archives/edgar/data/1103982/000110398224000104/0001103982-24-000104-index.htm",
    "finalLink": "https://www.sec.gov/Archives/edgar/data/1103982/000110398224000104/mdlz-20240930.htm"
  },
  {
    "date": "2024-06-30",
    "symbol": "MDLZ",
    "reportedCurrency": "USD",
    "cik": "0001103982",
    "fillingDate": "2024-07-30",
    "acceptedDate": "2024-07-30 16:13:55",
    "calendarYear": "2024",
    "period": "Q2",
    "revenue": 8343000000,
    "costOfRevenue": 5546000000,
    "grossProfit": 2797000000,
    "grossProfitRatio": 0.3352511087,
    "researchAndDevelopmentExpenses": 0,
    "generalAndAdministrativeExpenses": 0,
    "sellingAndMarketingExpenses": 0,
    "sellingGeneralAndAdministrativeExpenses": 1891000000,
    "otherExpenses": 52000000,
    "operatingExpenses": 1943000000,
    "costAndExpenses": 7489000000,
    "interestIncome": 98000000,
    "interestExpense": 130000000,
    "depreciationAndAmortization": 317000000,
    "ebitda": 1297000000,
    "ebitdaratio": 0.1554596668,
    "operatingIncome": 854000000,
    "operatingIncomeRatio": 0.1023612609,
    "totalOtherIncomeExpensesNet": 44000000,
    "incomeBeforeTax": 898000000,
    "incomeBeforeTaxRatio": 0.1076351432,
    "incomeTaxExpense": 295000000,
    "netIncome": 601000000,
    "netIncomeRatio": 0.0720364377,
    "eps": 0.45,
    "epsdiluted": 0.45,
    "weightedAverageShsOut": 1343000000,
    "weightedAverageShsOutDil": 1348000000,
    "link": "https://www.sec.gov/Archives/edgar/data/1103982/000110398224000092/0001103982-24-000092-index.htm",
    "finalLink": "https://www.sec.gov/Archives/edgar/data/1103982/000110398224000092/mdlz-20240630.htm"
  },
  {
    "date": "2024-03-31",
    "symbol": "MDLZ",
    "reportedCurrency": "USD",
    "cik": "0001103982",
    "fillingDate": "2024-04-30",
    "acceptedDate": "2024-04-30 17:17:38",
    "calendarYear": "2024",
    "period": "Q1",
    "revenue": 9290000000,
    "costOfRevenue": 4540000000,
    "grossProfit": 4750000000,
    "grossProfitRatio": 0.5113024758,
    "researchAndDevelopmentExpenses": 0,
    "generalAndAdministrativeExpenses": 0,
    "sellingAndMarketingExpenses": 0,
    "sellingGeneralAndAdministrativeExpenses": 1938000000,
    "otherExpenses": 85000000,
    "operatingExpenses": 2023000000,
    "costAndExpenses": 6563000000,
    "interestIncome": 54000000,
    "interestExpense": 122000000,
    "depreciationAndAmortization": 319000000,
    "ebitda": 3123000000,
    "ebitdaratio": 0.3361679225,
    "operatingIncome": 2727000000,
    "operatingIncomeRatio": 0.2935414424,
    "totalOtherIncomeExpensesNet": -679000000,
    "incomeBeforeTax": 2048000000,
    "incomeBeforeTaxRatio": 0.220452099,
    "incomeTaxExpense": 632000000,
    "netIncome": 1412000000,
    "netIncomeRatio": 0.1519913886,
    "eps": 1.05,
    "epsdiluted": 1.04,
    "weightedAverageShsOut": 1348000000,
    "weightedAverageShsOutDil": 1355000000,
    "link": "https://www.sec.gov/Archives/edgar/data/1103982/000110398224000055/0001103982-24-000055-index.htm",
    "finalLink": "https://www.sec.gov/Archives/edgar/data/1103982/000110398224000055/mdlz-20240331.htm"
  },
  {
    "date": "2023-12-31",
    "symbol": "MDLZ",
    "reportedCurrency": "USD",
    "cik": "0001103982",
    "fillingDate": "2024-02-02",
    "acceptedDate": "2024-02-02 15:50:24",
    "calendarYear": "2023",
    "period": "Q4",
    "revenue": 9314000000,
    "costOfRevenue": 5844000000,
    "grossProfit": 3470000000,
    "grossProfitRatio": 0.3725574404,
    "researchAndDevelopmentExpenses": 0,
    "generalAndAdministrativeExpenses": 0,
    "sellingAndMarketingExpenses": 0,
    "sellingGeneralAndAdministrativeExpenses": 2259000000,
    "otherExpenses": 18000000,
    "operatingExpenses": 2277000000,
    "costAndExpenses": 8121000000,
    "interestIncome": 66000000,
    "interestExpense": 118000000,
    "depreciationAndAmortization": 313000000,
    "ebitda": 1594000000,
    "ebitdaratio": 0.171140219,
    "operatingIncome": 1193000000,
    "operatingIncomeRatio": 0.1280867511,
    "totalOtherIncomeExpensesNet": 14000000,
    "incomeBeforeTax": 1207000000,
    "incomeBeforeTaxRatio": 0.1295898647,
    "incomeTaxExpense": 257000000,
    "netIncome": 950000000,
    "netIncomeRatio": 0.1019969938,
    "eps": 0.7,
    "epsdiluted": 0.7,
    "weightedAverageShsOut": 1358000000,
    "weightedAverageShsOutDil": 1364000000,
    "link": "https://www.sec.gov/Archives/edgar/data/1103982/000110398224000019/0001103982-24-000019-index.htm",
    "finalLink": "https://www.sec.gov/Archives/edgar/data/1103982/000110398224000019/mdlz-20231231.htm"
  },
  {
    "date": "2023-09-30",
    "symbol": "MDLZ",
    "reportedCurrency": "USD",
    "cik": "0001103982",
    "fillingDate": "2023-11-01",
    "acceptedDate": "2023-11-01 16:38:05",
    "calendarYear": "2023",
    "period": "Q3",
    "revenue": 9029000000,
    "costOfRevenue": 5535000000,
    "grossProfit": 3494000000,
    "grossProfitRatio": 0.3869753018,
    "researchAndDevelopmentExpenses": 0,
    "generalAndAdministrativeExpenses": 0,
    "sellingAndMarketingExpenses": 0,
    "sellingGeneralAndAdministrativeExpenses": 2019000000,
    "otherExpenses": 96000000,
    "operatingExpenses": 2115000000,
    "costAndExpenses": 7650000000,
    "interestIncome": 68000000,
    "interestExpense": 134000000,
    "depreciationAndAmortization": 309000000,
    "ebitda": 1774000000,
    "ebitdaratio": 0.1964780153,
    "operatingIncome": 1379000000,
    "operatingIncomeRatio": 0.1527300919,
    "totalOtherIncomeExpensesNet": -37000000,
    "incomeBeforeTax": 1342000000,
    "incomeBeforeTaxRatio": 0.1486321852,
    "incomeTaxExpense": 354000000,
    "netIncome": 984000000,
    "netIncomeRatio": 0.1089821686,
    "eps": 0.72,
    "epsdiluted": 0.72,
    "weightedAverageShsOut": 1363000000,
    "weightedAverageShsOutDil": 1370000000,
    "link": "https://www.sec.gov/Archives/edgar/data/1103982/000110398223000075/0001103982-23-000075-index.htm",
    "finalLink": "https://www.sec.gov/Archives/edgar/data/1103982/000110398223000075/mdlz-20230930.htm"
  },
  {
    "date": "2023-06-30",
    "symbol": "MDLZ",
    "reportedCurrency": "USD",
    "cik": "0001103982",
    "fillingDate": "2023-07-27",
    "acceptedDate": "2023-07-27 16:24:01",
    "calendarYear": "2023",
    "period": "Q2",
    "revenue": 8507000000,
    "costOfRevenue": 5153000000,
    "grossProfit": 3354000000,
    "grossProfitRatio": 0.3942635477,
    "researchAndDevelopmentExpenses": 0,
    "generalAndAdministrativeExpenses": 0,
    "sellingAndMarketingExpenses": 0,
    "sellingGeneralAndAdministrativeExpenses": 1869000000,
    "otherExpenses": 60000000,
    "operatingExpenses": 1929000000,
    "costAndExpenses": 7082000000,
    "interestIncome": 49000000,
    "interestExpense": 145000000,
    "depreciationAndAmortization": 290000000,
    "ebitda": 1596000000,
    "ebitdaratio": 0.1876102034,
    "operatingIncome": 1425000000,
    "operatingIncomeRatio": 0.1675091101,
    "totalOtherIncomeExpensesNet": -216000000,
    "incomeBeforeTax": 1209000000,
    "incomeBeforeTaxRatio": 0.1421182556,
    "incomeTaxExpense": 268000000,
    "netIncome": 944000000,
    "netIncomeRatio": 0.1109674386,
    "eps": 0.69,
    "epsdiluted": 0.69,
    "weightedAverageShsOut": 1364000000,
    "weightedAverageShsOutDil": 1372000000,
    "link": "https://www.sec.gov/Archives/edgar/data/1103982/000110398223000043/0001103982-23-000043-index.htm",
    "finalLink": "https://www.sec.gov/Archives/edgar/data/1103982/000110398223000043/mdlz-20230630.htm"
  },
  {
    "date": "2023-03-31",
    "symbol": "MDLZ",
    "reportedCurrency": "USD",
    "cik": "0001103982",
    "fillingDate": "2023-03-31",
    "acceptedDate": "2023-03-31 00:00:00",
    "calendarYear": "2023",
    "period": "Q1",
    "revenue": 9166000000,
    "costOfRevenue": 5720000000,
    "grossProfit": 3446000000,
    "grossProfitRatio": 0.3759546149,
    "researchAndDevelopmentExpenses": 0,
    "generalAndAdministrativeExpenses": 0,
    "sellingAndMarketingExpenses": 0,
    "sellingGeneralAndAdministrativeExpenses": 1855000000,
    "otherExpenses": 86000000,
    "operatingExpenses": 1941000000,
    "costAndExpenses": 7661000000,
    "interestIncome": 58000000,
    "interestExpense": 153000000,
    "depreciationAndAmortization": 303000000,
    "ebitda": 2681000000,
    "ebitdaratio": 0.2924939996,
    "operatingIncome": 1505000000,
    "operatingIncomeRatio": 0.1641937595,
    "totalOtherIncomeExpensesNet": 1242000000,
    "incomeBeforeTax": 2747000000,
    "incomeBeforeTaxRatio": 0.2996945232,
    "incomeTaxExpense": 658000000,
    "netIncome": 2081000000,
    "netIncomeRatio": 0.2270346934,
    "eps": 1.52,
    "epsdiluted": 1.52,
    "weightedAverageShsOut": 1366000000,
    "weightedAverageShsOutDil": 1373000000,
    "link": null,
    "finalLink": null
  },
  {
    "date": "2022-12-31",
    "symbol": "MDLZ",
    "reportedCurrency": "USD",
    "cik": "0001103982",
    "fillingDate": "2023-02-03",
    "acceptedDate": "2023-02-03 12:06:38",
    "calendarYear": "2022",
    "period": "Q4",
    "revenue": 8695000000,
    "costOfRevenue": 5620000000,
    "grossProfit": 3075000000,
    "grossProfitRatio": 0.3536515239,
    "researchAndDevelopmentExpenses": 0,
    "generalAndAdministrativeExpenses": 0,
    "sellingAndMarketingExpenses": 0,
    "sellingGeneralAndAdministrativeExpenses": 2131000000,
    "otherExpenses": 110000000,
    "operatingExpenses": 2241000000,
    "costAndExpenses": 7861000000,
    "interestIncome": 0,
    "interestExpense": 134000000,
    "depreciationAndAmortization": 288000000,
    "ebitda": 1194000000,
    "ebitdaratio": 0.137320299,
    "operatingIncome": 834000000,
    "operatingIncomeRatio": 0.0959171938,
    "totalOtherIncomeExpensesNet": 20000000,
    "incomeBeforeTax": 854000000,
    "incomeBeforeTaxRatio": 0.0982173663,
    "incomeTaxExpense": 270000000,
    "netIncome": 583000000,
    "netIncomeRatio": 0.0670500288,
    "eps": 0.43,
    "epsdiluted": 0.42,
    "weightedAverageShsOut": 1368000000,
    "weightedAverageShsOutDil": 1375000000,
    "link": "https://www.sec.gov/Archives/edgar/data/1103982/000110398223000006/0001103982-23-000006-index.htm",
    "finalLink": "https://www.sec.gov/Archives/edgar/data/1103982/000110398223000006/mdlz-20221231.htm"
  },
  {
    "date": "2022-09-30",
    "symbol": "MDLZ",
    "reportedCurrency": "USD",
    "cik": "0001103982",
    "fillingDate": "2022-11-01",
    "acceptedDate": "2022-11-01 16:22:56",
    "calendarYear": "2022",
    "period": "Q3",
    "revenue": 7763000000,
    "costOfRevenue": 5150000000,
    "grossProfit": 2613000000,
    "grossProfitRatio": 0.3365966765,
    "researchAndDevelopmentExpenses": 0,
    "generalAndAdministrativeExpenses": 0,
    "sellingAndMarketingExpenses": 0,
    "sellingGeneralAndAdministrativeExpenses": 1884000000,
    "otherExpenses": 50000000,
    "operatingExpenses": 1934000000,
    "costAndExpenses": 7084000000,
    "interestIncome": 43000000,
    "interestExpense": 114000000,
    "depreciationAndAmortization": 271000000,
    "ebitda": 1023000000,
    "ebitdaratio": 0.1317789514,
    "operatingIncome": 679000000,
    "operatingIncomeRatio": 0.0874661858,
    "totalOtherIncomeExpensesNet": 38000000,
    "incomeBeforeTax": 717000000,
    "incomeBeforeTaxRatio": 0.0923612006,
    "incomeTaxExpense": 184000000,
    "netIncome": 532000000,
    "netIncomeRatio": 0.0685302074,
    "eps": 0.39,
    "epsdiluted": 0.39,
    "weightedAverageShsOut": 1372000000,
    "weightedAverageShsOutDil": 1379000000,
    "link": "https://www.sec.gov/Archives/edgar/data/1103982/000110398222000018/0001103982-22-000018-index.htm",
    "finalLink": "https://www.sec.gov/Archives/edgar/data/1103982/000110398222000018/mdlz-20220930.htm"
  },
  {
    "date": "2022-06-30",
    "symbol": "MDLZ",
    "reportedCurrency": "USD",
    "cik": "0001103982",
    "fillingDate": "2022-07-26",
    "acceptedDate": "2022-07-26 16:22:44",
    "calendarYear": "2022",
    "period": "Q2",
    "revenue": 7274000000,
    "costOfRevenue": 4633000000,
    "grossProfit": 2641000000,
    "grossProfitRatio": 0.3630739621,
    "researchAndDevelopmentExpenses": 0,
    "generalAndAdministrativeExpenses": 0,
    "sellingAndMarketingExpenses": 0,
    "sellingGeneralAndAdministrativeExpenses": 1676000000,
    "otherExpenses": 38000000,
    "operatingExpenses": 1714000000,
    "costAndExpenses": 6347000000,
    "interestIncome": 0,
    "interestExpense": 89000000,
    "depreciationAndAmortization": 273000000,
    "ebitda": 1221000000,
    "ebitdaratio": 0.1678581248,
    "operatingIncome": 927000000,
    "operatingIncomeRatio": 0.127440198,
    "totalOtherIncomeExpensesNet": 22000000,
    "incomeBeforeTax": 949000000,
    "incomeBeforeTaxRatio": 0.1304646687,
    "incomeTaxExpense": 201000000,
    "netIncome": 747000000,
    "netIncomeRatio": 0.1026945285,
    "eps": 0.54,
    "epsdiluted": 0.54,
    "weightedAverageShsOut": 1382000000,
    "weightedAverageShsOutDil": 1389000000,
    "link": "https://www.sec.gov/Archives/edgar/data/1103982/000110398222000012/0001103982-22-000012-index.htm",
    "finalLink": "https://www.sec.gov/Archives/edgar/data/1103982/000110398222000012/mdlz-20220630.htm"
  },
  {
    "date": "2022-03-31",
    "symbol": "MDLZ",
    "reportedCurrency": "USD",
    "cik": "0001103982",
    "fillingDate": "2022-04-26",
    "acceptedDate": "2022-04-26 16:15:30",
    "calendarYear": "2022",
    "period": "Q1",
    "revenue": 7764000000,
    "costOfRevenue": 4781000000,
    "grossProfit": 2983000000,
    "grossProfitRatio": 0.3842091705,
    "researchAndDevelopmentExpenses": 0,
    "generalAndAdministrativeExpenses": 0,
    "sellingAndMarketingExpenses": 0,
    "sellingGeneralAndAdministrativeExpenses": 1693000000,
    "otherExpenses": 196000000,
    "operatingExpenses": 1889000000,
    "costAndExpenses": 6670000000,
    "interestIncome": 0,
    "interestExpense": 91000000,
    "depreciationAndAmortization": 275000000,
    "ebitda": 1325000000,
    "ebitdaratio": 0.1706594539,
    "operatingIncome": 1094000000,
    "operatingIncomeRatio": 0.1409067491,
    "totalOtherIncomeExpensesNet": -23000000,
    "incomeBeforeTax": 1071000000,
    "incomeBeforeTaxRatio": 0.1379443586,
    "incomeTaxExpense": 210000000,
    "netIncome": 855000000,
    "netIncomeRatio": 0.1101236476,
    "eps": 0.62,
    "epsdiluted": 0.61,
    "weightedAverageShsOut": 1389000000,
    "weightedAverageShsOutDil": 1398000000,
    "link": "https://www.sec.gov/Archives/edgar/data/1103982/000110398222000007/0001103982-22-000007-index.htm",
    "finalLink": "https://www.sec.gov/Archives/edgar/data/1103982/000110398222000007/mdlz-20220331.htm"
  },
  {
    "date": "2021-12-31",
    "symbol": "MDLZ",
    "reportedCurrency": "USD",
    "cik": "0001103982",
    "fillingDate": "2022-02-04",
    "acceptedDate": "2022-02-04 13:40:11",
    "calendarYear": "2021",
    "period": "Q4",
    "revenue": 7658000000,
    "costOfRevenue": 4825000000,
    "grossProfit": 2833000000,
    "grossProfitRatio": 0.3699399321,
    "researchAndDevelopmentExpenses": 0,
    "generalAndAdministrativeExpenses": 0,
    "sellingAndMarketingExpenses": 0,
    "sellingGeneralAndAdministrativeExpenses": 1670000000,
    "otherExpenses": -41000000,
    "operatingExpenses": 1629000000,
    "costAndExpenses": 6454000000,
    "interestIncome": 0,
    "interestExpense": 90000000,
    "depreciationAndAmortization": 276000000,
    "ebitda": 1509000000,
    "ebitdaratio": 0.1970488378,
    "operatingIncome": 1204000000,
    "operatingIncomeRatio": 0.1572212066,
    "totalOtherIncomeExpensesNet": 39000000,
    "incomeBeforeTax": 1243000000,
    "incomeBeforeTaxRatio": 0.1623139201,
    "incomeTaxExpense": 238000000,
    "netIncome": 1003000000,
    "netIncomeRatio": 0.1309741447,
    "eps": 0.72,
    "epsdiluted": 0.71,
    "weightedAverageShsOut": 1396000000,
    "weightedAverageShsOutDil": 1405000000,
    "link": "https://www.sec.gov/Archives/edgar/data/1103982/000110398222000003/0001103982-22-000003-index.htm",
    "finalLink": "https://www.sec.gov/Archives/edgar/data/1103982/000110398222000003/mdlz-20211231.htm"
  },
  {
    "date": "2021-09-30",
    "symbol": "MDLZ",
    "reportedCurrency": "USD",
    "cik": "0001103982",
    "fillingDate": "2021-11-02",
    "acceptedDate": "2021-11-02 16:17:56",
    "calendarYear": "2021",
    "period": "Q3",
    "revenue": 7182000000,
    "costOfRevenue": 4358000000,
    "grossProfit": 2824000000,
    "grossProfitRatio": 0.3932052353,
    "researchAndDevelopmentExpenses": 0,
    "generalAndAdministrativeExpenses": 0,
    "sellingAndMarketingExpenses": 0,
    "sellingGeneralAndAdministrativeExpenses": 1436000000,
    "otherExpenses": 94000000,
    "operatingExpenses": 1530000000,
    "costAndExpenses": 5888000000,
    "interestIncome": 0,
    "interestExpense": 87000000,
    "depreciationAndAmortization": 273000000,
    "ebitda": 1609000000,
    "ebitdaratio": 0.224032303,
    "operatingIncome": 1294000000,
    "operatingIncomeRatio": 0.1801726539,
    "totalOtherIncomeExpensesNet": 310000000,
    "incomeBeforeTax": 1604000000,
    "incomeBeforeTaxRatio": 0.2233361181,
    "incomeTaxExpense": 342000000,
    "netIncome": 1258000000,
    "netIncomeRatio": 0.1751601225,
    "eps": 0.9,
    "epsdiluted": 0.89,
    "weightedAverageShsOut": 1399000000,
    "weightedAverageShsOutDil": 1408000000,
    "link": "https://www.sec.gov/Archives/edgar/data/1103982/000110398221000018/0001103982-21-000018-index.htm",
    "finalLink": "https://www.sec.gov/Archives/edgar/data/1103982/000110398221000018/mdlz-20210930.htm"
  },
  {
    "date": "2021-06-30",
    "symbol": "MDLZ",
    "reportedCurrency": "USD",
    "cik": "0001103982",
    "fillingDate": "2021-07-27",
    "acceptedDate": "2021-07-27 16:50:04",
    "calendarYear": "2021",
    "period": "Q2",
    "revenue": 6642000000,
    "costOfRevenue": 4011000000,
    "grossProfit": 2631000000,
    "grossProfitRatio": 0.3961156278,
    "researchAndDevelopmentExpenses": 0,
    "generalAndAdministrativeExpenses": 0,
    "sellingAndMarketingExpenses": 0,
    "sellingGeneralAndAdministrativeExpenses": 1593000000,
    "otherExpenses": 166000000,
    "operatingExpenses": 1759000000,
    "costAndExpenses": 5770000000,
    "interestIncome": 0,
    "interestExpense": 90000000,
    "depreciationAndAmortization": 280000000,
    "ebitda": 1238000000,
    "ebitdaratio": 0.1863896417,
    "operatingIncome": 872000000,
    "operatingIncomeRatio": 0.1312857573,
    "totalOtherIncomeExpensesNet": 605000000,
    "incomeBeforeTax": 1477000000,
    "incomeBeforeTaxRatio": 0.2223727793,
    "incomeTaxExpense": 398000000,
    "netIncome": 1078000000,
    "netIncomeRatio": 0.1623005119,
    "eps": 0.77,
    "epsdiluted": 0.76,
    "weightedAverageShsOut": 1407000000,
    "weightedAverageShsOutDil": 1416000000,
    "link": "https://www.sec.gov/Archives/edgar/data/1103982/000110398221000013/0001103982-21-000013-index.htm",
    "finalLink": "https://www.sec.gov/Archives/edgar/data/1103982/000110398221000013/mdlz-20210630.htm"
  },
  {
    "date": "2021-03-31",
    "symbol": "MDLZ",
    "reportedCurrency": "USD",
    "cik": "0001103982",
    "fillingDate": "2021-04-28",
    "acceptedDate": "2021-04-27 18:10:08",
    "calendarYear": "2021",
    "period": "Q1",
    "revenue": 7238000000,
    "costOfRevenue": 4272000000,
    "grossProfit": 2966000000,
    "grossProfitRatio": 0.4097817077,
    "researchAndDevelopmentExpenses": 0,
    "generalAndAdministrativeExpenses": 0,
    "sellingAndMarketingExpenses": 0,
    "sellingGeneralAndAdministrativeExpenses": 1564000000,
    "otherExpenses": 119000000,
    "operatingExpenses": 1683000000,
    "costAndExpenses": 5955000000,
    "interestIncome": 0,
    "interestExpense": 98000000,
    "depreciationAndAmortization": 284000000,
    "ebitda": 1491000000,
    "ebitdaratio": 0.2059961315,
    "operatingIncome": 1283000000,
    "operatingIncomeRatio": 0.1772589113,
    "totalOtherIncomeExpensesNet": -103000000,
    "incomeBeforeTax": 1180000000,
    "incomeBeforeTaxRatio": 0.1630284609,
    "incomeTaxExpense": 212000000,
    "netIncome": 961000000,
    "netIncomeRatio": 0.1327714838,
    "eps": 0.68,
    "epsdiluted": 0.68,
    "weightedAverageShsOut": 1412000000,
    "weightedAverageShsOutDil": 1422000000,
    "link": "https://www.sec.gov/Archives/edgar/data/1103982/000110398221000008/0001103982-21-000008-index.htm",
    "finalLink": "https://www.sec.gov/Archives/edgar/data/1103982/000110398221000008/mdlz-20210331.htm"
  },
  {
    "date": "2020-12-31",
    "symbol": "MDLZ",
    "reportedCurrency": "USD",
    "cik": "0001103982",
    "fillingDate": "2021-02-05",
    "acceptedDate": "2021-02-05 10:23:42",
    "calendarYear": "2020",
    "period": "Q4",
    "revenue": 7298000000,
    "costOfRevenue": 4426000000,
    "grossProfit": 2872000000,
    "grossProfitRatio": 0.3935324747,
    "researchAndDevelopmentExpenses": 0,
    "generalAndAdministrativeExpenses": 0,
    "sellingAndMarketingExpenses": 0,
    "sellingGeneralAndAdministrativeExpenses": 1624000000,
    "otherExpenses": 99000000,
    "operatingExpenses": 1723000000,
    "costAndExpenses": 6149000000,
    "interestIncome": 0,
    "interestExpense": 101000000,
    "depreciationAndAmortization": 303000000,
    "ebitda": 1345000000,
    "ebitdaratio": 0.1842970677,
    "operatingIncome": 1149000000,
    "operatingIncomeRatio": 0.1574403946,
    "totalOtherIncomeExpensesNet": 354000000,
    "incomeBeforeTax": 1503000000,
    "incomeBeforeTaxRatio": 0.2059468347,
    "incomeTaxExpense": 344000000,
    "netIncome": 1156000000,
    "netIncomeRatio": 0.1583995615,
    "eps": 0.81,
    "epsdiluted": 0.8,
    "weightedAverageShsOut": 1429000000,
    "weightedAverageShsOutDil": 1439000000,
    "link": "https://www.sec.gov/Archives/edgar/data/1103982/000110398221000004/0001103982-21-000004-index.htm",
    "finalLink": "https://www.sec.gov/Archives/edgar/data/1103982/000110398221000004/mdlz-20201231.htm"
  },
  {
    "date": "2020-09-30",
    "symbol": "MDLZ",
    "reportedCurrency": "USD",
    "cik": "0001103982",
    "fillingDate": "2020-11-03",
    "acceptedDate": "2020-11-02 18:11:04",
    "calendarYear": "2020",
    "period": "Q3",
    "revenue": 6665000000,
    "costOfRevenue": 3873000000,
    "grossProfit": 2792000000,
    "grossProfitRatio": 0.4189047262,
    "researchAndDevelopmentExpenses": 0,
    "generalAndAdministrativeExpenses": 0,
    "sellingAndMarketingExpenses": 0,
    "sellingGeneralAndAdministrativeExpenses": 1484000000,
    "otherExpenses": 173000000,
    "operatingExpenses": 1657000000,
    "costAndExpenses": 5530000000,
    "interestIncome": 0,
    "interestExpense": 104000000,
    "depreciationAndAmortization": 285000000,
    "ebitda": 1473000000,
    "ebitdaratio": 0.2210052513,
    "operatingIncome": 1135000000,
    "operatingIncomeRatio": 0.1702925731,
    "totalOtherIncomeExpensesNet": 378000000,
    "incomeBeforeTax": 1513000000,
    "incomeBeforeTaxRatio": 0.2270067517,
    "incomeTaxExpense": 391000000,
    "netIncome": 1119000000,
    "netIncomeRatio": 0.167891973,
    "eps": 0.78,
    "epsdiluted": 0.78,
    "weightedAverageShsOut": 1432000000,
    "weightedAverageShsOutDil": 1442000000,
    "link": "https://www.sec.gov/Archives/edgar/data/1103982/000110398220000014/0001103982-20-000014-index.htm",
    "finalLink": "https://www.sec.gov/Archives/edgar/data/1103982/000110398220000014/mdlz-20200930.htm"
  },
  {
    "date": "2020-06-30",
    "symbol": "MDLZ",
    "reportedCurrency": "USD",
    "cik": "0001103982",
    "fillingDate": "2020-07-29",
    "acceptedDate": "2020-07-28 18:13:57",
    "calendarYear": "2020",
    "period": "Q2",
    "revenue": 5911000000,
    "costOfRevenue": 3580000000,
    "grossProfit": 2331000000,
    "grossProfitRatio": 0.3943495178,
    "researchAndDevelopmentExpenses": 0,
    "generalAndAdministrativeExpenses": 0,
    "sellingAndMarketingExpenses": 0,
    "sellingGeneralAndAdministrativeExpenses": 1453000000,
    "otherExpenses": 165000000,
    "operatingExpenses": 1618000000,
    "costAndExpenses": 5198000000,
    "interestIncome": 0,
    "interestExpense": 108000000,
    "depreciationAndAmortization": 272000000,
    "ebitda": 1039000000,
    "ebitdaratio": 0.1757739807,
    "operatingIncome": 713000000,
    "operatingIncomeRatio": 0.1206225681,
    "totalOtherIncomeExpensesNet": 173000000,
    "incomeBeforeTax": 886000000,
    "incomeBeforeTaxRatio": 0.1498900355,
    "incomeTaxExpense": 341000000,
    "netIncome": 544000000,
    "netIncomeRatio": 0.0920318051,
    "eps": 0.38,
    "epsdiluted": 0.38,
    "weightedAverageShsOut": 1431000000,
    "weightedAverageShsOutDil": 1439000000,
    "link": "https://www.sec.gov/Archives/edgar/data/1103982/000110398220000009/0001103982-20-000009-index.htm",
    "finalLink": "https://www.sec.gov/Archives/edgar/data/1103982/000110398220000009/a2020q210-qdocument.htm"
  },
  {
    "date": "2020-03-31",
    "symbol": "MDLZ",
    "reportedCurrency": "USD",
    "cik": "0001103982",
    "fillingDate": "2020-04-29",
    "acceptedDate": "2020-04-28 18:34:52",
    "calendarYear": "2020",
    "period": "Q1",
    "revenue": 6707000000,
    "costOfRevenue": 4256000000,
    "grossProfit": 2451000000,
    "grossProfitRatio": 0.3654390935,
    "researchAndDevelopmentExpenses": 0,
    "generalAndAdministrativeExpenses": 0,
    "sellingAndMarketingExpenses": 0,
    "sellingGeneralAndAdministrativeExpenses": 1537000000,
    "otherExpenses": 58000000,
    "operatingExpenses": 1595000000,
    "costAndExpenses": 5851000000,
    "interestIncome": 0,
    "interestExpense": 110000000,
    "depreciationAndAmortization": 256000000,
    "ebitda": 1065000000,
    "ebitdaratio": 0.1587893246,
    "operatingIncome": 856000000,
    "operatingIncomeRatio": 0.1276278515,
    "totalOtherIncomeExpensesNet": 35000000,
    "incomeBeforeTax": 891000000,
    "incomeBeforeTaxRatio": 0.13284628,
    "incomeTaxExpense": 148000000,
    "netIncome": 736000000,
    "netIncomeRatio": 0.1097360966,
    "eps": 0.53,
    "epsdiluted": 0.52,
    "weightedAverageShsOut": 1434000000,
    "weightedAverageShsOutDil": 1445000000,
    "link": "https://www.sec.gov/Archives/edgar/data/1103982/000110398220000006/0001103982-20-000006-index.htm",
    "finalLink": "https://www.sec.gov/Archives/edgar/data/1103982/000110398220000006/a2020q110-qdocument.htm"
  },
  {
    "date": "2019-12-31",
    "symbol": "MDLZ",
    "reportedCurrency": "USD",
    "cik": "0001103982",
    "fillingDate": "2020-02-07",
    "acceptedDate": "2020-02-07 11:22:43",
    "calendarYear": "2019",
    "period": "Q4",
    "revenue": 6913000000,
    "costOfRevenue": 4154000000,
    "grossProfit": 2759000000,
    "grossProfitRatio": 0.399103139,
    "researchAndDevelopmentExpenses": 0,
    "generalAndAdministrativeExpenses": 0,
    "sellingAndMarketingExpenses": 0,
    "sellingGeneralAndAdministrativeExpenses": 1750000000,
    "otherExpenses": 103000000,
    "operatingExpenses": 1853000000,
    "costAndExpenses": 6007000000,
    "interestIncome": 0,
    "interestExpense": 113000000,
    "depreciationAndAmortization": 270000000,
    "ebitda": 1237000000,
    "ebitdaratio": 0.1789382323,
    "operatingIncome": 906000000,
    "operatingIncomeRatio": 0.131057428,
    "totalOtherIncomeExpensesNet": 60000000,
    "incomeBeforeTax": 966000000,
    "incomeBeforeTaxRatio": 0.1397367279,
    "incomeTaxExpense": 230000000,
    "netIncome": 733000000,
    "netIncomeRatio": 0.1060321134,
    "eps": 0.5,
    "epsdiluted": 0.5,
    "weightedAverageShsOut": 1441000000,
    "weightedAverageShsOutDil": 1453000000,
    "link": "https://www.sec.gov/Archives/edgar/data/1103982/000110398220000003/0001103982-20-000003-index.htm",
    "finalLink": "https://www.sec.gov/Archives/edgar/data/1103982/000110398220000003/mdlz10k123119document1.htm"
  },
  {
    "date": "2019-09-30",
    "symbol": "MDLZ",
    "reportedCurrency": "USD",
    "cik": "0001103982",
    "fillingDate": "2019-10-30",
    "acceptedDate": "2019-10-29 19:11:46",
    "calendarYear": "2019",
    "period": "Q3",
    "revenue": 6355000000,
    "costOfRevenue": 3839000000,
    "grossProfit": 2516000000,
    "grossProfitRatio": 0.3959087333,
    "researchAndDevelopmentExpenses": 0,
    "generalAndAdministrativeExpenses": 0,
    "sellingAndMarketingExpenses": 0,
    "sellingGeneralAndAdministrativeExpenses": 1466000000,
    "otherExpenses": 174000000,
    "operatingExpenses": 1640000000,
    "costAndExpenses": 5479000000,
    "interestIncome": 0,
    "interestExpense": 121000000,
    "depreciationAndAmortization": 260000000,
    "ebitda": 1065000000,
    "ebitdaratio": 0.1675845791,
    "operatingIncome": 876000000,
    "operatingIncomeRatio": 0.1378442172,
    "totalOtherIncomeExpensesNet": -78000000,
    "incomeBeforeTax": 798000000,
    "incomeBeforeTaxRatio": 0.125570417,
    "incomeTaxExpense": -633000000,
    "netIncome": 1426000000,
    "netIncomeRatio": 0.2243902439,
    "eps": 0.99,
    "epsdiluted": 0.98,
    "weightedAverageShsOut": 1445000000,
    "weightedAverageShsOutDil": 1458000000,
    "link": "https://www.sec.gov/Archives/edgar/data/1103982/000110398219000017/0001103982-19-000017-index.htm",
    "finalLink": "https://www.sec.gov/Archives/edgar/data/1103982/000110398219000017/a2019q310-qdocument.htm"
  },
  {
    "date": "2019-06-30",
    "symbol": "MDLZ",
    "reportedCurrency": "USD",
    "cik": "0001103982",
    "fillingDate": "2019-07-31",
    "acceptedDate": "2019-07-30 18:19:42",
    "calendarYear": "2019",
    "period": "Q2",
    "revenue": 6062000000,
    "costOfRevenue": 3593000000,
    "grossProfit": 2469000000,
    "grossProfitRatio": 0.407291323,
    "researchAndDevelopmentExpenses": 0,
    "generalAndAdministrativeExpenses": 0,
    "sellingAndMarketingExpenses": 0,
    "sellingGeneralAndAdministrativeExpenses": 1427000000,
    "otherExpenses": 17000000,
    "operatingExpenses": 1444000000,
    "costAndExpenses": 5037000000,
    "interestIncome": 0,
    "interestExpense": 127000000,
    "depreciationAndAmortization": 259000000,
    "ebitda": 1322000000,
    "ebitdaratio": 0.2180798416,
    "operatingIncome": 1025000000,
    "operatingIncomeRatio": 0.1690861102,
    "totalOtherIncomeExpensesNet": -5000000,
    "incomeBeforeTax": 1020000000,
    "incomeBeforeTaxRatio": 0.1682612999,
    "incomeTaxExpense": 216000000,
    "netIncome": 803000000,
    "netIncomeRatio": 0.1324645332,
    "eps": 0.56,
    "epsdiluted": 0.55,
    "weightedAverageShsOut": 1445000000,
    "weightedAverageShsOutDil": 1458000000,
    "link": "https://www.sec.gov/Archives/edgar/data/1103982/000110398219000014/0001103982-19-000014-index.htm",
    "finalLink": "https://www.sec.gov/Archives/edgar/data/1103982/000110398219000014/a2019q210-qdocument.htm"
  },
  {
    "date": "2019-03-31",
    "symbol": "MDLZ",
    "reportedCurrency": "USD",
    "cik": "0001103982",
    "fillingDate": "2019-05-01",
    "acceptedDate": "2019-04-30 18:22:02",
    "calendarYear": "2019",
    "period": "Q1",
    "revenue": 6538000000,
    "costOfRevenue": 4008000000,
    "grossProfit": 2530000000,
    "grossProfitRatio": 0.3869684919,
    "researchAndDevelopmentExpenses": 0,
    "generalAndAdministrativeExpenses": 0,
    "sellingAndMarketingExpenses": 0,
    "sellingGeneralAndAdministrativeExpenses": 1443000000,
    "otherExpenses": 0,
    "operatingExpenses": 1443000000,
    "costAndExpenses": 5451000000,
    "interestIncome": 0,
    "interestExpense": 123000000,
    "depreciationAndAmortization": 258000000,
    "ebitda": 1377000000,
    "ebitdaratio": 0.2106148669,
    "operatingIncome": 1087000000,
    "operatingIncomeRatio": 0.1662587947,
    "totalOtherIncomeExpensesNet": 22000000,
    "incomeBeforeTax": 1109000000,
    "incomeBeforeTaxRatio": 0.1696237381,
    "incomeTaxExpense": 189000000,
    "netIncome": 914000000,
    "netIncomeRatio": 0.1397981034,
    "eps": 0.63,
    "epsdiluted": 0.63,
    "weightedAverageShsOut": 1449000000,
    "weightedAverageShsOutDil": 1461000000,
    "link": "https://www.sec.gov/Archives/edgar/data/1103982/000110398219000010/0001103982-19-000010-index.htm",
    "finalLink": "https://www.sec.gov/Archives/edgar/data/1103982/000110398219000010/a2019q110-qdocument.htm"
  },
  {
    "date": "2018-12-31",
    "symbol": "MDLZ",
    "reportedCurrency": "USD",
    "cik": "0001103982",
    "fillingDate": "2019-02-08",
    "acceptedDate": "2019-02-08 10:34:04",
    "calendarYear": "2018",
    "period": "Q4",
    "revenue": 6773000000,
    "costOfRevenue": 4224000000,
    "grossProfit": 2549000000,
    "grossProfitRatio": 0.3763472612,
    "researchAndDevelopmentExpenses": 0,
    "generalAndAdministrativeExpenses": 0,
    "sellingAndMarketingExpenses": 0,
    "sellingGeneralAndAdministrativeExpenses": 1536000000,
    "otherExpenses": -4741000000,
    "operatingExpenses": -3205000000,
    "costAndExpenses": 1019000000,
    "interestIncome": 0,
    "interestExpense": 128000000,
    "depreciationAndAmortization": 198000000,
    "ebitda": 1093000000,
    "ebitdaratio": 0.161376052,
    "operatingIncome": 5754000000,
    "operatingIncomeRatio": 0.8495496826,
    "totalOtherIncomeExpensesNet": -86000000,
    "incomeBeforeTax": 937000000,
    "incomeBeforeTaxRatio": 0.1383434224,
    "incomeTaxExpense": 111000000,
    "netIncome": 823000000,
    "netIncomeRatio": 0.1215118854,
    "eps": 0.56,
    "epsdiluted": 0.56,
    "weightedAverageShsOut": 1457000000,
    "weightedAverageShsOutDil": 1470000000,
    "link": "https://www.sec.gov/Archives/edgar/data/1103982/000110398219000005/0001103982-19-000005-index.htm",
    "finalLink": "https://www.sec.gov/Archives/edgar/data/1103982/000110398219000005/mdlz10k123118document.htm"
  },
  {
    "date": "2018-09-30",
    "symbol": "MDLZ",
    "reportedCurrency": "USD",
    "cik": "0001103982",
    "fillingDate": "2018-10-30",
    "acceptedDate": "2018-10-29 18:16:57",
    "calendarYear": "2018",
    "period": "Q3",
    "revenue": 6288000000,
    "costOfRevenue": 3874000000,
    "grossProfit": 2414000000,
    "grossProfitRatio": 0.3839058524,
    "researchAndDevelopmentExpenses": 0,
    "generalAndAdministrativeExpenses": 0,
    "sellingAndMarketingExpenses": 0,
    "sellingGeneralAndAdministrativeExpenses": 1508000000,
    "otherExpenses": 169000000,
    "operatingExpenses": 1677000000,
    "costAndExpenses": 5551000000,
    "interestIncome": 0,
    "interestExpense": 117000000,
    "depreciationAndAmortization": 206000000,
    "ebitda": 993000000,
    "ebitdaratio": 0.1579198473,
    "operatingIncome": 737000000,
    "operatingIncomeRatio": 0.1172073791,
    "totalOtherIncomeExpensesNet": 770000000,
    "incomeBeforeTax": 1507000000,
    "incomeBeforeTaxRatio": 0.2396628499,
    "incomeTaxExpense": 310000000,
    "netIncome": 1194000000,
    "netIncomeRatio": 0.1898854962,
    "eps": 0.81,
    "epsdiluted": 0.81,
    "weightedAverageShsOut": 1466000000,
    "weightedAverageShsOutDil": 1480000000,
    "link": "https://www.sec.gov/Archives/edgar/data/1103982/000110398218000013/0001103982-18-000013-index.htm",
    "finalLink": "https://www.sec.gov/Archives/edgar/data/1103982/000110398218000013/a2018q310-qdocument.htm"
  },
  {
    "date": "2018-06-30",
    "symbol": "MDLZ",
    "reportedCurrency": "USD",
    "cik": "0001103982",
    "fillingDate": "2018-07-26",
    "acceptedDate": "2018-07-25 18:01:55",
    "calendarYear": "2018",
    "period": "Q2",
    "revenue": 6112000000,
    "costOfRevenue": 3572000000,
    "grossProfit": 2540000000,
    "grossProfitRatio": 0.4155759162,
    "researchAndDevelopmentExpenses": 0,
    "generalAndAdministrativeExpenses": 0,
    "sellingAndMarketingExpenses": 0,
    "sellingGeneralAndAdministrativeExpenses": 1904000000,
    "otherExpenses": 155000000,
    "operatingExpenses": 2059000000,
    "costAndExpenses": 5631000000,
    "interestIncome": 0,
    "interestExpense": 115000000,
    "depreciationAndAmortization": 200000000,
    "ebitda": 563000000,
    "ebitdaratio": 0.0921138743,
    "operatingIncome": 481000000,
    "operatingIncomeRatio": 0.078697644,
    "totalOtherIncomeExpensesNet": -146000000,
    "incomeBeforeTax": 335000000,
    "incomeBeforeTaxRatio": 0.0548102094,
    "incomeTaxExpense": 15000000,
    "netIncome": 318000000,
    "netIncomeRatio": 0.0520287958,
    "eps": 0.22,
    "epsdiluted": 0.22,
    "weightedAverageShsOut": 1475000000,
    "weightedAverageShsOutDil": 1488000000,
    "link": "https://www.sec.gov/Archives/edgar/data/1103982/000110398218000009/0001103982-18-000009-index.htm",
    "finalLink": "https://www.sec.gov/Archives/edgar/data/1103982/000110398218000009/q2-201810qdocument.htm"
  },
  {
    "date": "2018-03-31",
    "symbol": "MDLZ",
    "reportedCurrency": "USD",
    "cik": "0001103982",
    "fillingDate": "2018-05-02",
    "acceptedDate": "2018-05-02 09:43:53",
    "calendarYear": "2018",
    "period": "Q1",
    "revenue": 6765000000,
    "costOfRevenue": 3916000000,
    "grossProfit": 2849000000,
    "grossProfitRatio": 0.4211382114,
    "researchAndDevelopmentExpenses": 0,
    "generalAndAdministrativeExpenses": 0,
    "sellingAndMarketingExpenses": 0,
    "sellingGeneralAndAdministrativeExpenses": 1527000000,
    "otherExpenses": 98000000,
    "operatingExpenses": 1625000000,
    "costAndExpenses": 5541000000,
    "interestIncome": 0,
    "interestExpense": 102000000,
    "depreciationAndAmortization": 207000000,
    "ebitda": 1466000000,
    "ebitdaratio": 0.2167036216,
    "operatingIncome": 1224000000,
    "operatingIncomeRatio": 0.1809312639,
    "totalOtherIncomeExpensesNet": 165000000,
    "incomeBeforeTax": 1389000000,
    "incomeBeforeTaxRatio": 0.2053215078,
    "incomeTaxExpense": 337000000,
    "netIncome": 1046000000,
    "netIncomeRatio": 0.1546193644,
    "eps": 0.63,
    "epsdiluted": 0.62,
    "weightedAverageShsOut": 1489000000,
    "weightedAverageShsOutDil": 1505000000,
    "link": "https://www.sec.gov/Archives/edgar/data/1103982/000110398218000005/0001103982-18-000005-index.htm",
    "finalLink": "https://www.sec.gov/Archives/edgar/data/1103982/000110398218000005/mdlz10q33118doc.htm"
  },
  {
    "date": "2017-12-31",
    "symbol": "MDLZ",
    "reportedCurrency": "USD",
    "cik": "0001103982",
    "fillingDate": "2018-02-09",
    "acceptedDate": "2018-02-09 10:33:19",
    "calendarYear": "2017",
    "period": "Q4",
    "revenue": 6966000000,
    "costOfRevenue": 4302000000,
    "grossProfit": 2664000000,
    "grossProfitRatio": 0.3824289406,
    "researchAndDevelopmentExpenses": 0,
    "generalAndAdministrativeExpenses": 0,
    "sellingAndMarketingExpenses": 0,
    "sellingGeneralAndAdministrativeExpenses": 1657000000,
    "otherExpenses": 163000000,
    "operatingExpenses": 1820000000,
    "costAndExpenses": 6122000000,
    "interestIncome": 0,
    "interestExpense": 101000000,
    "depreciationAndAmortization": 212000000,
    "ebitda": 1037000000,
    "ebitdaratio": 0.1488659202,
    "operatingIncome": 844000000,
    "operatingIncomeRatio": 0.1211599196,
    "totalOtherIncomeExpensesNet": -549000000,
    "incomeBeforeTax": 859000000,
    "incomeBeforeTaxRatio": 0.1233132357,
    "incomeTaxExpense": 178000000,
    "netIncome": 802000000,
    "netIncomeRatio": 0.1151306345,
    "eps": 0.54,
    "epsdiluted": 0.53,
    "weightedAverageShsOut": 1497000000,
    "weightedAverageShsOutDil": 1513000000,
    "link": "https://www.sec.gov/Archives/edgar/data/1103982/000119312518037332/0001193125-18-037332-index.htm",
    "finalLink": "https://www.sec.gov/Archives/edgar/data/1103982/000119312518037332/d466496d10k.htm"
  },
  {
    "date": "2017-09-30",
    "symbol": "MDLZ",
    "reportedCurrency": "USD",
    "cik": "0001103982",
    "fillingDate": "2017-10-31",
    "acceptedDate": "2017-10-31 10:18:32",
    "calendarYear": "2017",
    "period": "Q3",
    "revenue": 6530000000,
    "costOfRevenue": 3981000000,
    "grossProfit": 2549000000,
    "grossProfitRatio": 0.3903522205,
    "researchAndDevelopmentExpenses": 0,
    "generalAndAdministrativeExpenses": 0,
    "sellingAndMarketingExpenses": 0,
    "sellingGeneralAndAdministrativeExpenses": 1338000000,
    "otherExpenses": 2382000000,
    "operatingExpenses": 3720000000,
    "costAndExpenses": 7701000000,
    "interestIncome": 0,
    "interestExpense": 89000000,
    "depreciationAndAmortization": 209000000,
    "ebitda": 1460000000,
    "ebitdaratio": 0.2235834609,
    "operatingIncome": -1171000000,
    "operatingIncomeRatio": -0.1793261868,
    "totalOtherIncomeExpensesNet": 2333000000,
    "incomeBeforeTax": 1254000000,
    "incomeBeforeTaxRatio": 0.1920367534,
    "incomeTaxExpense": 272000000,
    "netIncome": 981000000,
    "netIncomeRatio": 0.150229709,
    "eps": 0.66,
    "epsdiluted": 0.65,
    "weightedAverageShsOut": 1507000000,
    "weightedAverageShsOutDil": 1524000000,
    "link": "https://www.sec.gov/Archives/edgar/data/1103982/000119312517326282/0001193125-17-326282-index.htm",
    "finalLink": "https://www.sec.gov/Archives/edgar/data/1103982/000119312517326282/d456152d10q.htm"
  },
  {
    "date": "2017-06-30",
    "symbol": "MDLZ",
    "reportedCurrency": "USD",
    "cik": "0001103982",
    "fillingDate": "2017-08-02",
    "acceptedDate": "2017-08-02 12:53:57",
    "calendarYear": "2017",
    "period": "Q2",
    "revenue": 5986000000,
    "costOfRevenue": 3672000000,
    "grossProfit": 2314000000,
    "grossProfitRatio": 0.3865686602,
    "researchAndDevelopmentExpenses": 0,
    "generalAndAdministrativeExpenses": 0,
    "sellingAndMarketingExpenses": 0,
    "sellingGeneralAndAdministrativeExpenses": 1455000000,
    "otherExpenses": 223000000,
    "operatingExpenses": 1678000000,
    "costAndExpenses": 5350000000,
    "interestIncome": 0,
    "interestExpense": 103000000,
    "depreciationAndAmortization": 195000000,
    "ebitda": 815000000,
    "ebitdaratio": 0.136151019,
    "operatingIncome": 636000000,
    "operatingIncomeRatio": 0.1062479118,
    "totalOtherIncomeExpensesNet": -28000000,
    "incomeBeforeTax": 608000000,
    "incomeBeforeTaxRatio": 0.1015703308,
    "incomeTaxExpense": 84000000,
    "netIncome": 498000000,
    "netIncomeRatio": 0.0831941196,
    "eps": 0.33,
    "epsdiluted": 0.32,
    "weightedAverageShsOut": 1519000000,
    "weightedAverageShsOutDil": 1539000000,
    "link": "https://www.sec.gov/Archives/edgar/data/1103982/000119312517245459/0001193125-17-245459-index.htm",
    "finalLink": "https://www.sec.gov/Archives/edgar/data/1103982/000119312517245459/d412472d10q.htm"
  },
  {
    "date": "2017-03-31",
    "symbol": "MDLZ",
    "reportedCurrency": "USD",
    "cik": "0001103982",
    "fillingDate": "2017-05-03",
    "acceptedDate": "2017-05-03 09:49:13",
    "calendarYear": "2017",
    "period": "Q1",
    "revenue": 6414000000,
    "costOfRevenue": 3896000000,
    "grossProfit": 2518000000,
    "grossProfitRatio": 0.392578734,
    "researchAndDevelopmentExpenses": 0,
    "generalAndAdministrativeExpenses": 0,
    "sellingAndMarketingExpenses": 0,
    "sellingGeneralAndAdministrativeExpenses": 1483000000,
    "otherExpenses": 210000000,
    "operatingExpenses": 1693000000,
    "costAndExpenses": 5589000000,
    "interestIncome": 0,
    "interestExpense": 103000000,
    "depreciationAndAmortization": 200000000,
    "ebitda": 1024000000,
    "ebitdaratio": 0.159650764,
    "operatingIncome": 825000000,
    "operatingIncomeRatio": 0.1286248831,
    "totalOtherIncomeExpensesNet": -104000000,
    "incomeBeforeTax": 721000000,
    "incomeBeforeTaxRatio": 0.1124103524,
    "incomeTaxExpense": 154000000,
    "netIncome": 630000000,
    "netIncomeRatio": 0.098222638,
    "eps": 0.41,
    "epsdiluted": 0.41,
    "weightedAverageShsOut": 1529000000,
    "weightedAverageShsOutDil": 1550000000,
    "link": "https://www.sec.gov/Archives/edgar/data/1103982/000119312517155252/0001193125-17-155252-index.htm",
    "finalLink": "https://www.sec.gov/Archives/edgar/data/1103982/000119312517155252/d346910d10q.htm"
  },
  {
    "date": "2016-12-31",
    "symbol": "MDLZ",
    "reportedCurrency": "USD",
    "cik": "0001103982",
    "fillingDate": "2017-02-24",
    "acceptedDate": "2017-02-24 13:04:38",
    "calendarYear": "2016",
    "period": "Q4",
    "revenue": 6770000000,
    "costOfRevenue": 4181000000,
    "grossProfit": 2589000000,
    "grossProfitRatio": 0.382422452,
    "researchAndDevelopmentExpenses": 0,
    "generalAndAdministrativeExpenses": 0,
    "sellingAndMarketingExpenses": 0,
    "sellingGeneralAndAdministrativeExpenses": 1705000000,
    "otherExpenses": 377000000,
    "operatingExpenses": 2082000000,
    "costAndExpenses": 6263000000,
    "interestIncome": 0,
    "interestExpense": 115000000,
    "depreciationAndAmortization": 208000000,
    "ebitda": 255000000,
    "ebitdaratio": 0.0376661743,
    "operatingIncome": 507000000,
    "operatingIncomeRatio": 0.0748892171,
    "totalOtherIncomeExpensesNet": 0,
    "incomeBeforeTax": -68000000,
    "incomeBeforeTaxRatio": -0.0100443131,
    "incomeTaxExpense": -78000000,
    "netIncome": 93000000,
    "netIncomeRatio": 0.0137370753,
    "eps": 0.06,
    "epsdiluted": 0.06,
    "weightedAverageShsOut": 1540000000,
    "weightedAverageShsOutDil": 1559000000,
    "link": "https://www.sec.gov/Archives/edgar/data/1103982/000119312517055858/0001193125-17-055858-index.htm",
    "finalLink": "https://www.sec.gov/Archives/edgar/data/1103982/000119312517055858/d288385d10k.htm"
  },
  {
    "date": "2016-09-30",
    "symbol": "MDLZ",
    "reportedCurrency": "USD",
    "cik": "0001103982",
    "fillingDate": "2016-10-26",
    "acceptedDate": "2016-10-26 14:42:49",
    "calendarYear": "2016",
    "period": "Q3",
    "revenue": 6396000000,
    "costOfRevenue": 3908000000,
    "grossProfit": 2488000000,
    "grossProfitRatio": 0.3889931207,
    "researchAndDevelopmentExpenses": 0,
    "generalAndAdministrativeExpenses": 0,
    "sellingAndMarketingExpenses": 0,
    "sellingGeneralAndAdministrativeExpenses": 1552000000,
    "otherExpenses": 234000000,
    "operatingExpenses": 1786000000,
    "costAndExpenses": 5694000000,
    "interestIncome": 0,
    "interestExpense": 129000000,
    "depreciationAndAmortization": 207000000,
    "ebitda": 893000000,
    "ebitdaratio": 0.1396185116,
    "operatingIncome": 702000000,
    "operatingIncomeRatio": 0.1097560976,
    "totalOtherIncomeExpensesNet": -145000000,
    "incomeBeforeTax": 557000000,
    "incomeBeforeTaxRatio": 0.0870856785,
    "incomeTaxExpense": 40000000,
    "netIncome": 548000000,
    "netIncomeRatio": 0.0856785491,
    "eps": 0.35,
    "epsdiluted": 0.35,
    "weightedAverageShsOut": 1557000000,
    "weightedAverageShsOutDil": 1576000000,
    "link": "https://www.sec.gov/Archives/edgar/data/1103982/000119312516747755/0001193125-16-747755-index.htm",
    "finalLink": "https://www.sec.gov/Archives/edgar/data/1103982/000119312516747755/d252200d10q.htm"
  },
  {
    "date": "2016-06-30",
    "symbol": "MDLZ",
    "reportedCurrency": "USD",
    "cik": "0001103982",
    "fillingDate": "2016-07-27",
    "acceptedDate": "2016-07-27 16:22:42",
    "calendarYear": "2016",
    "period": "Q2",
    "revenue": 6302000000,
    "costOfRevenue": 3786000000,
    "grossProfit": 2516000000,
    "grossProfitRatio": 0.399238337,
    "researchAndDevelopmentExpenses": 0,
    "generalAndAdministrativeExpenses": 0,
    "sellingAndMarketingExpenses": 0,
    "sellingGeneralAndAdministrativeExpenses": 1668000000,
    "otherExpenses": 210000000,
    "operatingExpenses": 1878000000,
    "costAndExpenses": 5664000000,
    "interestIncome": 0,
    "interestExpense": 135000000,
    "depreciationAndAmortization": 201000000,
    "ebitda": 823000000,
    "ebitdaratio": 0.1305934624,
    "operatingIncome": 638000000,
    "operatingIncomeRatio": 0.1012377023,
    "totalOtherIncomeExpensesNet": -151000000,
    "incomeBeforeTax": 487000000,
    "incomeBeforeTaxRatio": 0.0772770549,
    "incomeTaxExpense": 118000000,
    "netIncome": 464000000,
    "netIncomeRatio": 0.0736274199,
    "eps": 0.3,
    "epsdiluted": 0.29,
    "weightedAverageShsOut": 1557000000,
    "weightedAverageShsOutDil": 1576000000,
    "link": "https://www.sec.gov/Archives/edgar/data/1103982/000119312516660006/0001193125-16-660006-index.htm",
    "finalLink": "https://www.sec.gov/Archives/edgar/data/1103982/000119312516660006/d395636d10q.htm"
  },
  {
    "date": "2016-03-31",
    "symbol": "MDLZ",
    "reportedCurrency": "USD",
    "cik": "0001103982",
    "fillingDate": "2016-04-28",
    "acceptedDate": "2016-04-28 10:46:09",
    "calendarYear": "2016",
    "period": "Q1",
    "revenue": 6455000000,
    "costOfRevenue": 3920000000,
    "grossProfit": 2535000000,
    "grossProfitRatio": 0.3927188226,
    "researchAndDevelopmentExpenses": 0,
    "generalAndAdministrativeExpenses": 0,
    "sellingAndMarketingExpenses": 0,
    "sellingGeneralAndAdministrativeExpenses": 1615000000,
    "otherExpenses": 198000000,
    "operatingExpenses": 1813000000,
    "costAndExpenses": 5733000000,
    "interestIncome": 0,
    "interestExpense": 136000000,
    "depreciationAndAmortization": 207000000,
    "ebitda": 821000000,
    "ebitdaratio": 0.1271882262,
    "operatingIncome": 722000000,
    "operatingIncomeRatio": 0.1118512781,
    "totalOtherIncomeExpensesNet": -244000000,
    "incomeBeforeTax": 478000000,
    "incomeBeforeTaxRatio": 0.0740511232,
    "incomeTaxExpense": 49000000,
    "netIncome": 554000000,
    "netIncomeRatio": 0.0858249419,
    "eps": 0.35,
    "epsdiluted": 0.35,
    "weightedAverageShsOut": 1569000000,
    "weightedAverageShsOutDil": 1587000000,
    "link": "https://www.sec.gov/Archives/edgar/data/1103982/000119312516561707/0001193125-16-561707-index.htm",
    "finalLink": "https://www.sec.gov/Archives/edgar/data/1103982/000119312516561707/d149717d10q.htm"
  },
  {
    "date": "2015-12-31",
    "symbol": "MDLZ",
    "reportedCurrency": "USD",
    "cik": "0001103982",
    "fillingDate": "2016-02-19",
    "acceptedDate": "2016-02-19 11:41:16",
    "calendarYear": "2015",
    "period": "Q4",
    "revenue": 7364000000,
    "costOfRevenue": 4529000000,
    "grossProfit": 2835000000,
    "grossProfitRatio": 0.3849809886,
    "researchAndDevelopmentExpenses": 0,
    "generalAndAdministrativeExpenses": 0,
    "sellingAndMarketingExpenses": 0,
    "sellingGeneralAndAdministrativeExpenses": 1902000000,
    "otherExpenses": 1490000000,
    "operatingExpenses": 3392000000,
    "costAndExpenses": 7921000000,
    "interestIncome": 0,
    "interestExpense": 148000000,
    "depreciationAndAmortization": 231000000,
    "ebitda": -377000000,
    "ebitdaratio": -0.0511950027,
    "operatingIncome": -557000000,
    "operatingIncomeRatio": -0.0756382401,
    "totalOtherIncomeExpensesNet": -199000000,
    "incomeBeforeTax": -756000000,
    "incomeBeforeTaxRatio": -0.102661597,
    "incomeTaxExpense": 32000000,
    "netIncome": -729000000,
    "netIncomeRatio": -0.0989951114,
    "eps": -0.46,
    "epsdiluted": -0.46,
    "weightedAverageShsOut": 1589000000,
    "weightedAverageShsOutDil": 1610000000,
    "link": "https://www.sec.gov/Archives/edgar/data/1103982/000119312516469394/0001193125-16-469394-index.htm",
    "finalLink": "https://www.sec.gov/Archives/edgar/data/1103982/000119312516469394/d51394d10k.htm"
  },
  {
    "date": "2015-09-30",
    "symbol": "MDLZ",
    "reportedCurrency": "USD",
    "cik": "0001103982",
    "fillingDate": "2015-10-29",
    "acceptedDate": "2015-10-29 11:27:05",
    "calendarYear": "2015",
    "period": "Q3",
    "revenue": 6849000000,
    "costOfRevenue": 4179000000,
    "grossProfit": 2670000000,
    "grossProfitRatio": 0.3898379325,
    "researchAndDevelopmentExpenses": 0,
    "generalAndAdministrativeExpenses": 0,
    "sellingAndMarketingExpenses": 0,
    "sellingGeneralAndAdministrativeExpenses": 1790000000,
    "otherExpenses": -6922000000,
    "operatingExpenses": -5132000000,
    "costAndExpenses": -953000000,
    "interestIncome": 0,
    "interestExpense": 139000000,
    "depreciationAndAmortization": 206000000,
    "ebitda": 8033000000,
    "ebitdaratio": 1.1728719521,
    "operatingIncome": 7802000000,
    "operatingIncomeRatio": 1.1391444006,
    "totalOtherIncomeExpensesNet": -114000000,
    "incomeBeforeTax": 7688000000,
    "incomeBeforeTaxRatio": 1.122499635,
    "incomeTaxExpense": 348000000,
    "netIncome": 7266000000,
    "netIncomeRatio": 1.0608848007,
    "eps": 4.52,
    "epsdiluted": 4.46,
    "weightedAverageShsOut": 1609000000,
    "weightedAverageShsOutDil": 1629000000,
    "link": "https://www.sec.gov/Archives/edgar/data/1103982/000119312515357422/0001193125-15-357422-index.htm",
    "finalLink": "https://www.sec.gov/Archives/edgar/data/1103982/000119312515357422/d94335d10q.htm"
  },
  {
    "date": "2015-06-30",
    "symbol": "MDLZ",
    "reportedCurrency": "USD",
    "cik": "0001103982",
    "fillingDate": "2015-07-31",
    "acceptedDate": "2015-07-31 11:28:20",
    "calendarYear": "2015",
    "period": "Q2",
    "revenue": 7661000000,
    "costOfRevenue": 4595000000,
    "grossProfit": 3066000000,
    "grossProfitRatio": 0.40020885,
    "researchAndDevelopmentExpenses": 0,
    "generalAndAdministrativeExpenses": 0,
    "sellingAndMarketingExpenses": 0,
    "sellingGeneralAndAdministrativeExpenses": 1961000000,
    "otherExpenses": 264000000,
    "operatingExpenses": 2225000000,
    "costAndExpenses": 6820000000,
    "interestIncome": 0,
    "interestExpense": 147000000,
    "depreciationAndAmortization": 225000000,
    "ebitda": 899000000,
    "ebitdaratio": 0.1173476048,
    "operatingIncome": 841000000,
    "operatingIncomeRatio": 0.1097767915,
    "totalOtherIncomeExpensesNet": -314000000,
    "incomeBeforeTax": 527000000,
    "incomeBeforeTaxRatio": 0.0687899752,
    "incomeTaxExpense": 100000000,
    "netIncome": 406000000,
    "netIncomeRatio": 0.0529956925,
    "eps": 0.25,
    "epsdiluted": 0.25,
    "weightedAverageShsOut": 1625000000,
    "weightedAverageShsOutDil": 1643000000,
    "link": "https://www.sec.gov/Archives/edgar/data/1103982/000119312515272328/0001193125-15-272328-index.htm",
    "finalLink": "https://www.sec.gov/Archives/edgar/data/1103982/000119312515272328/d940616d10q.htm"
  },
  {
    "date": "2015-03-31",
    "symbol": "MDLZ",
    "reportedCurrency": "USD",
    "cik": "0001103982",
    "fillingDate": "2015-04-30",
    "acceptedDate": "2015-04-30 11:44:11",
    "calendarYear": "2015",
    "period": "Q1",
    "revenue": 7762000000,
    "costOfRevenue": 4821000000,
    "grossProfit": 2941000000,
    "grossProfitRatio": 0.3788971914,
    "researchAndDevelopmentExpenses": 0,
    "generalAndAdministrativeExpenses": 0,
    "sellingAndMarketingExpenses": 0,
    "sellingGeneralAndAdministrativeExpenses": 1924000000,
    "otherExpenses": 206000000,
    "operatingExpenses": 2130000000,
    "costAndExpenses": 6951000000,
    "interestIncome": 0,
    "interestExpense": 175000000,
    "depreciationAndAmortization": 232000000,
    "ebitda": 832000000,
    "ebitdaratio": 0.1071888688,
    "operatingIncome": 811000000,
    "operatingIncomeRatio": 0.1044833806,
    "totalOtherIncomeExpensesNet": -386000000,
    "incomeBeforeTax": 425000000,
    "incomeBeforeTaxRatio": 0.0547539294,
    "incomeTaxExpense": 113000000,
    "netIncome": 324000000,
    "netIncomeRatio": 0.0417418191,
    "eps": 0.2,
    "epsdiluted": 0.19,
    "weightedAverageShsOut": 1648000000,
    "weightedAverageShsOutDil": 1665000000,
    "link": "https://www.sec.gov/Archives/edgar/data/1103982/000119312515160034/0001193125-15-160034-index.htm",
    "finalLink": "https://www.sec.gov/Archives/edgar/data/1103982/000119312515160034/d893461d10q.htm"
  },
  {
    "date": "2014-12-31",
    "symbol": "MDLZ",
    "reportedCurrency": "USD",
    "cik": "0001103982",
    "fillingDate": "2015-02-20",
    "acceptedDate": "2015-02-20 10:47:09",
    "calendarYear": "2014",
    "period": "Q4",
    "revenue": 8830000000,
    "costOfRevenue": 5684000000,
    "grossProfit": 3146000000,
    "grossProfitRatio": 0.3562853907,
    "researchAndDevelopmentExpenses": 0,
    "generalAndAdministrativeExpenses": 0,
    "sellingAndMarketingExpenses": 0,
    "sellingGeneralAndAdministrativeExpenses": 2101000000,
    "otherExpenses": 456000000,
    "operatingExpenses": 2557000000,
    "costAndExpenses": 8241000000,
    "interestIncome": 0,
    "interestExpense": 196000000,
    "depreciationAndAmortization": 262000000,
    "ebitda": 1076000000,
    "ebitdaratio": 0.1218573046,
    "operatingIncome": 589000000,
    "operatingIncomeRatio": 0.0667044168,
    "totalOtherIncomeExpensesNet": 29000000,
    "incomeBeforeTax": 618000000,
    "incomeBeforeTaxRatio": 0.069988675,
    "incomeTaxExpense": 111000000,
    "netIncome": 500000000,
    "netIncomeRatio": 0.0566251416,
    "eps": 0.3,
    "epsdiluted": 0.29,
    "weightedAverageShsOut": 1677000000,
    "weightedAverageShsOutDil": 1695000000,
    "link": "https://www.sec.gov/Archives/edgar/data/1103982/000119312515055355/0001193125-15-055355-index.htm",
    "finalLink": "https://www.sec.gov/Archives/edgar/data/1103982/000119312515055355/d840894d10k.htm"
  },
  {
    "date": "2014-09-30",
    "symbol": "MDLZ",
    "reportedCurrency": "USD",
    "cik": "0001103982",
    "fillingDate": "2014-11-06",
    "acceptedDate": "2014-11-06 12:08:12",
    "calendarYear": "2014",
    "period": "Q3",
    "revenue": 8337000000,
    "costOfRevenue": 5195000000,
    "grossProfit": 3142000000,
    "grossProfitRatio": 0.3768741754,
    "researchAndDevelopmentExpenses": 0,
    "generalAndAdministrativeExpenses": 0,
    "sellingAndMarketingExpenses": 0,
    "sellingGeneralAndAdministrativeExpenses": 2053000000,
    "otherExpenses": 236000000,
    "operatingExpenses": 2289000000,
    "costAndExpenses": 7484000000,
    "interestIncome": 0,
    "interestExpense": 188000000,
    "depreciationAndAmortization": 264000000,
    "ebitda": 1532000000,
    "ebitdaratio": 0.183759146,
    "operatingIncome": 853000000,
    "operatingIncomeRatio": 0.1023149814,
    "totalOtherIncomeExpensesNet": 227000000,
    "incomeBeforeTax": 1080000000,
    "incomeBeforeTaxRatio": 0.1295430011,
    "incomeTaxExpense": 178000000,
    "netIncome": 899000000,
    "netIncomeRatio": 0.1078325537,
    "eps": 0.53,
    "epsdiluted": 0.53,
    "weightedAverageShsOut": 1688000000,
    "weightedAverageShsOutDil": 1705000000,
    "link": "https://www.sec.gov/Archives/edgar/data/1103982/000119312514400312/0001193125-14-400312-index.htm",
    "finalLink": "https://www.sec.gov/Archives/edgar/data/1103982/000119312514400312/d780145d10q.htm"
  },
  {
    "date": "2014-06-30",
    "symbol": "MDLZ",
    "reportedCurrency": "USD",
    "cik": "0001103982",
    "fillingDate": "2014-08-08",
    "acceptedDate": "2014-08-08 10:40:14",
    "calendarYear": "2014",
    "period": "Q2",
    "revenue": 8436000000,
    "costOfRevenue": 5331000000,
    "grossProfit": 3105000000,
    "grossProfitRatio": 0.3680654339,
    "researchAndDevelopmentExpenses": 0,
    "generalAndAdministrativeExpenses": 0,
    "sellingAndMarketingExpenses": 0,
    "sellingGeneralAndAdministrativeExpenses": 2038000000,
    "otherExpenses": 110000000,
    "operatingExpenses": 2148000000,
    "costAndExpenses": 7479000000,
    "interestIncome": 0,
    "interestExpense": 192000000,
    "depreciationAndAmortization": 271000000,
    "ebitda": 1196000000,
    "ebitdaratio": 0.1417733523,
    "operatingIncome": 957000000,
    "operatingIncomeRatio": 0.1134423898,
    "totalOtherIncomeExpensesNet": -224000000,
    "incomeBeforeTax": 733000000,
    "incomeBeforeTaxRatio": 0.0868895211,
    "incomeTaxExpense": 91000000,
    "netIncome": 622000000,
    "netIncomeRatio": 0.0737316264,
    "eps": 0.37,
    "epsdiluted": 0.36,
    "weightedAverageShsOut": 1694000000,
    "weightedAverageShsOutDil": 1712000000,
    "link": "https://www.sec.gov/Archives/edgar/data/1103982/000119312514302145/0001193125-14-302145-index.htm",
    "finalLink": "https://www.sec.gov/Archives/edgar/data/1103982/000119312514302145/d744588d10q.htm"
  },
  {
    "date": "2014-03-31",
    "symbol": "MDLZ",
    "reportedCurrency": "USD",
    "cik": "0001103982",
    "fillingDate": "2014-05-08",
    "acceptedDate": "2014-05-08 10:27:02",
    "calendarYear": "2014",
    "period": "Q1",
    "revenue": 8641000000,
    "costOfRevenue": 5437000000,
    "grossProfit": 3204000000,
    "grossProfitRatio": 0.3707904178,
    "researchAndDevelopmentExpenses": 0,
    "generalAndAdministrativeExpenses": 0,
    "sellingAndMarketingExpenses": 0,
    "sellingGeneralAndAdministrativeExpenses": 2265000000,
    "otherExpenses": 96000000,
    "operatingExpenses": 2361000000,
    "costAndExpenses": 7798000000,
    "interestIncome": 0,
    "interestExpense": 202000000,
    "depreciationAndAmortization": 262000000,
    "ebitda": 587000000,
    "ebitdaratio": 0.0679319523,
    "operatingIncome": 843000000,
    "operatingIncomeRatio": 0.097558153,
    "totalOtherIncomeExpensesNet": -720000000,
    "incomeBeforeTax": 123000000,
    "incomeBeforeTaxRatio": 0.0142344636,
    "incomeTaxExpense": -27000000,
    "netIncome": 163000000,
    "netIncomeRatio": 0.0188635575,
    "eps": 0.1,
    "epsdiluted": 0.09,
    "weightedAverageShsOut": 1704000000,
    "weightedAverageShsOutDil": 1722000000,
    "link": "https://www.sec.gov/Archives/edgar/data/1103982/000119312514189125/0001193125-14-189125-index.htm",
    "finalLink": "https://www.sec.gov/Archives/edgar/data/1103982/000119312514189125/d704360d10q.htm"
  },
  {
    "date": "2013-12-31",
    "symbol": "MDLZ",
    "reportedCurrency": "USD",
    "cik": "0001103982",
    "fillingDate": "2014-03-03",
    "acceptedDate": "2014-03-03 09:54:31",
    "calendarYear": "2013",
    "period": "Q4",
    "revenue": 9488000000,
    "costOfRevenue": 5995000000,
    "grossProfit": 3493000000,
    "grossProfitRatio": 0.3681492411,
    "researchAndDevelopmentExpenses": 0,
    "generalAndAdministrativeExpenses": 0,
    "sellingAndMarketingExpenses": 0,
    "sellingGeneralAndAdministrativeExpenses": 2294000000,
    "otherExpenses": 189000000,
    "operatingExpenses": 2483000000,
    "costAndExpenses": 8478000000,
    "interestIncome": 0,
    "interestExpense": 285000000,
    "depreciationAndAmortization": 269000000,
    "ebitda": 717000000,
    "ebitdaratio": 0.07556914,
    "operatingIncome": 1010000000,
    "operatingIncomeRatio": 0.106450253,
    "totalOtherIncomeExpensesNet": -847000000,
    "incomeBeforeTax": 163000000,
    "incomeBeforeTaxRatio": 0.0171795953,
    "incomeTaxExpense": 52000000,
    "netIncome": 1707000000,
    "netIncomeRatio": 0.1799114671,
    "eps": 1.01,
    "epsdiluted": 1,
    "weightedAverageShsOut": 1743000000,
    "weightedAverageShsOutDil": 1761000000,
    "link": "https://www.sec.gov/Archives/edgar/data/1103982/000119312514079175/0001193125-14-079175-index.htm",
    "finalLink": "https://www.sec.gov/Archives/edgar/data/1103982/000119312514079175/d645322d10k.htm"
  },
  {
    "date": "2013-09-30",
    "symbol": "MDLZ",
    "reportedCurrency": "USD",
    "cik": "0001103982",
    "fillingDate": "2013-11-07",
    "acceptedDate": "2013-11-07 10:40:33",
    "calendarYear": "2013",
    "period": "Q3",
    "revenue": 8472000000,
    "costOfRevenue": 5328000000,
    "grossProfit": 3144000000,
    "grossProfitRatio": 0.3711048159,
    "researchAndDevelopmentExpenses": 0,
    "generalAndAdministrativeExpenses": 0,
    "sellingAndMarketingExpenses": 0,
    "sellingGeneralAndAdministrativeExpenses": 1784000000,
    "otherExpenses": 98000000,
    "operatingExpenses": 1882000000,
    "costAndExpenses": 7210000000,
    "interestIncome": 0,
    "interestExpense": 257000000,
    "depreciationAndAmortization": 276000000,
    "ebitda": 1577000000,
    "ebitdaratio": 0.1861425873,
    "operatingIncome": 1262000000,
    "operatingIncomeRatio": 0.1489612842,
    "totalOtherIncomeExpensesNet": -218000000,
    "incomeBeforeTax": 1044000000,
    "incomeBeforeTaxRatio": 0.1232294618,
    "incomeTaxExpense": 26000000,
    "netIncome": 1012000000,
    "netIncomeRatio": 0.1194523135,
    "eps": 0.58,
    "epsdiluted": 0.57,
    "weightedAverageShsOut": 1779000000,
    "weightedAverageShsOutDil": 1794000000,
    "link": "https://www.sec.gov/Archives/edgar/data/1103982/000119312513431957/0001193125-13-431957-index.htm",
    "finalLink": "https://www.sec.gov/Archives/edgar/data/1103982/000119312513431957/d601967d10q.htm"
  },
  {
    "date": "2013-06-30",
    "symbol": "MDLZ",
    "reportedCurrency": "USD",
    "cik": "0001103982",
    "fillingDate": "2013-08-08",
    "acceptedDate": "2013-08-08 10:47:09",
    "calendarYear": "2013",
    "period": "Q2",
    "revenue": 8595000000,
    "costOfRevenue": 5364000000,
    "grossProfit": 3231000000,
    "grossProfitRatio": 0.3759162304,
    "researchAndDevelopmentExpenses": 0,
    "generalAndAdministrativeExpenses": 0,
    "sellingAndMarketingExpenses": 0,
    "sellingGeneralAndAdministrativeExpenses": 2269000000,
    "otherExpenses": 97000000,
    "operatingExpenses": 2366000000,
    "costAndExpenses": 7730000000,
    "interestIncome": 0,
    "interestExpense": 235000000,
    "depreciationAndAmortization": 266000000,
    "ebitda": 1131000000,
    "ebitdaratio": 0.1315881326,
    "operatingIncome": 865000000,
    "operatingIncomeRatio": 0.1006399069,
    "totalOtherIncomeExpensesNet": -235000000,
    "incomeBeforeTax": 630000000,
    "incomeBeforeTaxRatio": 0.0732984293,
    "incomeTaxExpense": 28000000,
    "netIncome": 601000000,
    "netIncomeRatio": 0.0699243746,
    "eps": 0.34,
    "epsdiluted": 0.34,
    "weightedAverageShsOut": 1788000000,
    "weightedAverageShsOutDil": 1803000000,
    "link": "https://www.sec.gov/Archives/edgar/data/1103982/000119312513325952/0001193125-13-325952-index.htm",
    "finalLink": "https://www.sec.gov/Archives/edgar/data/1103982/000119312513325952/d549456d10q.htm"
  },
  {
    "date": "2013-03-31",
    "symbol": "MDLZ",
    "reportedCurrency": "USD",
    "cik": "0001103982",
    "fillingDate": "2013-05-08",
    "acceptedDate": "2013-05-08 16:48:28",
    "calendarYear": "2013",
    "period": "Q1",
    "revenue": 8744000000,
    "costOfRevenue": 5502000000,
    "grossProfit": 3242000000,
    "grossProfitRatio": 0.370768527,
    "researchAndDevelopmentExpenses": 0,
    "generalAndAdministrativeExpenses": 0,
    "sellingAndMarketingExpenses": 0,
    "sellingGeneralAndAdministrativeExpenses": 2332000000,
    "otherExpenses": 76000000,
    "operatingExpenses": 2408000000,
    "costAndExpenses": 7910000000,
    "interestIncome": 0,
    "interestExpense": 279000000,
    "depreciationAndAmortization": 266000000,
    "ebitda": 1100000000,
    "ebitdaratio": 0.1258005489,
    "operatingIncome": 834000000,
    "operatingIncomeRatio": 0.0953796889,
    "totalOtherIncomeExpensesNet": -279000000,
    "incomeBeforeTax": 555000000,
    "incomeBeforeTaxRatio": 0.0634720952,
    "incomeTaxExpense": 13000000,
    "netIncome": 536000000,
    "netIncomeRatio": 0.0612991766,
    "eps": 0.32,
    "epsdiluted": 0.32,
    "weightedAverageShsOut": 1784000000,
    "weightedAverageShsOutDil": 1798000000,
    "link": "https://www.sec.gov/Archives/edgar/data/1103982/000119312513207666/0001193125-13-207666-index.htm",
    "finalLink": "https://www.sec.gov/Archives/edgar/data/1103982/000119312513207666/d512925d10q.htm"
  },
  {
    "date": "2012-12-31",
    "symbol": "MDLZ",
    "reportedCurrency": "USD",
    "cik": "0001103982",
    "fillingDate": "2013-02-25",
    "acceptedDate": "2013-02-25 11:38:27",
    "calendarYear": "2012",
    "period": "Q4",
    "revenue": -4273000000,
    "costOfRevenue": -3094000000,
    "grossProfit": -1179000000,
    "grossProfitRatio": 0.2759185584,
    "researchAndDevelopmentExpenses": 0,
    "generalAndAdministrativeExpenses": 0,
    "sellingAndMarketingExpenses": 0,
    "sellingGeneralAndAdministrativeExpenses": 545000000,
    "otherExpenses": -139000000,
    "operatingExpenses": 406000000,
    "costAndExpenses": -2688000000,
    "interestIncome": 0,
    "interestExpense": 0,
    "depreciationAndAmortization": 280000000,
    "ebitda": -1991000000,
    "ebitdaratio": 0.465948982,
    "operatingIncome": -1585000000,
    "operatingIncomeRatio": 0.3709337702,
    "totalOtherIncomeExpensesNet": -17000000,
    "incomeBeforeTax": -1602000000,
    "incomeBeforeTaxRatio": 0.3749122396,
    "incomeTaxExpense": -657000000,
    "netIncome": 534000000,
    "netIncomeRatio": -0.1249707465,
    "eps": 0.3,
    "epsdiluted": 0.3,
    "weightedAverageShsOut": 1780000000,
    "weightedAverageShsOutDil": 1784000000,
    "link": "https://www.sec.gov/Archives/edgar/data/1103982/000119312513073227/0001193125-13-073227-index.htm",
    "finalLink": "https://www.sec.gov/Archives/edgar/data/1103982/000119312513073227/d456052d10k.htm"
  },
  {
    "date": "2012-09-30",
    "symbol": "MDLZ",
    "reportedCurrency": "USD",
    "cik": "0001103982",
    "fillingDate": "2012-11-08",
    "acceptedDate": "2012-11-08 11:09:08",
    "calendarYear": "2012",
    "period": "Q3",
    "revenue": 8326000000,
    "costOfRevenue": 5206000000,
    "grossProfit": 3120000000,
    "grossProfitRatio": 0.3747297622,
    "researchAndDevelopmentExpenses": 0,
    "generalAndAdministrativeExpenses": 0,
    "sellingAndMarketingExpenses": 0,
    "sellingGeneralAndAdministrativeExpenses": 2215000000,
    "otherExpenses": 67000000,
    "operatingExpenses": 2282000000,
    "costAndExpenses": 7488000000,
    "interestIncome": 0,
    "interestExpense": 737000000,
    "depreciationAndAmortization": 356000000,
    "ebitda": 1194000000,
    "ebitdaratio": 0.1434061975,
    "operatingIncome": 838000000,
    "operatingIncomeRatio": 0.1006485707,
    "totalOtherIncomeExpensesNet": -737000000,
    "incomeBeforeTax": 101000000,
    "incomeBeforeTaxRatio": 0.012130675,
    "incomeTaxExpense": -76000000,
    "netIncome": 652000000,
    "netIncomeRatio": 0.0783089118,
    "eps": 0.37,
    "epsdiluted": 0.36,
    "weightedAverageShsOut": 1779000000,
    "weightedAverageShsOutDil": 1789000000,
    "link": "https://www.sec.gov/Archives/edgar/data/1103982/000119312512459504/0001193125-12-459504-index.htm",
    "finalLink": "https://www.sec.gov/Archives/edgar/data/1103982/000119312512459504/d404272d10q.htm"
  },
  {
    "date": "2012-06-30",
    "symbol": "MDLZ",
    "reportedCurrency": "USD",
    "cik": "0001103982",
    "fillingDate": "2012-08-03",
    "acceptedDate": "2012-08-03 11:21:51",
    "calendarYear": "2012",
    "period": "Q2",
    "revenue": 8527000000,
    "costOfRevenue": 5316000000,
    "grossProfit": 3211000000,
    "grossProfitRatio": 0.376568547,
    "researchAndDevelopmentExpenses": 0,
    "generalAndAdministrativeExpenses": 0,
    "sellingAndMarketingExpenses": 0,
    "sellingGeneralAndAdministrativeExpenses": 2194000000,
    "otherExpenses": 80000000,
    "operatingExpenses": 2274000000,
    "costAndExpenses": 7590000000,
    "interestIncome": 0,
    "interestExpense": 344000000,
    "depreciationAndAmortization": 352000000,
    "ebitda": 1289000000,
    "ebitdaratio": 0.1511668817,
    "operatingIncome": 937000000,
    "operatingIncomeRatio": 0.1098862437,
    "totalOtherIncomeExpensesNet": -344000000,
    "incomeBeforeTax": 593000000,
    "incomeBeforeTaxRatio": 0.069543802,
    "incomeTaxExpense": 103000000,
    "netIncome": 1029000000,
    "netIncomeRatio": 0.1206755013,
    "eps": 0.58,
    "epsdiluted": 0.58,
    "weightedAverageShsOut": 1777000000,
    "weightedAverageShsOutDil": 1786000000,
    "link": "https://www.sec.gov/Archives/edgar/data/1103982/000119312512333937/0001193125-12-333937-index.htm",
    "finalLink": "https://www.sec.gov/Archives/edgar/data/1103982/000119312512333937/d366993d10q.htm"
  },
  {
    "date": "2012-03-31",
    "symbol": "MDLZ",
    "reportedCurrency": "USD",
    "cik": "0001103982",
    "fillingDate": "2012-05-04",
    "acceptedDate": "2012-05-04 11:08:59",
    "calendarYear": "2012",
    "period": "Q1",
    "revenue": 8667000000,
    "costOfRevenue": 5472000000,
    "grossProfit": 3195000000,
    "grossProfitRatio": 0.3686396677,
    "researchAndDevelopmentExpenses": 0,
    "generalAndAdministrativeExpenses": 0,
    "sellingAndMarketingExpenses": 0,
    "sellingGeneralAndAdministrativeExpenses": 2192000000,
    "otherExpenses": 100000000,
    "operatingExpenses": 2292000000,
    "costAndExpenses": 7764000000,
    "interestIncome": 0,
    "interestExpense": 487000000,
    "depreciationAndAmortization": 357000000,
    "ebitda": 1260000000,
    "ebitdaratio": 0.1453790239,
    "operatingIncome": 903000000,
    "operatingIncomeRatio": 0.1041883004,
    "totalOtherIncomeExpensesNet": -487000000,
    "incomeBeforeTax": 416000000,
    "incomeBeforeTaxRatio": 0.0479981539,
    "incomeTaxExpense": 77000000,
    "netIncome": 813000000,
    "netIncomeRatio": 0.0938040845,
    "eps": 0.46,
    "epsdiluted": 0.46,
    "weightedAverageShsOut": 1773000000,
    "weightedAverageShsOutDil": 1783000000,
    "link": "https://www.sec.gov/Archives/edgar/data/1103982/000119312512210777/0001193125-12-210777-index.htm",
    "finalLink": "https://www.sec.gov/Archives/edgar/data/1103982/000119312512210777/d314276d10q.htm"
  },
  {
    "date": "2011-12-31",
    "symbol": "MDLZ",
    "reportedCurrency": "USD",
    "cik": "0001103982",
    "fillingDate": "2012-02-27",
    "acceptedDate": "2012-02-27 10:45:56",
    "calendarYear": "2011",
    "period": "Q4",
    "revenue": 14688000000,
    "costOfRevenue": 9795000000,
    "grossProfit": 4893000000,
    "grossProfitRatio": 0.333129085,
    "researchAndDevelopmentExpenses": 0,
    "generalAndAdministrativeExpenses": 0,
    "sellingAndMarketingExpenses": 0,
    "sellingGeneralAndAdministrativeExpenses": 3333000000,
    "otherExpenses": 53000000,
    "operatingExpenses": 3386000000,
    "costAndExpenses": 13181000000,
    "interestIncome": 0,
    "interestExpense": 333000000,
    "depreciationAndAmortization": 368000000,
    "ebitda": 1635000000,
    "ebitdaratio": 0.1113153595,
    "operatingIncome": 1507000000,
    "operatingIncomeRatio": 0.1026007625,
    "totalOtherIncomeExpensesNet": -573000000,
    "incomeBeforeTax": 934000000,
    "incomeBeforeTaxRatio": 0.0635893246,
    "incomeTaxExpense": 92000000,
    "netIncome": 830000000,
    "netIncomeRatio": 0.0565087146,
    "eps": 0.47,
    "epsdiluted": 0.47,
    "weightedAverageShsOut": 1771000000,
    "weightedAverageShsOutDil": 1773000000,
    "link": "https://www.sec.gov/Archives/edgar/data/1103982/000119312512080318/0001193125-12-080318-index.htm",
    "finalLink": "https://www.sec.gov/Archives/edgar/data/1103982/000119312512080318/d277353d10k.htm"
  },
  {
    "date": "2011-09-30",
    "symbol": "MDLZ",
    "reportedCurrency": "USD",
    "cik": "0001103982",
    "fillingDate": "2011-11-04",
    "acceptedDate": "2011-11-04 10:46:54",
    "calendarYear": "2011",
    "period": "Q3",
    "revenue": 13226000000,
    "costOfRevenue": 8611000000,
    "grossProfit": 4615000000,
    "grossProfitRatio": 0.348933918,
    "researchAndDevelopmentExpenses": 0,
    "generalAndAdministrativeExpenses": 0,
    "sellingAndMarketingExpenses": 0,
    "sellingGeneralAndAdministrativeExpenses": 2866000000,
    "otherExpenses": 51000000,
    "operatingExpenses": 2917000000,
    "costAndExpenses": 11528000000,
    "interestIncome": 0,
    "interestExpense": 425000000,
    "depreciationAndAmortization": 375000000,
    "ebitda": 2073000000,
    "ebitdaratio": 0.1567367307,
    "operatingIncome": 1698000000,
    "operatingIncomeRatio": 0.1283834871,
    "totalOtherIncomeExpensesNet": -425000000,
    "incomeBeforeTax": 1273000000,
    "incomeBeforeTaxRatio": 0.096249811,
    "incomeTaxExpense": 346000000,
    "netIncome": 922000000,
    "netIncomeRatio": 0.069711175,
    "eps": 0.52,
    "epsdiluted": 0.52,
    "weightedAverageShsOut": 1770000000,
    "weightedAverageShsOutDil": 1777000000,
    "link": "https://www.sec.gov/Archives/edgar/data/1103982/000119312511296642/0001193125-11-296642-index.htm",
    "finalLink": "https://www.sec.gov/Archives/edgar/data/1103982/000119312511296642/d233422d10q.htm"
  },
  {
    "date": "2011-06-30",
    "symbol": "MDLZ",
    "reportedCurrency": "USD",
    "cik": "0001103982",
    "fillingDate": "2011-08-05",
    "acceptedDate": "2011-08-05 11:34:05",
    "calendarYear": "2011",
    "period": "Q2",
    "revenue": 13878000000,
    "costOfRevenue": 9007000000,
    "grossProfit": 4871000000,
    "grossProfitRatio": 0.3509871739,
    "researchAndDevelopmentExpenses": 0,
    "generalAndAdministrativeExpenses": 0,
    "sellingAndMarketingExpenses": 0,
    "sellingGeneralAndAdministrativeExpenses": 3008000000,
    "otherExpenses": 57000000,
    "operatingExpenses": 3065000000,
    "costAndExpenses": 12072000000,
    "interestIncome": 0,
    "interestExpense": 441000000,
    "depreciationAndAmortization": 370000000,
    "ebitda": 2176000000,
    "ebitdaratio": 0.1567949272,
    "operatingIncome": 1806000000,
    "operatingIncomeRatio": 0.1301340251,
    "totalOtherIncomeExpensesNet": -441000000,
    "incomeBeforeTax": 1365000000,
    "incomeBeforeTaxRatio": 0.098357112,
    "incomeTaxExpense": 389000000,
    "netIncome": 976000000,
    "netIncomeRatio": 0.0703271365,
    "eps": 0.55,
    "epsdiluted": 0.55,
    "weightedAverageShsOut": 1764000000,
    "weightedAverageShsOutDil": 1771000000,
    "link": "https://www.sec.gov/Archives/edgar/data/1103982/000119312511211716/0001193125-11-211716-index.htm",
    "finalLink": "https://www.sec.gov/Archives/edgar/data/1103982/000119312511211716/d10q.htm"
  },
  {
    "date": "2011-03-31",
    "symbol": "MDLZ",
    "reportedCurrency": "USD",
    "cik": "0001103982",
    "fillingDate": "2011-05-06",
    "acceptedDate": "2011-05-06 10:16:53",
    "calendarYear": "2011",
    "period": "Q1",
    "revenue": 12573000000,
    "costOfRevenue": 7937000000,
    "grossProfit": 4636000000,
    "grossProfitRatio": 0.3687266364,
    "researchAndDevelopmentExpenses": 0,
    "generalAndAdministrativeExpenses": 0,
    "sellingAndMarketingExpenses": 0,
    "sellingGeneralAndAdministrativeExpenses": 2933000000,
    "otherExpenses": 57000000,
    "operatingExpenses": 2990000000,
    "costAndExpenses": 10927000000,
    "interestIncome": 0,
    "interestExpense": 446000000,
    "depreciationAndAmortization": 372000000,
    "ebitda": 2018000000,
    "ebitdaratio": 0.1605026644,
    "operatingIncome": 1646000000,
    "operatingIncomeRatio": 0.1309154538,
    "totalOtherIncomeExpensesNet": -446000000,
    "incomeBeforeTax": 1200000000,
    "incomeBeforeTaxRatio": 0.0954426151,
    "incomeTaxExpense": 398000000,
    "netIncome": 799000000,
    "netIncomeRatio": 0.0635488746,
    "eps": 0.46,
    "epsdiluted": 0.45,
    "weightedAverageShsOut": 1754000000,
    "weightedAverageShsOutDil": 1760000000,
    "link": "https://www.sec.gov/Archives/edgar/data/1103982/000119312511129883/0001193125-11-129883-index.htm",
    "finalLink": "https://www.sec.gov/Archives/edgar/data/1103982/000119312511129883/d10q.htm"
  },
  {
    "date": "2010-12-31",
    "symbol": "MDLZ",
    "reportedCurrency": "USD",
    "cik": "0001103982",
    "fillingDate": "2011-02-28",
    "acceptedDate": "2011-02-28 10:44:30",
    "calendarYear": "2010",
    "period": "Q4",
    "revenue": 13773000000,
    "costOfRevenue": 8975000000,
    "grossProfit": 4798000000,
    "grossProfitRatio": 0.3483627387,
    "researchAndDevelopmentExpenses": 0,
    "generalAndAdministrativeExpenses": 0,
    "sellingAndMarketingExpenses": 0,
    "sellingGeneralAndAdministrativeExpenses": 3460000000,
    "otherExpenses": 98000000,
    "operatingExpenses": 3558000000,
    "costAndExpenses": 12533000000,
    "interestIncome": 0,
    "interestExpense": 294000000,
    "depreciationAndAmortization": 421000000,
    "ebitda": 1427000000,
    "ebitdaratio": 0.1036085094,
    "operatingIncome": 1240000000,
    "operatingIncomeRatio": 0.0900312205,
    "totalOtherIncomeExpensesNet": -528000000,
    "incomeBeforeTax": 712000000,
    "incomeBeforeTaxRatio": 0.051695346,
    "incomeTaxExpense": 165000000,
    "netIncome": 540000000,
    "netIncomeRatio": 0.0392071444,
    "eps": 0.31,
    "epsdiluted": 0.31,
    "weightedAverageShsOut": 1754000000,
    "weightedAverageShsOutDil": 1754000000,
    "link": "https://www.sec.gov/Archives/edgar/data/1103982/000119312511048979/0001193125-11-048979-index.htm",
    "finalLink": "https://www.sec.gov/Archives/edgar/data/1103982/000119312511048979/d10k.htm"
  },
  {
    "date": "2010-09-30",
    "symbol": "MDLZ",
    "reportedCurrency": "USD",
    "cik": "0001103982",
    "fillingDate": "2010-11-05",
    "acceptedDate": "2010-11-05 11:53:12",
    "calendarYear": "2010",
    "period": "Q3",
    "revenue": 11863000000,
    "costOfRevenue": 7542000000,
    "grossProfit": 4321000000,
    "grossProfitRatio": 0.3642417601,
    "researchAndDevelopmentExpenses": 0,
    "generalAndAdministrativeExpenses": 0,
    "sellingAndMarketingExpenses": 0,
    "sellingGeneralAndAdministrativeExpenses": 2758000000,
    "otherExpenses": 44000000,
    "operatingExpenses": 2802000000,
    "costAndExpenses": 10344000000,
    "interestIncome": 0,
    "interestExpense": 433000000,
    "depreciationAndAmortization": 340000000,
    "ebitda": 1859000000,
    "ebitdaratio": 0.1567057237,
    "operatingIncome": 1519000000,
    "operatingIncomeRatio": 0.1280451825,
    "totalOtherIncomeExpensesNet": -433000000,
    "incomeBeforeTax": 1086000000,
    "incomeBeforeTaxRatio": 0.0915451404,
    "incomeTaxExpense": 326000000,
    "netIncome": 754000000,
    "netIncomeRatio": 0.0635589648,
    "eps": 0.43,
    "epsdiluted": 0.43,
    "weightedAverageShsOut": 1748000000,
    "weightedAverageShsOutDil": 1754000000,
    "link": "https://www.sec.gov/Archives/edgar/data/1103982/000119312510249526/0001193125-10-249526-index.htm",
    "finalLink": "https://www.sec.gov/Archives/edgar/data/1103982/000119312510249526/d10q.htm"
  },
  {
    "date": "2010-06-30",
    "symbol": "MDLZ",
    "reportedCurrency": "USD",
    "cik": "0001103982",
    "fillingDate": "2010-08-06",
    "acceptedDate": "2010-08-06 10:14:36",
    "calendarYear": "2010",
    "period": "Q2",
    "revenue": 12253000000,
    "costOfRevenue": 7559000000,
    "grossProfit": 4694000000,
    "grossProfitRatio": 0.3830898555,
    "researchAndDevelopmentExpenses": 0,
    "generalAndAdministrativeExpenses": 0,
    "sellingAndMarketingExpenses": 0,
    "sellingGeneralAndAdministrativeExpenses": 2933000000,
    "otherExpenses": 60000000,
    "operatingExpenses": 2993000000,
    "costAndExpenses": 10552000000,
    "interestIncome": 0,
    "interestExpense": 439000000,
    "depreciationAndAmortization": 366000000,
    "ebitda": 2067000000,
    "ebitdaratio": 0.1686933812,
    "operatingIncome": 1701000000,
    "operatingIncomeRatio": 0.1388231454,
    "totalOtherIncomeExpensesNet": -439000000,
    "incomeBeforeTax": 1262000000,
    "incomeBeforeTaxRatio": 0.1029951849,
    "incomeTaxExpense": 323000000,
    "netIncome": 937000000,
    "netIncomeRatio": 0.0764710683,
    "eps": 0.54,
    "epsdiluted": 0.53,
    "weightedAverageShsOut": 1747000000,
    "weightedAverageShsOutDil": 1752000000,
    "link": "https://www.sec.gov/Archives/edgar/data/1103982/000119312510180593/0001193125-10-180593-index.htm",
    "finalLink": "https://www.sec.gov/Archives/edgar/data/1103982/000119312510180593/d10q.htm"
  },
  {
    "date": "2010-03-31",
    "symbol": "MDLZ",
    "reportedCurrency": "USD",
    "cik": "0001103982",
    "fillingDate": "2010-05-07",
    "acceptedDate": "2010-05-07 12:11:46",
    "calendarYear": "2010",
    "period": "Q1",
    "revenue": 11318000000,
    "costOfRevenue": 7229000000,
    "grossProfit": 4089000000,
    "grossProfitRatio": 0.3612829122,
    "researchAndDevelopmentExpenses": 0,
    "generalAndAdministrativeExpenses": 0,
    "sellingAndMarketingExpenses": 0,
    "sellingGeneralAndAdministrativeExpenses": 2850000000,
    "otherExpenses": 33000000,
    "operatingExpenses": 2883000000,
    "costAndExpenses": 10112000000,
    "interestIncome": 0,
    "interestExpense": 624000000,
    "depreciationAndAmortization": 313000000,
    "ebitda": 1519000000,
    "ebitdaratio": 0.1342109913,
    "operatingIncome": 1206000000,
    "operatingIncomeRatio": 0.1065559286,
    "totalOtherIncomeExpensesNet": -624000000,
    "incomeBeforeTax": 582000000,
    "incomeBeforeTaxRatio": 0.0514225128,
    "incomeTaxExpense": 333000000,
    "netIncome": 1883000000,
    "netIncomeRatio": 0.1663721506,
    "eps": 1.17,
    "epsdiluted": 1.16,
    "weightedAverageShsOut": 1614000000,
    "weightedAverageShsOutDil": 1620000000,
    "link": "https://www.sec.gov/Archives/edgar/data/1103982/000119312510112381/0001193125-10-112381-index.htm",
    "finalLink": "https://www.sec.gov/Archives/edgar/data/1103982/000119312510112381/d10q.htm"
  },
  {
    "date": "2009-12-31",
    "symbol": "MDLZ",
    "reportedCurrency": "USD",
    "cik": "0001103982",
    "fillingDate": "2010-02-25",
    "acceptedDate": "2010-02-25 11:55:07",
    "calendarYear": "2009",
    "period": "Q4",
    "revenue": 11025000000,
    "costOfRevenue": 6896000000,
    "grossProfit": 4129000000,
    "grossProfitRatio": 0.3745124717,
    "researchAndDevelopmentExpenses": 0,
    "generalAndAdministrativeExpenses": 0,
    "sellingAndMarketingExpenses": 0,
    "sellingGeneralAndAdministrativeExpenses": 2861000000,
    "otherExpenses": -38000000,
    "operatingExpenses": 2823000000,
    "costAndExpenses": 9719000000,
    "interestIncome": 0,
    "interestExpense": 345000000,
    "depreciationAndAmortization": 272000000,
    "ebitda": 1601000000,
    "ebitdaratio": 0.1452154195,
    "operatingIncome": 1306000000,
    "operatingIncomeRatio": 0.1184580499,
    "totalOtherIncomeExpensesNet": -322000000,
    "incomeBeforeTax": 984000000,
    "incomeBeforeTaxRatio": 0.0892517007,
    "incomeTaxExpense": 273000000,
    "netIncome": 710000000,
    "netIncomeRatio": 0.064399093,
    "eps": 0.44,
    "epsdiluted": 0.44,
    "weightedAverageShsOut": 1614000000,
    "weightedAverageShsOutDil": 1614000000,
    "link": "https://www.sec.gov/Archives/edgar/data/1103982/000119312510040106/0001193125-10-040106-index.htm",
    "finalLink": "https://www.sec.gov/Archives/edgar/data/1103982/000119312510040106/d10k.htm"
  },
  {
    "date": "2009-09-30",
    "symbol": "MDLZ",
    "reportedCurrency": "USD",
    "cik": "0001103982",
    "fillingDate": "2009-11-03",
    "acceptedDate": "2009-11-03 17:10:27",
    "calendarYear": "2009",
    "period": "Q3",
    "revenue": 9397000000,
    "costOfRevenue": 6019000000,
    "grossProfit": 3378000000,
    "grossProfitRatio": 0.3594764286,
    "researchAndDevelopmentExpenses": 0,
    "generalAndAdministrativeExpenses": 0,
    "sellingAndMarketingExpenses": 0,
    "sellingGeneralAndAdministrativeExpenses": 2033000000,
    "otherExpenses": 6000000,
    "operatingExpenses": 2039000000,
    "costAndExpenses": 8058000000,
    "interestIncome": 0,
    "interestExpense": 323000000,
    "depreciationAndAmortization": 227000000,
    "ebitda": 1566000000,
    "ebitdaratio": 0.1666489305,
    "operatingIncome": 1339000000,
    "operatingIncomeRatio": 0.1424922848,
    "totalOtherIncomeExpensesNet": -323000000,
    "incomeBeforeTax": 1016000000,
    "incomeBeforeTaxRatio": 0.1081196126,
    "incomeTaxExpense": 242000000,
    "netIncome": 824000000,
    "netIncomeRatio": 0.0876875599,
    "eps": 0.56,
    "epsdiluted": 0.55,
    "weightedAverageShsOut": 1479000000,
    "weightedAverageShsOutDil": 1487000000,
    "link": "https://www.sec.gov/Archives/edgar/data/1103982/000119312509222258/0001193125-09-222258-index.htm",
    "finalLink": "https://www.sec.gov/Archives/edgar/data/1103982/000119312509222258/d10q.htm"
  },
  {
    "date": "2009-06-30",
    "symbol": "MDLZ",
    "reportedCurrency": "USD",
    "cik": "0001103982",
    "fillingDate": "2009-08-05",
    "acceptedDate": "2009-08-05 11:43:35",
    "calendarYear": "2009",
    "period": "Q2",
    "revenue": 9781000000,
    "costOfRevenue": 6269000000,
    "grossProfit": 3512000000,
    "grossProfitRatio": 0.3590634904,
    "researchAndDevelopmentExpenses": 0,
    "generalAndAdministrativeExpenses": 0,
    "sellingAndMarketingExpenses": 0,
    "sellingGeneralAndAdministrativeExpenses": 2062000000,
    "otherExpenses": -6000000,
    "operatingExpenses": 2056000000,
    "costAndExpenses": 8325000000,
    "interestIncome": 0,
    "interestExpense": 309000000,
    "depreciationAndAmortization": 217000000,
    "ebitda": 1670000000,
    "ebitdaratio": 0.1707391882,
    "operatingIncome": 1456000000,
    "operatingIncomeRatio": 0.1488600348,
    "totalOtherIncomeExpensesNet": -312000000,
    "incomeBeforeTax": 1144000000,
    "incomeBeforeTaxRatio": 0.1169614559,
    "incomeTaxExpense": 363000000,
    "netIncome": 827000000,
    "netIncomeRatio": 0.0845516818,
    "eps": 0.56,
    "epsdiluted": 0.56,
    "weightedAverageShsOut": 1478000000,
    "weightedAverageShsOutDil": 1484000000,
    "link": "https://www.sec.gov/Archives/edgar/data/1103982/000119312509164943/0001193125-09-164943-index.htm",
    "finalLink": "https://www.sec.gov/Archives/edgar/data/1103982/000119312509164943/d10q.htm"
  },
  {
    "date": "2009-03-31",
    "symbol": "MDLZ",
    "reportedCurrency": "USD",
    "cik": "0001103982",
    "fillingDate": "2009-05-05",
    "acceptedDate": "2009-05-05 16:19:45",
    "calendarYear": "2009",
    "period": "Q1",
    "revenue": 8979000000,
    "costOfRevenue": 5879000000,
    "grossProfit": 3100000000,
    "grossProfitRatio": 0.3452500278,
    "researchAndDevelopmentExpenses": 0,
    "generalAndAdministrativeExpenses": 0,
    "sellingAndMarketingExpenses": 0,
    "sellingGeneralAndAdministrativeExpenses": 1919000000,
    "otherExpenses": 6000000,
    "operatingExpenses": 1925000000,
    "costAndExpenses": 7804000000,
    "interestIncome": 0,
    "interestExpense": 305000000,
    "depreciationAndAmortization": 215000000,
    "ebitda": 1415000000,
    "ebitdaratio": 0.1575899321,
    "operatingIncome": 1175000000,
    "operatingIncomeRatio": 0.1308608977,
    "totalOtherIncomeExpensesNet": -280000000,
    "incomeBeforeTax": 895000000,
    "incomeBeforeTaxRatio": 0.0996770242,
    "incomeTaxExpense": 292000000,
    "netIncome": 660000000,
    "netIncomeRatio": 0.0735048446,
    "eps": 0.45,
    "epsdiluted": 0.45,
    "weightedAverageShsOut": 1475000000,
    "weightedAverageShsOutDil": 1483000000,
    "link": "https://www.sec.gov/Archives/edgar/data/1103982/000119312509099958/0001193125-09-099958-index.htm",
    "finalLink": "https://www.sec.gov/Archives/edgar/data/1103982/000119312509099958/d10q.htm"
  },
  {
    "date": "2008-12-31",
    "symbol": "MDLZ",
    "reportedCurrency": "USD",
    "cik": "0001103982",
    "fillingDate": "2009-02-27",
    "acceptedDate": "2009-02-27 15:10:38",
    "calendarYear": "2008",
    "period": "Q4",
    "revenue": 10767000000,
    "costOfRevenue": 7373000000,
    "grossProfit": 3394000000,
    "grossProfitRatio": 0.3152224389,
    "researchAndDevelopmentExpenses": 0,
    "generalAndAdministrativeExpenses": 0,
    "sellingAndMarketingExpenses": 0,
    "sellingGeneralAndAdministrativeExpenses": 2370000000,
    "otherExpenses": 722000000,
    "operatingExpenses": 3092000000,
    "costAndExpenses": 10465000000,
    "interestIncome": 0,
    "interestExpense": 0,
    "depreciationAndAmortization": 234000000,
    "ebitda": 535000000,
    "ebitdaratio": 0.0496888641,
    "operatingIncome": 302000000,
    "operatingIncomeRatio": 0.0280486672,
    "totalOtherIncomeExpensesNet": -306000000,
    "incomeBeforeTax": -4000000,
    "incomeBeforeTaxRatio": -0.0003715055,
    "incomeTaxExpense": -90000000,
    "netIncome": 163000000,
    "netIncomeRatio": 0.0151388502,
    "eps": 0.11,
    "epsdiluted": 0.11,
    "weightedAverageShsOut": 1472000000,
    "weightedAverageShsOutDil": 1475000000,
    "link": "https://www.sec.gov/Archives/edgar/data/1103982/000119312509040798/0001193125-09-040798-index.htm",
    "finalLink": "https://www.sec.gov/Archives/edgar/data/1103982/000119312509040798/d10k.htm"
  },
  {
    "date": "2008-09-30",
    "symbol": "MDLZ",
    "reportedCurrency": "USD",
    "cik": "0001103982",
    "fillingDate": "2008-10-31",
    "acceptedDate": "2008-10-31 13:57:34",
    "calendarYear": "2008",
    "period": "Q3",
    "revenue": 10401000000,
    "costOfRevenue": 7096000000,
    "grossProfit": 3305000000,
    "grossProfitRatio": 0.3177579079,
    "researchAndDevelopmentExpenses": 0,
    "generalAndAdministrativeExpenses": 0,
    "sellingAndMarketingExpenses": 0,
    "sellingGeneralAndAdministrativeExpenses": 2151000000,
    "otherExpenses": 131000000,
    "operatingExpenses": 2282000000,
    "costAndExpenses": 9378000000,
    "interestIncome": 0,
    "interestExpense": 298000000,
    "depreciationAndAmortization": 245000000,
    "ebitda": 1268000000,
    "ebitdaratio": 0.1219113547,
    "operatingIncome": 1023000000,
    "operatingIncomeRatio": 0.0983559273,
    "totalOtherIncomeExpensesNet": -298000000,
    "incomeBeforeTax": 725000000,
    "incomeBeforeTaxRatio": 0.0697048361,
    "incomeTaxExpense": 205000000,
    "netIncome": 1362000000,
    "netIncomeRatio": 0.1309489472,
    "eps": 0.91,
    "epsdiluted": 0.91,
    "weightedAverageShsOut": 1493000000,
    "weightedAverageShsOutDil": 1503000000,
    "link": "https://www.sec.gov/Archives/edgar/data/1103982/000119312508221342/0001193125-08-221342-index.htm",
    "finalLink": "https://www.sec.gov/Archives/edgar/data/1103982/000119312508221342/d10q.htm"
  },
  {
    "date": "2008-06-30",
    "symbol": "MDLZ",
    "reportedCurrency": "USD",
    "cik": "0001103982",
    "fillingDate": "2008-08-01",
    "acceptedDate": "2008-08-01 09:12:55",
    "calendarYear": "2008",
    "period": "Q2",
    "revenue": 10804000000,
    "costOfRevenue": 6936000000,
    "grossProfit": 3868000000,
    "grossProfitRatio": 0.3580155498,
    "researchAndDevelopmentExpenses": 0,
    "generalAndAdministrativeExpenses": 0,
    "sellingAndMarketingExpenses": 0,
    "sellingGeneralAndAdministrativeExpenses": 2264000000,
    "otherExpenses": 181000000,
    "operatingExpenses": 2445000000,
    "costAndExpenses": 9381000000,
    "interestIncome": 0,
    "interestExpense": 331000000,
    "depreciationAndAmortization": 259000000,
    "ebitda": 1682000000,
    "ebitdaratio": 0.1556830803,
    "operatingIncome": 1423000000,
    "operatingIncomeRatio": 0.1317104776,
    "totalOtherIncomeExpensesNet": -331000000,
    "incomeBeforeTax": 1092000000,
    "incomeBeforeTaxRatio": 0.1010736764,
    "incomeTaxExpense": 414000000,
    "netIncome": 745000000,
    "netIncomeRatio": 0.0689559422,
    "eps": 0.49,
    "epsdiluted": 0.49,
    "weightedAverageShsOut": 1522000000,
    "weightedAverageShsOutDil": 1532000000,
    "link": "https://www.sec.gov/Archives/edgar/data/1103982/000119312508163342/0001193125-08-163342-index.htm",
    "finalLink": "https://www.sec.gov/Archives/edgar/data/1103982/000119312508163342/d10q.htm"
  },
  {
    "date": "2008-03-31",
    "symbol": "MDLZ",
    "reportedCurrency": "USD",
    "cik": "0001103982",
    "fillingDate": "2008-05-02",
    "acceptedDate": "2008-05-02 15:38:52",
    "calendarYear": "2008",
    "period": "Q1",
    "revenue": 10046000000,
    "costOfRevenue": 6745000000,
    "grossProfit": 3301000000,
    "grossProfitRatio": 0.3285884929,
    "researchAndDevelopmentExpenses": 0,
    "generalAndAdministrativeExpenses": 0,
    "sellingAndMarketingExpenses": 0,
    "sellingGeneralAndAdministrativeExpenses": 2129000000,
    "otherExpenses": 105000000,
    "operatingExpenses": 2234000000,
    "costAndExpenses": 8979000000,
    "interestIncome": 0,
    "interestExpense": 305000000,
    "depreciationAndAmortization": 248000000,
    "ebitda": 1315000000,
    "ebitdaratio": 0.1308978698,
    "operatingIncome": 1067000000,
    "operatingIncomeRatio": 0.1062114274,
    "totalOtherIncomeExpensesNet": -305000000,
    "incomeBeforeTax": 762000000,
    "incomeBeforeTaxRatio": 0.075851085,
    "incomeTaxExpense": 215000000,
    "netIncome": 599000000,
    "netIncomeRatio": 0.0596257217,
    "eps": 0.39,
    "epsdiluted": 0.39,
    "weightedAverageShsOut": 1532000000,
    "weightedAverageShsOutDil": 1542000000,
    "link": "https://www.sec.gov/Archives/edgar/data/1103982/000119312508100675/0001193125-08-100675-index.htm",
    "finalLink": "https://www.sec.gov/Archives/edgar/data/1103982/000119312508100675/d10q.htm"
  },
  {
    "date": "2007-12-31",
    "symbol": "MDLZ",
    "reportedCurrency": "USD",
    "cik": "0001103982",
    "fillingDate": "2008-02-25",
    "acceptedDate": "2008-02-25 17:23:38",
    "calendarYear": "2007",
    "period": "Q4",
    "revenue": 10396000000,
    "costOfRevenue": 7176000000,
    "grossProfit": 3220000000,
    "grossProfitRatio": 0.3097345133,
    "researchAndDevelopmentExpenses": 0,
    "generalAndAdministrativeExpenses": 0,
    "sellingAndMarketingExpenses": 0,
    "sellingGeneralAndAdministrativeExpenses": 2067000000,
    "otherExpenses": 113000000,
    "operatingExpenses": 2180000000,
    "costAndExpenses": 9356000000,
    "interestIncome": 0,
    "interestExpense": 0,
    "depreciationAndAmortization": 224000000,
    "ebitda": 1284000000,
    "ebitdaratio": 0.1235090419,
    "operatingIncome": 1040000000,
    "operatingIncomeRatio": 0.1000384763,
    "totalOtherIncomeExpensesNet": -226000000,
    "incomeBeforeTax": 814000000,
    "incomeBeforeTaxRatio": 0.0782993459,
    "incomeTaxExpense": 229000000,
    "netIncome": 585000000,
    "netIncomeRatio": 0.0562716429,
    "eps": 0.39,
    "epsdiluted": 0.39,
    "weightedAverageShsOut": 1518000000,
    "weightedAverageShsOutDil": 1518000000,
    "link": "https://www.sec.gov/Archives/edgar/data/1103982/000119312508037590/0001193125-08-037590-index.htm",
    "finalLink": "https://www.sec.gov/Archives/edgar/data/1103982/000119312508037590/d10k.htm"
  },
  {
    "date": "2007-09-30",
    "symbol": "MDLZ",
    "reportedCurrency": "USD",
    "cik": "0001103982",
    "fillingDate": "2007-11-02",
    "acceptedDate": "2007-11-02 14:45:58",
    "calendarYear": "2007",
    "period": "Q3",
    "revenue": 8760000000,
    "costOfRevenue": 5835000000,
    "grossProfit": 2925000000,
    "grossProfitRatio": 0.3339041096,
    "researchAndDevelopmentExpenses": 0,
    "generalAndAdministrativeExpenses": 0,
    "sellingAndMarketingExpenses": 0,
    "sellingGeneralAndAdministrativeExpenses": 1864000000,
    "otherExpenses": 176000000,
    "operatingExpenses": 2040000000,
    "costAndExpenses": 7875000000,
    "interestIncome": 0,
    "interestExpense": 0,
    "depreciationAndAmortization": 220000000,
    "ebitda": 1105000000,
    "ebitdaratio": 0.1261415525,
    "operatingIncome": 885000000,
    "operatingIncomeRatio": 0.1010273973,
    "totalOtherIncomeExpensesNet": -165000000,
    "incomeBeforeTax": 720000000,
    "incomeBeforeTaxRatio": 0.0821917808,
    "incomeTaxExpense": 185000000,
    "netIncome": 596000000,
    "netIncomeRatio": 0.0680365297,
    "eps": 0.38,
    "epsdiluted": 0.38,
    "weightedAverageShsOut": 1557000000,
    "weightedAverageShsOutDil": 1576000000,
    "link": "https://www.sec.gov/Archives/edgar/data/1103982/000119312507233672/0001193125-07-233672-index.htm",
    "finalLink": "https://www.sec.gov/Archives/edgar/data/1103982/000119312507233672/d10q.htm"
  },
  {
    "date": "2007-06-30",
    "symbol": "MDLZ",
    "reportedCurrency": "USD",
    "cik": "0001103982",
    "fillingDate": "2007-08-03",
    "acceptedDate": "2007-08-03 13:31:59",
    "calendarYear": "2007",
    "period": "Q2",
    "revenue": 9205000000,
    "costOfRevenue": 5945000000,
    "grossProfit": 3260000000,
    "grossProfitRatio": 0.3541553504,
    "researchAndDevelopmentExpenses": 0,
    "generalAndAdministrativeExpenses": 0,
    "sellingAndMarketingExpenses": 0,
    "sellingGeneralAndAdministrativeExpenses": 1969000000,
    "otherExpenses": 103000000,
    "operatingExpenses": 2072000000,
    "costAndExpenses": 8017000000,
    "interestIncome": 0,
    "interestExpense": 0,
    "depreciationAndAmortization": 222000000,
    "ebitda": 1410000000,
    "ebitdaratio": 0.1531776209,
    "operatingIncome": 1188000000,
    "operatingIncomeRatio": 0.1290602933,
    "totalOtherIncomeExpensesNet": -149000000,
    "incomeBeforeTax": 1039000000,
    "incomeBeforeTaxRatio": 0.1128734383,
    "incomeTaxExpense": 332000000,
    "netIncome": 707000000,
    "netIncomeRatio": 0.0768060837,
    "eps": 0.45,
    "epsdiluted": 0.44,
    "weightedAverageShsOut": 1571111111,
    "weightedAverageShsOutDil": 1606818182,
    "link": "https://www.sec.gov/Archives/edgar/data/1103982/000095013707011214/0000950137-07-011214-index.htm",
    "finalLink": "https://www.sec.gov/Archives/edgar/data/1103982/000095013707011214/c17231e10vq.htm"
  },
  {
    "date": "2007-03-31",
    "symbol": "MDLZ",
    "reportedCurrency": "USD",
    "cik": "0001103982",
    "fillingDate": "2007-05-09",
    "acceptedDate": "2007-05-09 16:33:55",
    "calendarYear": "2007",
    "period": "Q1",
    "revenue": 8586000000,
    "costOfRevenue": 5535000000,
    "grossProfit": 3051000000,
    "grossProfitRatio": 0.3553459119,
    "researchAndDevelopmentExpenses": 0,
    "generalAndAdministrativeExpenses": 0,
    "sellingAndMarketingExpenses": 0,
    "sellingGeneralAndAdministrativeExpenses": 1872000000,
    "otherExpenses": 57000000,
    "operatingExpenses": 1929000000,
    "costAndExpenses": 7464000000,
    "interestIncome": 0,
    "interestExpense": 0,
    "depreciationAndAmortization": 220000000,
    "ebitda": 1342000000,
    "ebitdaratio": 0.156300955,
    "operatingIncome": 1122000000,
    "operatingIncomeRatio": 0.1306778477,
    "totalOtherIncomeExpensesNet": -64000000,
    "incomeBeforeTax": 1058000000,
    "incomeBeforeTaxRatio": 0.1232238528,
    "incomeTaxExpense": 356000000,
    "netIncome": 702000000,
    "netIncomeRatio": 0.0817610063,
    "eps": 0.43,
    "epsdiluted": 0.43,
    "weightedAverageShsOut": 1632558140,
    "weightedAverageShsOutDil": 1632558140,
    "link": "https://www.sec.gov/Archives/edgar/data/1103982/000095013707007111/0000950137-07-007111-index.htm",
    "finalLink": "https://www.sec.gov/Archives/edgar/data/1103982/000095013707007111/c14835e10vq.htm"
  },
  {
    "date": "2006-12-31",
    "symbol": "MDLZ",
    "reportedCurrency": "USD",
    "cik": "0001103982",
    "fillingDate": "2007-03-01",
    "acceptedDate": "2007-03-01 15:39:31",
    "calendarYear": "2006",
    "period": "Q4",
    "revenue": 9371000000,
    "costOfRevenue": 6071000000,
    "grossProfit": 3300000000,
    "grossProfitRatio": 0.3521502508,
    "researchAndDevelopmentExpenses": 0,
    "generalAndAdministrativeExpenses": 0,
    "sellingAndMarketingExpenses": 0,
    "sellingGeneralAndAdministrativeExpenses": 2007000000,
    "otherExpenses": 319000000,
    "operatingExpenses": 2326000000,
    "costAndExpenses": 8397000000,
    "interestIncome": 0,
    "interestExpense": 0,
    "depreciationAndAmortization": 237000000,
    "ebitda": 1197000000,
    "ebitdaratio": 0.1277345001,
    "operatingIncome": 974000000,
    "operatingIncomeRatio": 0.1039376801,
    "totalOtherIncomeExpensesNet": -133000000,
    "incomeBeforeTax": 841000000,
    "incomeBeforeTaxRatio": 0.0897449578,
    "incomeTaxExpense": 216000000,
    "netIncome": 624000000,
    "netIncomeRatio": 0.0665884111,
    "eps": 0.38,
    "epsdiluted": 0.38,
    "weightedAverageShsOut": 1632558140,
    "weightedAverageShsOutDil": 1632558140,
    "link": "https://www.sec.gov/Archives/edgar/data/1103982/000104746907001530/0001047469-07-001530-index.htm",
    "finalLink": "https://www.sec.gov/Archives/edgar/data/1103982/000104746907001530/a2176027z10-k.htm"
  },
  {
    "date": "2006-09-30",
    "symbol": "MDLZ",
    "reportedCurrency": "USD",
    "cik": "0001103982",
    "fillingDate": "2006-11-09",
    "acceptedDate": "2006-11-09 11:53:41",
    "calendarYear": "2006",
    "period": "Q3",
    "revenue": 8243000000,
    "costOfRevenue": 5243000000,
    "grossProfit": 3000000000,
    "grossProfitRatio": 0.3639451656,
    "researchAndDevelopmentExpenses": 0,
    "generalAndAdministrativeExpenses": 0,
    "sellingAndMarketingExpenses": 0,
    "sellingGeneralAndAdministrativeExpenses": 1765000000,
    "otherExpenses": -120000000,
    "operatingExpenses": 1645000000,
    "costAndExpenses": 6888000000,
    "interestIncome": 0,
    "interestExpense": 0,
    "depreciationAndAmortization": 221000000,
    "ebitda": 1579000000,
    "ebitdaratio": 0.1915564722,
    "operatingIncome": 1355000000,
    "operatingIncomeRatio": 0.1643818998,
    "totalOtherIncomeExpensesNet": -133000000,
    "incomeBeforeTax": 1223000000,
    "incomeBeforeTaxRatio": 0.1483683125,
    "incomeTaxExpense": 473000000,
    "netIncome": 748000000,
    "netIncomeRatio": 0.0907436613,
    "eps": 0.46,
    "epsdiluted": 0.45,
    "weightedAverageShsOut": 1626086957,
    "weightedAverageShsOutDil": 1662222222,
    "link": "https://www.sec.gov/Archives/edgar/data/1103982/000110465906073335/0001104659-06-073335-index.htm",
    "finalLink": "https://www.sec.gov/Archives/edgar/data/1103982/000110465906073335/a06-21892_110q.htm"
  },
  {
    "date": "2006-06-30",
    "symbol": "MDLZ",
    "reportedCurrency": "USD",
    "cik": "0001103982",
    "fillingDate": "2006-08-08",
    "acceptedDate": "2006-08-08 08:03:22",
    "calendarYear": "2006",
    "period": "Q2",
    "revenue": 8619000000,
    "costOfRevenue": 5435000000,
    "grossProfit": 3184000000,
    "grossProfitRatio": 0.3694164056,
    "researchAndDevelopmentExpenses": 0,
    "generalAndAdministrativeExpenses": 0,
    "sellingAndMarketingExpenses": 0,
    "sellingGeneralAndAdministrativeExpenses": 1770000000,
    "otherExpenses": 237000000,
    "operatingExpenses": 2007000000,
    "costAndExpenses": 7442000000,
    "interestIncome": 0,
    "interestExpense": 0,
    "depreciationAndAmortization": 217000000,
    "ebitda": 1620000000,
    "ebitdaratio": 0.1879568395,
    "operatingIncome": 1177000000,
    "operatingIncomeRatio": 0.1365587655,
    "totalOtherIncomeExpensesNet": -148000000,
    "incomeBeforeTax": 1029000000,
    "incomeBeforeTaxRatio": 0.1193873999,
    "incomeTaxExpense": 347000000,
    "netIncome": 682000000,
    "netIncomeRatio": 0.079127509,
    "eps": 0.41,
    "epsdiluted": 0.41,
    "weightedAverageShsOut": 1663414634,
    "weightedAverageShsOutDil": 1663414634,
    "link": "https://www.sec.gov/Archives/edgar/data/1103982/000110465906052215/0001104659-06-052215-index.htm",
    "finalLink": "https://www.sec.gov/Archives/edgar/data/1103982/000110465906052215/a06-15579_110q.htm"
  },
  {
    "date": "2006-03-31",
    "symbol": "MDLZ",
    "reportedCurrency": "USD",
    "cik": "0001103982",
    "fillingDate": "2006-05-09",
    "acceptedDate": "2006-05-09 08:57:42",
    "calendarYear": "2006",
    "period": "Q1",
    "revenue": 8123000000,
    "costOfRevenue": 5191000000,
    "grossProfit": 2932000000,
    "grossProfitRatio": 0.3609503878,
    "researchAndDevelopmentExpenses": 0,
    "generalAndAdministrativeExpenses": 0,
    "sellingAndMarketingExpenses": 0,
    "sellingGeneralAndAdministrativeExpenses": 1707000000,
    "otherExpenses": 207000000,
    "operatingExpenses": 1914000000,
    "costAndExpenses": 7105000000,
    "interestIncome": 0,
    "interestExpense": 0,
    "depreciationAndAmortization": 216000000,
    "ebitda": 1234000000,
    "ebitdaratio": 0.1519143174,
    "operatingIncome": 1018000000,
    "operatingIncomeRatio": 0.1253231565,
    "totalOtherIncomeExpensesNet": -97000000,
    "incomeBeforeTax": 922000000,
    "incomeBeforeTaxRatio": 0.1135048627,
    "incomeTaxExpense": -85000000,
    "netIncome": 1006000000,
    "netIncomeRatio": 0.1238458698,
    "eps": 0.61,
    "epsdiluted": 0.61,
    "weightedAverageShsOut": 1649180328,
    "weightedAverageShsOutDil": 1649180328,
    "link": "https://www.sec.gov/Archives/edgar/data/1103982/000110465906032390/0001104659-06-032390-index.htm",
    "finalLink": "https://www.sec.gov/Archives/edgar/data/1103982/000110465906032390/a06-9721_110q.htm"
  },
  {
    "date": "2005-12-31",
    "symbol": "MDLZ",
    "reportedCurrency": "USD",
    "cik": "0001103982",
    "fillingDate": "2006-03-10",
    "acceptedDate": "2006-03-10 16:34:38",
    "calendarYear": "2005",
    "period": "Q4",
    "revenue": 9663000000,
    "costOfRevenue": 6265000000,
    "grossProfit": 3398000000,
    "grossProfitRatio": 0.3516506261,
    "researchAndDevelopmentExpenses": 0,
    "generalAndAdministrativeExpenses": 0,
    "sellingAndMarketingExpenses": 0,
    "sellingGeneralAndAdministrativeExpenses": 1919000000,
    "otherExpenses": 282000000,
    "operatingExpenses": 2201000000,
    "costAndExpenses": 8466000000,
    "interestIncome": 0,
    "interestExpense": 0,
    "depreciationAndAmortization": 228000000,
    "ebitda": 1425000000,
    "ebitdaratio": 0.1474697299,
    "operatingIncome": 1197000000,
    "operatingIncomeRatio": 0.1238745731,
    "totalOtherIncomeExpensesNet": -147000000,
    "incomeBeforeTax": 1050000000,
    "incomeBeforeTaxRatio": 0.1086619062,
    "incomeTaxExpense": 277000000,
    "netIncome": 773000000,
    "netIncomeRatio": 0.0799958605,
    "eps": 0.47,
    "epsdiluted": 0.47,
    "weightedAverageShsOut": 1649180328,
    "weightedAverageShsOutDil": 1649180328,
    "link": "https://www.sec.gov/Archives/edgar/data/1103982/000104746906003200/0001047469-06-003200-index.htm",
    "finalLink": "https://www.sec.gov/Archives/edgar/data/1103982/000104746906003200/a2168110z10-k.htm"
  },
  {
    "date": "2005-09-30",
    "symbol": "MDLZ",
    "reportedCurrency": "USD",
    "cik": "0001103982",
    "fillingDate": "2005-11-09",
    "acceptedDate": "2005-11-09 14:32:38",
    "calendarYear": "2005",
    "period": "Q3",
    "revenue": 8057000000,
    "costOfRevenue": 5201000000,
    "grossProfit": 2856000000,
    "grossProfitRatio": 0.3544743701,
    "researchAndDevelopmentExpenses": 0,
    "generalAndAdministrativeExpenses": 0,
    "sellingAndMarketingExpenses": 0,
    "sellingGeneralAndAdministrativeExpenses": 1678000000,
    "otherExpenses": 30000000,
    "operatingExpenses": 1708000000,
    "costAndExpenses": 6909000000,
    "interestIncome": 0,
    "interestExpense": 0,
    "depreciationAndAmortization": 215000000,
    "ebitda": 1363000000,
    "ebitdaratio": 0.1691696661,
    "operatingIncome": 1148000000,
    "operatingIncomeRatio": 0.1424847958,
    "totalOtherIncomeExpensesNet": -139000000,
    "incomeBeforeTax": 1009000000,
    "incomeBeforeTaxRatio": 0.1252327169,
    "incomeTaxExpense": 334000000,
    "netIncome": 674000000,
    "netIncomeRatio": 0.0836539655,
    "eps": 0.4,
    "epsdiluted": 0.4,
    "weightedAverageShsOut": 1685000000,
    "weightedAverageShsOutDil": 1685000000,
    "link": "https://www.sec.gov/Archives/edgar/data/1103982/000110465905053982/0001104659-05-053982-index.htm",
    "finalLink": "https://www.sec.gov/Archives/edgar/data/1103982/000110465905053982/a05-18510_110q.htm"
  },
  {
    "date": "2005-06-30",
    "symbol": "MDLZ",
    "reportedCurrency": "USD",
    "cik": "0001103982",
    "fillingDate": "2005-08-05",
    "acceptedDate": "2005-08-05 12:36:33",
    "calendarYear": "2005",
    "period": "Q2",
    "revenue": 8334000000,
    "costOfRevenue": 5275000000,
    "grossProfit": 3059000000,
    "grossProfitRatio": 0.3670506359,
    "researchAndDevelopmentExpenses": 0,
    "generalAndAdministrativeExpenses": 0,
    "sellingAndMarketingExpenses": 0,
    "sellingGeneralAndAdministrativeExpenses": 1777000000,
    "otherExpenses": 32000000,
    "operatingExpenses": 1809000000,
    "costAndExpenses": 7084000000,
    "interestIncome": 0,
    "interestExpense": 0,
    "depreciationAndAmortization": 218000000,
    "ebitda": 1468000000,
    "ebitdaratio": 0.1761459083,
    "operatingIncome": 1250000000,
    "operatingIncomeRatio": 0.149988001,
    "totalOtherIncomeExpensesNet": -462000000,
    "incomeBeforeTax": 788000000,
    "incomeBeforeTaxRatio": 0.0945524358,
    "incomeTaxExpense": 316000000,
    "netIncome": 472000000,
    "netIncomeRatio": 0.0566354692,
    "eps": 0.28,
    "epsdiluted": 0.28,
    "weightedAverageShsOut": 1685714286,
    "weightedAverageShsOutDil": 1685714286,
    "link": "https://www.sec.gov/Archives/edgar/data/1103982/000110465905036749/0001104659-05-036749-index.htm",
    "finalLink": "https://www.sec.gov/Archives/edgar/data/1103982/000110465905036749/a05-14123_110q.htm"
  },
  {
    "date": "2005-03-31",
    "symbol": "MDLZ",
    "reportedCurrency": "USD",
    "cik": "0001103982",
    "fillingDate": "2005-05-06",
    "acceptedDate": "2005-05-06 16:02:51",
    "calendarYear": "2005",
    "period": "Q1",
    "revenue": 8059000000,
    "costOfRevenue": 5104000000,
    "grossProfit": 2955000000,
    "grossProfitRatio": 0.3666708028,
    "researchAndDevelopmentExpenses": 0,
    "generalAndAdministrativeExpenses": 0,
    "sellingAndMarketingExpenses": 0,
    "sellingGeneralAndAdministrativeExpenses": 1761000000,
    "otherExpenses": 37000000,
    "operatingExpenses": 1798000000,
    "costAndExpenses": 6902000000,
    "interestIncome": 0,
    "interestExpense": 0,
    "depreciationAndAmortization": 218000000,
    "ebitda": 1375000000,
    "ebitdaratio": 0.1706167018,
    "operatingIncome": 1157000000,
    "operatingIncomeRatio": 0.1435661993,
    "totalOtherIncomeExpensesNet": -176000000,
    "incomeBeforeTax": 981000000,
    "incomeBeforeTaxRatio": 0.1217272614,
    "incomeTaxExpense": 282000000,
    "netIncome": 713000000,
    "netIncomeRatio": 0.0884725152,
    "eps": 0.42,
    "epsdiluted": 0.42,
    "weightedAverageShsOut": 1697619048,
    "weightedAverageShsOutDil": 1697619048,
    "link": "https://www.sec.gov/Archives/edgar/data/1103982/000104746905013810/0001047469-05-013810-index.htm",
    "finalLink": "https://www.sec.gov/Archives/edgar/data/1103982/000104746905013810/a2157556z10-q.htm"
  },
  {
    "date": "2004-12-31",
    "symbol": "MDLZ",
    "reportedCurrency": "USD",
    "cik": "0001103982",
    "fillingDate": "2005-03-11",
    "acceptedDate": "2005-03-11 16:19:42",
    "calendarYear": "2004",
    "period": "Q4",
    "revenue": 8439000000,
    "costOfRevenue": 5433000000,
    "grossProfit": 3006000000,
    "grossProfitRatio": 0.3562033416,
    "researchAndDevelopmentExpenses": 0,
    "generalAndAdministrativeExpenses": 0,
    "sellingAndMarketingExpenses": 0,
    "sellingGeneralAndAdministrativeExpenses": 1759000000,
    "otherExpenses": 119000000,
    "operatingExpenses": 1878000000,
    "costAndExpenses": 7311000000,
    "interestIncome": 0,
    "interestExpense": 0,
    "depreciationAndAmortization": 246000000,
    "ebitda": 1374000000,
    "ebitdaratio": 0.1628154995,
    "operatingIncome": 1128000000,
    "operatingIncomeRatio": 0.1336651262,
    "totalOtherIncomeExpensesNet": -212000000,
    "incomeBeforeTax": 986000000,
    "incomeBeforeTaxRatio": 0.116838488,
    "incomeTaxExpense": 318000000,
    "netIncome": 628000000,
    "netIncomeRatio": 0.0744164,
    "eps": 0.37,
    "epsdiluted": 0.37,
    "weightedAverageShsOut": 1697619048,
    "weightedAverageShsOutDil": 1697619048,
    "link": "https://www.sec.gov/Archives/edgar/data/1103982/000104746905006214/0001047469-05-006214-index.htm",
    "finalLink": "https://www.sec.gov/Archives/edgar/data/1103982/000104746905006214/a2152234z10-k.htm"
  },
  {
    "date": "2004-09-30",
    "symbol": "MDLZ",
    "reportedCurrency": "USD",
    "cik": "0001103982",
    "fillingDate": "2004-11-05",
    "acceptedDate": "2004-11-05 15:47:58",
    "calendarYear": "2004",
    "period": "Q3",
    "revenue": 7718000000,
    "costOfRevenue": 4853000000,
    "grossProfit": 2865000000,
    "grossProfitRatio": 0.3712101581,
    "researchAndDevelopmentExpenses": 0,
    "generalAndAdministrativeExpenses": 0,
    "sellingAndMarketingExpenses": 0,
    "sellingGeneralAndAdministrativeExpenses": 1579000000,
    "otherExpenses": 54000000,
    "operatingExpenses": 1633000000,
    "costAndExpenses": 6486000000,
    "interestIncome": 0,
    "interestExpense": 0,
    "depreciationAndAmortization": 209000000,
    "ebitda": 1441000000,
    "ebitdaratio": 0.1867064006,
    "operatingIncome": 1232000000,
    "operatingIncomeRatio": 0.1596268463,
    "totalOtherIncomeExpensesNet": -163000000,
    "incomeBeforeTax": 1069000000,
    "incomeBeforeTaxRatio": 0.1385073853,
    "incomeTaxExpense": 302000000,
    "netIncome": 779000000,
    "netIncomeRatio": 0.1009328842,
    "eps": 0.46,
    "epsdiluted": 0.46,
    "weightedAverageShsOut": 1693478261,
    "weightedAverageShsOutDil": 1693478261,
    "link": "https://www.sec.gov/Archives/edgar/data/1103982/000104746904033228/0001047469-04-033228-index.htm",
    "finalLink": "https://www.sec.gov/Archives/edgar/data/1103982/000104746904033228/a2146084z10-q.htm"
  },
  {
    "date": "2004-06-30",
    "symbol": "MDLZ",
    "reportedCurrency": "USD",
    "cik": "0001103982",
    "fillingDate": "2004-08-06",
    "acceptedDate": "2004-08-06 15:13:53",
    "calendarYear": "2004",
    "period": "Q2",
    "revenue": 8091000000,
    "costOfRevenue": 5107000000,
    "grossProfit": 2984000000,
    "grossProfitRatio": 0.3688048449,
    "researchAndDevelopmentExpenses": 0,
    "generalAndAdministrativeExpenses": 0,
    "sellingAndMarketingExpenses": 0,
    "sellingGeneralAndAdministrativeExpenses": 1642000000,
    "otherExpenses": 133000000,
    "operatingExpenses": 1775000000,
    "costAndExpenses": 6882000000,
    "interestIncome": 0,
    "interestExpense": 0,
    "depreciationAndAmortization": 215000000,
    "ebitda": 1424000000,
    "ebitdaratio": 0.1759980225,
    "operatingIncome": 1209000000,
    "operatingIncomeRatio": 0.1494252874,
    "totalOtherIncomeExpensesNet": -179000000,
    "incomeBeforeTax": 1100000000,
    "incomeBeforeTaxRatio": 0.1359535286,
    "incomeTaxExpense": 372000000,
    "netIncome": 698000000,
    "netIncomeRatio": 0.0862686936,
    "eps": 0.41,
    "epsdiluted": 0.41,
    "weightedAverageShsOut": 1702439024,
    "weightedAverageShsOutDil": 1702439024,
    "link": "https://www.sec.gov/Archives/edgar/data/1103982/000104746904025626/0001047469-04-025626-index.htm",
    "finalLink": "https://www.sec.gov/Archives/edgar/data/1103982/000104746904025626/a2141487z10-q.htm"
  },
  {
    "date": "2004-03-31",
    "symbol": "MDLZ",
    "reportedCurrency": "USD",
    "cik": "0001103982",
    "fillingDate": "2004-05-10",
    "acceptedDate": "2004-05-10 14:09:30",
    "calendarYear": "2004",
    "period": "Q1",
    "revenue": 7575000000,
    "costOfRevenue": 4676000000,
    "grossProfit": 2899000000,
    "grossProfitRatio": 0.3827062706,
    "researchAndDevelopmentExpenses": 0,
    "generalAndAdministrativeExpenses": 0,
    "sellingAndMarketingExpenses": 0,
    "sellingGeneralAndAdministrativeExpenses": 1633000000,
    "otherExpenses": 293000000,
    "operatingExpenses": 1926000000,
    "costAndExpenses": 6602000000,
    "interestIncome": 0,
    "interestExpense": 0,
    "depreciationAndAmortization": 209000000,
    "ebitda": 1182000000,
    "ebitdaratio": 0.156039604,
    "operatingIncome": 973000000,
    "operatingIncomeRatio": 0.1284488449,
    "totalOtherIncomeExpensesNet": -165000000,
    "incomeBeforeTax": 808000000,
    "incomeBeforeTaxRatio": 0.1066666667,
    "incomeTaxExpense": 257000000,
    "netIncome": 561000000,
    "netIncomeRatio": 0.0740594059,
    "eps": 0.33,
    "epsdiluted": 0.33,
    "weightedAverageShsOut": 1700000000,
    "weightedAverageShsOutDil": 1700000000,
    "link": "https://www.sec.gov/Archives/edgar/data/1103982/000104746904016619/0001047469-04-016619-index.htm",
    "finalLink": "https://www.sec.gov/Archives/edgar/data/1103982/000104746904016619/a2135826z10-q.htm"
  },
  {
    "date": "2003-12-31",
    "symbol": "MDLZ",
    "reportedCurrency": "USD",
    "cik": "0001103982",
    "fillingDate": "2004-03-12",
    "acceptedDate": "2004-03-12 12:47:41",
    "calendarYear": "2003",
    "period": "Q4",
    "revenue": 8330000000,
    "costOfRevenue": 5225000000,
    "grossProfit": 3105000000,
    "grossProfitRatio": 0.3727490996,
    "researchAndDevelopmentExpenses": 0,
    "generalAndAdministrativeExpenses": 0,
    "sellingAndMarketingExpenses": 0,
    "sellingGeneralAndAdministrativeExpenses": 1639000000,
    "otherExpenses": -19000000,
    "operatingExpenses": 1620000000,
    "costAndExpenses": 6845000000,
    "interestIncome": 0,
    "interestExpense": 0,
    "depreciationAndAmortization": 223000000,
    "ebitda": 1714000000,
    "ebitdaratio": 0.2057623049,
    "operatingIncome": 1485000000,
    "operatingIncomeRatio": 0.1782713085,
    "totalOtherIncomeExpensesNet": -167000000,
    "incomeBeforeTax": 1318000000,
    "incomeBeforeTaxRatio": 0.1582232893,
    "incomeTaxExpense": 453000000,
    "netIncome": 869000000,
    "netIncomeRatio": 0.1043217287,
    "eps": 0.51,
    "epsdiluted": 0.51,
    "weightedAverageShsOut": 1700000000,
    "weightedAverageShsOutDil": 1700000000,
    "link": "https://www.sec.gov/Archives/edgar/data/1103982/000104746904007643/0001047469-04-007643-index.htm",
    "finalLink": "https://www.sec.gov/Archives/edgar/data/1103982/000104746904007643/a2129292z10-k.htm"
  },
  {
    "date": "2003-09-30",
    "symbol": "MDLZ",
    "reportedCurrency": "USD",
    "cik": "0001103982",
    "fillingDate": "2003-11-13",
    "acceptedDate": "2003-11-13 15:57:54",
    "calendarYear": "2003",
    "period": "Q3",
    "revenue": 7480000000,
    "costOfRevenue": 4559000000,
    "grossProfit": 2921000000,
    "grossProfitRatio": 0.3905080214,
    "researchAndDevelopmentExpenses": 0,
    "generalAndAdministrativeExpenses": 0,
    "sellingAndMarketingExpenses": 0,
    "sellingGeneralAndAdministrativeExpenses": 1526000000,
    "otherExpenses": -15000000,
    "operatingExpenses": 1511000000,
    "costAndExpenses": 6070000000,
    "interestIncome": 0,
    "interestExpense": 0,
    "depreciationAndAmortization": 202000000,
    "ebitda": 1612000000,
    "ebitdaratio": 0.2155080214,
    "operatingIncome": 1410000000,
    "operatingIncomeRatio": 0.1885026738,
    "totalOtherIncomeExpensesNet": -161000000,
    "incomeBeforeTax": 1251000000,
    "incomeBeforeTaxRatio": 0.1672459893,
    "incomeTaxExpense": 439000000,
    "netIncome": 810000000,
    "netIncomeRatio": 0.1082887701,
    "eps": 0.47,
    "epsdiluted": 0.47,
    "weightedAverageShsOut": 1723404255,
    "weightedAverageShsOutDil": 1723404255,
    "link": "https://www.sec.gov/Archives/edgar/data/1103982/000104746903037238/0001047469-03-037238-index.htm",
    "finalLink": "https://www.sec.gov/Archives/edgar/data/1103982/000104746903037238/a2122198z10-q.htm"
  },
  {
    "date": "2003-06-30",
    "symbol": "MDLZ",
    "reportedCurrency": "USD",
    "cik": "0001103982",
    "fillingDate": "2003-08-13",
    "acceptedDate": "2003-08-13 11:54:37",
    "calendarYear": "2003",
    "period": "Q2",
    "revenue": 7841000000,
    "costOfRevenue": 4695000000,
    "grossProfit": 3146000000,
    "grossProfitRatio": 0.4012243336,
    "researchAndDevelopmentExpenses": 0,
    "generalAndAdministrativeExpenses": 0,
    "sellingAndMarketingExpenses": 0,
    "sellingGeneralAndAdministrativeExpenses": 1515000000,
    "otherExpenses": 3000000,
    "operatingExpenses": 1518000000,
    "costAndExpenses": 6213000000,
    "interestIncome": 0,
    "interestExpense": 0,
    "depreciationAndAmortization": 195000000,
    "ebitda": 1823000000,
    "ebitdaratio": 0.2324958551,
    "operatingIncome": 1628000000,
    "operatingIncomeRatio": 0.2076265782,
    "totalOtherIncomeExpensesNet": -165000000,
    "incomeBeforeTax": 1463000000,
    "incomeBeforeTaxRatio": 0.186583344,
    "incomeTaxExpense": 514000000,
    "netIncome": 949000000,
    "netIncomeRatio": 0.1210304808,
    "eps": 0.55,
    "epsdiluted": 0.55,
    "weightedAverageShsOut": 1725454545,
    "weightedAverageShsOutDil": 1725454545,
    "link": "https://www.sec.gov/Archives/edgar/data/1103982/000104746903027356/0001047469-03-027356-index.htm",
    "finalLink": "https://www.sec.gov/Archives/edgar/data/1103982/000104746903027356/a2116254z10-q.htm"
  },
  {
    "date": "2003-03-31",
    "symbol": "MDLZ",
    "reportedCurrency": "USD",
    "cik": "0001103982",
    "fillingDate": "2003-05-14",
    "acceptedDate": "2003-05-14 17:00:48",
    "calendarYear": "2003",
    "period": "Q1",
    "revenue": 7359000000,
    "costOfRevenue": 4349000000,
    "grossProfit": 3010000000,
    "grossProfitRatio": 0.4090229651,
    "researchAndDevelopmentExpenses": 0,
    "generalAndAdministrativeExpenses": 0,
    "sellingAndMarketingExpenses": 0,
    "sellingGeneralAndAdministrativeExpenses": 1520000000,
    "otherExpenses": 2000000,
    "operatingExpenses": 1522000000,
    "costAndExpenses": 5871000000,
    "interestIncome": 0,
    "interestExpense": 0,
    "depreciationAndAmortization": 193000000,
    "ebitda": 1681000000,
    "ebitdaratio": 0.2284277755,
    "operatingIncome": 1488000000,
    "operatingIncomeRatio": 0.2022013861,
    "totalOtherIncomeExpensesNet": -180000000,
    "incomeBeforeTax": 1309000000,
    "incomeBeforeTaxRatio": 0.177877429,
    "incomeTaxExpense": 460000000,
    "netIncome": 848000000,
    "netIncomeRatio": 0.115233048,
    "eps": 0.49,
    "epsdiluted": 0.49,
    "weightedAverageShsOut": 1730612245,
    "weightedAverageShsOutDil": 1730612245,
    "link": "https://www.sec.gov/Archives/edgar/data/1103982/000104746903018487/0001047469-03-018487-index.htm",
    "finalLink": "https://www.sec.gov/Archives/edgar/data/1103982/000104746903018487/a2110635z10-q.htm"
  },
  {
    "date": "2002-12-31",
    "symbol": "MDLZ",
    "reportedCurrency": "USD",
    "cik": "0001103982",
    "fillingDate": "2003-03-25",
    "acceptedDate": "2003-03-25 17:25:15",
    "calendarYear": "2002",
    "period": "Q4",
    "revenue": 7847000000,
    "costOfRevenue": 4806000000,
    "grossProfit": 3041000000,
    "grossProfitRatio": 0.3875366382,
    "researchAndDevelopmentExpenses": 0,
    "generalAndAdministrativeExpenses": 0,
    "sellingAndMarketingExpenses": 0,
    "sellingGeneralAndAdministrativeExpenses": 1235000000,
    "otherExpenses": 175000000,
    "operatingExpenses": 1410000000,
    "costAndExpenses": 6216000000,
    "interestIncome": 0,
    "interestExpense": 0,
    "depreciationAndAmortization": 194000000,
    "ebitda": 1967000000,
    "ebitdaratio": 0.2506690455,
    "operatingIncome": 1631000000,
    "operatingIncomeRatio": 0.2078501338,
    "totalOtherIncomeExpensesNet": -186000000,
    "incomeBeforeTax": 1445000000,
    "incomeBeforeTaxRatio": 0.1841468077,
    "incomeTaxExpense": 512000000,
    "netIncome": 931000000,
    "netIncomeRatio": 0.1186440678,
    "eps": 0.54,
    "epsdiluted": 0.54,
    "weightedAverageShsOut": 1723009485,
    "weightedAverageShsOutDil": 1730612245,
    "link": "https://www.sec.gov/Archives/edgar/data/1103982/000104746903010159/0001047469-03-010159-index.htm",
    "finalLink": "https://www.sec.gov/Archives/edgar/data/1103982/000104746903010159/a2105346z10-k.htm"
  },
  {
    "date": "2002-09-30",
    "symbol": "MDLZ",
    "reportedCurrency": "USD",
    "cik": "0001103982",
    "fillingDate": "2002-11-13",
    "acceptedDate": "2002-11-13 16:16:50",
    "calendarYear": "2002",
    "period": "Q3",
    "revenue": 7216000000,
    "costOfRevenue": 4245000000,
    "grossProfit": 2971000000,
    "grossProfitRatio": 0.4117239468,
    "researchAndDevelopmentExpenses": 0,
    "generalAndAdministrativeExpenses": 0,
    "sellingAndMarketingExpenses": 0,
    "sellingGeneralAndAdministrativeExpenses": 1410000000,
    "otherExpenses": 1000000,
    "operatingExpenses": 1411000000,
    "costAndExpenses": 5656000000,
    "interestIncome": 0,
    "interestExpense": 0,
    "depreciationAndAmortization": 178000000,
    "ebitda": 1738000000,
    "ebitdaratio": 0.2408536585,
    "operatingIncome": 1560000000,
    "operatingIncomeRatio": 0.2161862528,
    "totalOtherIncomeExpensesNet": -210000000,
    "incomeBeforeTax": 1350000000,
    "incomeBeforeTaxRatio": 0.1870842572,
    "incomeTaxExpense": 480000000,
    "netIncome": 869000000,
    "netIncomeRatio": 0.1204268293,
    "eps": 0.5,
    "epsdiluted": 0.5,
    "weightedAverageShsOut": 1738000000,
    "weightedAverageShsOutDil": 1738000000,
    "link": "https://www.sec.gov/Archives/edgar/data/1103982/000095011702002680/0000950117-02-002680-index.htm",
    "finalLink": "https://www.sec.gov/Archives/edgar/data/1103982/000095011702002680/a33670.txt"
  },
  {
    "date": "2002-06-30",
    "symbol": "MDLZ",
    "reportedCurrency": "USD",
    "cik": "0001103982",
    "fillingDate": "2002-08-13",
    "acceptedDate": "2002-08-13 08:21:53",
    "calendarYear": "2002",
    "period": "Q2",
    "revenue": 7513000000,
    "costOfRevenue": 4386000000,
    "grossProfit": 3127000000,
    "grossProfitRatio": 0.4162118994,
    "researchAndDevelopmentExpenses": 0,
    "generalAndAdministrativeExpenses": 0,
    "sellingAndMarketingExpenses": 0,
    "sellingGeneralAndAdministrativeExpenses": 1506000000,
    "otherExpenses": 2000000,
    "operatingExpenses": 1508000000,
    "costAndExpenses": 5894000000,
    "interestIncome": 0,
    "interestExpense": 0,
    "depreciationAndAmortization": 172000000,
    "ebitda": 1791000000,
    "ebitdaratio": 0.2383867962,
    "operatingIncome": 1619000000,
    "operatingIncomeRatio": 0.2154931452,
    "totalOtherIncomeExpensesNet": -222000000,
    "incomeBeforeTax": 1397000000,
    "incomeBeforeTaxRatio": 0.1859443631,
    "incomeTaxExpense": 496000000,
    "netIncome": 901000000,
    "netIncomeRatio": 0.1199254625,
    "eps": 0.52,
    "epsdiluted": 0.52,
    "weightedAverageShsOut": 1732692308,
    "weightedAverageShsOutDil": 1732692308,
    "link": "https://www.sec.gov/Archives/edgar/data/1103982/000095011702001840/0000950117-02-001840-index.htm",
    "finalLink": "https://www.sec.gov/Archives/edgar/data/1103982/000095011702001840/a33134.txt"
  },
  {
    "date": "2002-03-31",
    "symbol": "MDLZ",
    "reportedCurrency": "USD",
    "cik": "0001103982",
    "fillingDate": "2002-05-13",
    "acceptedDate": "2002-05-13 13:59:14",
    "calendarYear": "2002",
    "period": "Q1",
    "revenue": 7147000000,
    "costOfRevenue": 4283000000,
    "grossProfit": 2864000000,
    "grossProfitRatio": 0.400727578,
    "researchAndDevelopmentExpenses": 0,
    "generalAndAdministrativeExpenses": 0,
    "sellingAndMarketingExpenses": 0,
    "sellingGeneralAndAdministrativeExpenses": 1558000000,
    "otherExpenses": 2000000,
    "operatingExpenses": 1560000000,
    "costAndExpenses": 5843000000,
    "interestIncome": 0,
    "interestExpense": 0,
    "depreciationAndAmortization": 172000000,
    "ebitda": 1476000000,
    "ebitdaratio": 0.2065202183,
    "operatingIncome": 1304000000,
    "operatingIncomeRatio": 0.1824541766,
    "totalOtherIncomeExpensesNet": -230000000,
    "incomeBeforeTax": 1074000000,
    "incomeBeforeTaxRatio": 0.1502728418,
    "incomeTaxExpense": 381000000,
    "netIncome": 693000000,
    "netIncomeRatio": 0.096963761,
    "eps": 0.4,
    "epsdiluted": 0.4,
    "weightedAverageShsOut": 1732500000,
    "weightedAverageShsOutDil": 1732500000,
    "link": "https://www.sec.gov/Archives/edgar/data/1103982/000095011702001172/0000950117-02-001172-index.htm",
    "finalLink": "https://www.sec.gov/Archives/edgar/data/1103982/000095011702001172/a32611.txt"
  },
  {
    "date": "2001-12-31",
    "symbol": "MDLZ",
    "reportedCurrency": "USD",
    "cik": "0001103982",
    "fillingDate": "2002-03-14",
    "acceptedDate": "2002-03-14 00:00:00",
    "calendarYear": "2001",
    "period": "Q4",
    "revenue": 8760000000,
    "costOfRevenue": 4648000000,
    "grossProfit": 4112000000,
    "grossProfitRatio": 0.4694063927,
    "researchAndDevelopmentExpenses": 0,
    "generalAndAdministrativeExpenses": 0,
    "sellingAndMarketingExpenses": 0,
    "sellingGeneralAndAdministrativeExpenses": 2618000000,
    "otherExpenses": 243000000,
    "operatingExpenses": 2861000000,
    "costAndExpenses": 7509000000,
    "interestIncome": 0,
    "interestExpense": 0,
    "depreciationAndAmortization": 418000000,
    "ebitda": 1669000000,
    "ebitdaratio": 0.1905251142,
    "operatingIncome": 1251000000,
    "operatingIncomeRatio": 0.1428082192,
    "totalOtherIncomeExpensesNet": -248000000,
    "incomeBeforeTax": 1003000000,
    "incomeBeforeTaxRatio": 0.1144977169,
    "incomeTaxExpense": 455000000,
    "netIncome": 548000000,
    "netIncomeRatio": 0.0625570776,
    "eps": 0.32,
    "epsdiluted": 0.32,
    "weightedAverageShsOut": 1730188034,
    "weightedAverageShsOutDil": 1732500000,
    "link": "https://www.sec.gov/Archives/edgar/data/1103982/000095012302002512/0000950123-02-002512-index.htm",
    "finalLink": "https://www.sec.gov/Archives/edgar/data/1103982/000095012302002512/y57670e10-k.txt"
  },
  {
    "date": "2001-09-30",
    "symbol": "MDLZ",
    "reportedCurrency": "USD",
    "cik": "0001103982",
    "fillingDate": "2001-11-13",
    "acceptedDate": "2001-11-13 00:00:00",
    "calendarYear": "2001",
    "period": "Q3",
    "revenue": 7018000000,
    "costOfRevenue": 4233000000,
    "grossProfit": 2785000000,
    "grossProfitRatio": 0.3968367056,
    "researchAndDevelopmentExpenses": 0,
    "generalAndAdministrativeExpenses": 0,
    "sellingAndMarketingExpenses": 0,
    "sellingGeneralAndAdministrativeExpenses": 1370000000,
    "otherExpenses": 239000000,
    "operatingExpenses": 1609000000,
    "costAndExpenses": 5842000000,
    "interestIncome": 0,
    "interestExpense": 0,
    "depreciationAndAmortization": 389000000,
    "ebitda": 1565000000,
    "ebitdaratio": 0.2229980051,
    "operatingIncome": 1176000000,
    "operatingIncomeRatio": 0.167569108,
    "totalOtherIncomeExpensesNet": -256000000,
    "incomeBeforeTax": 920000000,
    "incomeBeforeTaxRatio": 0.1310914791,
    "incomeTaxExpense": 417000000,
    "netIncome": 503000000,
    "netIncomeRatio": 0.0716728413,
    "eps": 0.29,
    "epsdiluted": 0.29,
    "weightedAverageShsOut": 1735000000,
    "weightedAverageShsOutDil": 1735000000,
    "link": "https://www.sec.gov/Archives/edgar/data/1103982/000095011701501579/0000950117-01-501579-index.htm",
    "finalLink": "https://www.sec.gov/Archives/edgar/data/1103982/000095011701501579/a31583.txt"
  },
  {
    "date": "2001-06-30",
    "symbol": "MDLZ",
    "reportedCurrency": "USD",
    "cik": "0001103982",
    "fillingDate": "2001-08-13",
    "acceptedDate": "2001-08-13 00:00:00",
    "calendarYear": "2001",
    "period": "Q2",
    "revenue": 7473000000,
    "costOfRevenue": 4402000000,
    "grossProfit": 3071000000,
    "grossProfitRatio": 0.4109460725,
    "researchAndDevelopmentExpenses": 0,
    "generalAndAdministrativeExpenses": 0,
    "sellingAndMarketingExpenses": 0,
    "sellingGeneralAndAdministrativeExpenses": 1466000000,
    "otherExpenses": 240000000,
    "operatingExpenses": 1706000000,
    "costAndExpenses": 6108000000,
    "interestIncome": 0,
    "interestExpense": 0,
    "depreciationAndAmortization": 410000000,
    "ebitda": 1775000000,
    "ebitdaratio": 0.2375217449,
    "operatingIncome": 1365000000,
    "operatingIncomeRatio": 0.1826575672,
    "totalOtherIncomeExpensesNet": -451000000,
    "incomeBeforeTax": 914000000,
    "incomeBeforeTaxRatio": 0.1223069718,
    "incomeTaxExpense": 409000000,
    "netIncome": 505000000,
    "netIncomeRatio": 0.0675766091,
    "eps": 0.33,
    "epsdiluted": 0.33,
    "weightedAverageShsOut": 1510000000,
    "weightedAverageShsOutDil": 1510000000,
    "link": "https://www.sec.gov/Archives/edgar/data/1103982/000095011701500917/0000950117-01-500917-index.htm",
    "finalLink": "https://www.sec.gov/Archives/edgar/data/1103982/000095011701500917/a31142.txt"
  },
  {
    "date": "2001-03-31",
    "symbol": "MDLZ",
    "reportedCurrency": "USD",
    "cik": "0001103982",
    "fillingDate": "2001-03-31",
    "acceptedDate": "2001-03-31 00:00:00",
    "calendarYear": "2001",
    "period": "Q1",
    "revenue": 7197000000,
    "costOfRevenue": 4275000000,
    "grossProfit": 2922000000,
    "grossProfitRatio": 0.406002501,
    "researchAndDevelopmentExpenses": 0,
    "generalAndAdministrativeExpenses": 0,
    "sellingAndMarketingExpenses": 0,
    "sellingGeneralAndAdministrativeExpenses": 1590000000,
    "otherExpenses": 240000000,
    "operatingExpenses": 1830000000,
    "costAndExpenses": 6105000000,
    "interestIncome": 0,
    "interestExpense": 0,
    "depreciationAndAmortization": 425000000,
    "ebitda": 1517000000,
    "ebitdaratio": 0.2107822704,
    "operatingIncome": 1092000000,
    "operatingIncomeRatio": 0.1517298875,
    "totalOtherIncomeExpensesNet": -482000000,
    "incomeBeforeTax": 610000000,
    "incomeBeforeTaxRatio": 0.0847575379,
    "incomeTaxExpense": 284000000,
    "netIncome": 326000000,
    "netIncomeRatio": 0.0452966514,
    "eps": 0.22,
    "epsdiluted": 0.22,
    "weightedAverageShsOut": 1481818182,
    "weightedAverageShsOutDil": 1481818182,
    "link": null,
    "finalLink": null
  }
]