[
  {
    "date": "2025-07-25",
    "symbol": "MDT",
    "reportedCurrency": "USD",
    "cik": "0001613103",
    "fillingDate": "2025-08-26",
    "acceptedDate": "2025-08-26 17:26:56",
    "calendarYear": "2026",
    "period": "Q1",
    "revenue": 8578000000,
    "costOfRevenue": 3632000000,
    "grossProfit": 4946000000,
    "grossProfitRatio": 0.57659128,
    "researchAndDevelopmentExpenses": 726000000,
    "generalAndAdministrativeExpenses": 0,
    "sellingAndMarketingExpenses": 0,
    "sellingGeneralAndAdministrativeExpenses": 2806000000,
    "otherExpenses": -31000000,
    "operatingExpenses": 3501000000,
    "costAndExpenses": 7133000000,
    "interestIncome": 33000000,
    "interestExpense": 176000000,
    "depreciationAndAmortization": 748000000,
    "ebitda": 2225000000,
    "ebitdaratio": 0.2593844719,
    "operatingIncome": 1445000000,
    "operatingIncomeRatio": 0.1684541851,
    "totalOtherIncomeExpensesNet": -143000000,
    "incomeBeforeTax": 1302000000,
    "incomeBeforeTaxRatio": 0.1517836325,
    "incomeTaxExpense": 255000000,
    "netIncome": 1040000000,
    "netIncomeRatio": 0.1212403824,
    "eps": 0.81,
    "epsdiluted": 0.81,
    "weightedAverageShsOut": 1281600000,
    "weightedAverageShsOutDil": 1287100000,
    "link": "https://www.sec.gov/Archives/edgar/data/1613103/000161310325000161/0001613103-25-000161-index.htm",
    "finalLink": "https://www.sec.gov/Archives/edgar/data/1613103/000161310325000161/mdt-20250725.htm"
  },
  {
    "date": "2025-04-25",
    "symbol": "MDT",
    "reportedCurrency": "USD",
    "cik": "0001613103",
    "fillingDate": "2025-06-20",
    "acceptedDate": "2025-06-20 06:46:20",
    "calendarYear": "2025",
    "period": "Q4",
    "revenue": 8927000000,
    "costOfRevenue": 3147000000,
    "grossProfit": 5780000000,
    "grossProfitRatio": 0.6474739554,
    "researchAndDevelopmentExpenses": 684000000,
    "generalAndAdministrativeExpenses": 0,
    "sellingAndMarketingExpenses": 0,
    "sellingGeneralAndAdministrativeExpenses": 2720000000,
    "otherExpenses": 940000000,
    "operatingExpenses": 4344000000,
    "costAndExpenses": 7491000000,
    "interestIncome": 0,
    "interestExpense": 174000000,
    "depreciationAndAmortization": 840000000,
    "ebitda": 2275000000,
    "ebitdaratio": 0.2548448527,
    "operatingIncome": 1436000000,
    "operatingIncomeRatio": 0.1608603114,
    "totalOtherIncomeExpensesNet": -175000000,
    "incomeBeforeTax": 1261000000,
    "incomeBeforeTaxRatio": 0.1412568612,
    "incomeTaxExpense": 199000000,
    "netIncome": 1057000000,
    "netIncomeRatio": 0.1184048393,
    "eps": 0.82,
    "epsdiluted": 0.82,
    "weightedAverageShsOut": 1282300000,
    "weightedAverageShsOutDil": 1287700000,
    "link": "https://www.sec.gov/Archives/edgar/data/1613103/000161310325000091/0001613103-25-000091-index.htm",
    "finalLink": "https://www.sec.gov/Archives/edgar/data/1613103/000161310325000091/mdt-20250425.htm"
  },
  {
    "date": "2025-01-24",
    "symbol": "MDT",
    "reportedCurrency": "USD",
    "cik": "0001613103",
    "fillingDate": "2025-02-25",
    "acceptedDate": "2025-02-25 16:17:28",
    "calendarYear": "2025",
    "period": "Q3",
    "revenue": 8292000000,
    "costOfRevenue": 2779000000,
    "grossProfit": 5513000000,
    "grossProfitRatio": 0.6648576942,
    "researchAndDevelopmentExpenses": 675000000,
    "generalAndAdministrativeExpenses": 0,
    "sellingAndMarketingExpenses": 0,
    "sellingGeneralAndAdministrativeExpenses": 2717000000,
    "otherExpenses": 475000000,
    "operatingExpenses": 3867000000,
    "costAndExpenses": 6646000000,
    "interestIncome": 0,
    "interestExpense": 179000000,
    "depreciationAndAmortization": 684000000,
    "ebitda": 2403000000,
    "ebitdaratio": 0.2897973951,
    "operatingIncome": 1646000000,
    "operatingIncomeRatio": 0.1985045827,
    "totalOtherIncomeExpensesNet": -106000000,
    "incomeBeforeTax": 1540000000,
    "incomeBeforeTaxRatio": 0.185721177,
    "incomeTaxExpense": 237000000,
    "netIncome": 1294000000,
    "netIncomeRatio": 0.156054028,
    "eps": 1.01,
    "epsdiluted": 1.01,
    "weightedAverageShsOut": 1282400000,
    "weightedAverageShsOutDil": 1286200000,
    "link": "https://www.sec.gov/Archives/edgar/data/1613103/000161310325000022/0001613103-25-000022-index.htm",
    "finalLink": "https://www.sec.gov/Archives/edgar/data/1613103/000161310325000022/mdt-20250124.htm"
  },
  {
    "date": "2024-10-25",
    "symbol": "MDT",
    "reportedCurrency": "USD",
    "cik": "0001613103",
    "fillingDate": "2024-11-26",
    "acceptedDate": "2024-11-26 16:16:06",
    "calendarYear": "2025",
    "period": "Q2",
    "revenue": 8403000000,
    "costOfRevenue": 2946000000,
    "grossProfit": 5457000000,
    "grossProfitRatio": 0.6494109247,
    "researchAndDevelopmentExpenses": 697000000,
    "generalAndAdministrativeExpenses": 0,
    "sellingAndMarketingExpenses": 0,
    "sellingGeneralAndAdministrativeExpenses": 2757000000,
    "otherExpenses": 408000000,
    "operatingExpenses": 3862000000,
    "costAndExpenses": 6808000000,
    "interestIncome": 0,
    "interestExpense": 209000000,
    "depreciationAndAmortization": 675000000,
    "ebitda": 2443000000,
    "ebitdaratio": 0.2907295014,
    "operatingIncome": 1595000000,
    "operatingIncomeRatio": 0.189813162,
    "totalOtherIncomeExpensesNet": -36000000,
    "incomeBeforeTax": 1559000000,
    "incomeBeforeTaxRatio": 0.1855289777,
    "incomeTaxExpense": 281000000,
    "netIncome": 1270000000,
    "netIncomeRatio": 0.1511364989,
    "eps": 0.99,
    "epsdiluted": 0.99,
    "weightedAverageShsOut": 1282400000,
    "weightedAverageShsOutDil": 1286900000,
    "link": "https://www.sec.gov/Archives/edgar/data/1613103/000161310324000165/0001613103-24-000165-index.htm",
    "finalLink": "https://www.sec.gov/Archives/edgar/data/1613103/000161310324000165/mdt-20241025.htm"
  },
  {
    "date": "2024-07-26",
    "symbol": "MDT",
    "reportedCurrency": "USD",
    "cik": "0001613103",
    "fillingDate": "2024-08-27",
    "acceptedDate": "2024-08-27 16:18:26",
    "calendarYear": "2025",
    "period": "Q1",
    "revenue": 7915000000,
    "costOfRevenue": 2761000000,
    "grossProfit": 5154000000,
    "grossProfitRatio": 0.6511686671,
    "researchAndDevelopmentExpenses": 676000000,
    "generalAndAdministrativeExpenses": 0,
    "sellingAndMarketingExpenses": 0,
    "sellingGeneralAndAdministrativeExpenses": 2655000000,
    "otherExpenses": 545000000,
    "operatingExpenses": 3876000000,
    "costAndExpenses": 6637000000,
    "interestIncome": 0,
    "interestExpense": 167000000,
    "depreciationAndAmortization": 662000000,
    "ebitda": 2097000000,
    "ebitdaratio": 0.2649399874,
    "operatingIncome": 1278000000,
    "operatingIncomeRatio": 0.1614655717,
    "totalOtherIncomeExpensesNet": -10000000,
    "incomeBeforeTax": 1268000000,
    "incomeBeforeTaxRatio": 0.1602021478,
    "incomeTaxExpense": 220000000,
    "netIncome": 1042000000,
    "netIncomeRatio": 0.1316487682,
    "eps": 0.81,
    "epsdiluted": 0.8,
    "weightedAverageShsOut": 1293300000,
    "weightedAverageShsOutDil": 1296500000,
    "link": "https://www.sec.gov/Archives/edgar/data/1613103/000161310324000147/0001613103-24-000147-index.htm",
    "finalLink": "https://www.sec.gov/Archives/edgar/data/1613103/000161310324000147/mdt-20240726.htm"
  },
  {
    "date": "2024-04-26",
    "symbol": "MDT",
    "reportedCurrency": "USD",
    "cik": "0001613103",
    "fillingDate": "2024-06-20",
    "acceptedDate": "2024-06-20 16:16:51",
    "calendarYear": "2024",
    "period": "Q4",
    "revenue": 8589000000,
    "costOfRevenue": 3044000000,
    "grossProfit": 5545000000,
    "grossProfitRatio": 0.6455932006,
    "researchAndDevelopmentExpenses": 675000000,
    "generalAndAdministrativeExpenses": 0,
    "sellingAndMarketingExpenses": 0,
    "sellingGeneralAndAdministrativeExpenses": 2765000000,
    "otherExpenses": 1052000000,
    "operatingExpenses": 4492000000,
    "costAndExpenses": 7536000000,
    "interestIncome": 0,
    "interestExpense": 202000000,
    "depreciationAndAmortization": 654000000,
    "ebitda": 1711000000,
    "ebitdaratio": 0.1992082897,
    "operatingIncome": 1053000000,
    "operatingIncomeRatio": 0.1225986727,
    "totalOtherIncomeExpensesNet": -197000000,
    "incomeBeforeTax": 856000000,
    "incomeBeforeTaxRatio": 0.0996623588,
    "incomeTaxExpense": 197000000,
    "netIncome": 654000000,
    "netIncomeRatio": 0.076143905,
    "eps": 0.49,
    "epsdiluted": 0.49,
    "weightedAverageShsOut": 1322300000,
    "weightedAverageShsOutDil": 1325400000,
    "link": "https://www.sec.gov/Archives/edgar/data/1613103/000161310324000072/0001613103-24-000072-index.htm",
    "finalLink": "https://www.sec.gov/Archives/edgar/data/1613103/000161310324000072/mdt-20240426.htm"
  },
  {
    "date": "2024-01-26",
    "symbol": "MDT",
    "reportedCurrency": "USD",
    "cik": "0001613103",
    "fillingDate": "2024-02-27",
    "acceptedDate": "2024-02-27 16:16:45",
    "calendarYear": "2024",
    "period": "Q3",
    "revenue": 8089000000,
    "costOfRevenue": 2782000000,
    "grossProfit": 5307000000,
    "grossProfitRatio": 0.6560761528,
    "researchAndDevelopmentExpenses": 695000000,
    "generalAndAdministrativeExpenses": 0,
    "sellingAndMarketingExpenses": 0,
    "sellingGeneralAndAdministrativeExpenses": 2673000000,
    "otherExpenses": 456000000,
    "operatingExpenses": 3824000000,
    "costAndExpenses": 6606000000,
    "interestIncome": 0,
    "interestExpense": 188000000,
    "depreciationAndAmortization": 649000000,
    "ebitda": 2309000000,
    "ebitdaratio": 0.2854493757,
    "operatingIncome": 1483000000,
    "operatingIncomeRatio": 0.1833353937,
    "totalOtherIncomeExpensesNet": -11000000,
    "incomeBeforeTax": 1472000000,
    "incomeBeforeTaxRatio": 0.1819755223,
    "incomeTaxExpense": 135000000,
    "netIncome": 1322000000,
    "netIncomeRatio": 0.163431821,
    "eps": 0.99,
    "epsdiluted": 0.99,
    "weightedAverageShsOut": 1329700000,
    "weightedAverageShsOutDil": 1331700000,
    "link": "https://www.sec.gov/Archives/edgar/data/1613103/000161310324000011/0001613103-24-000011-index.htm",
    "finalLink": "https://www.sec.gov/Archives/edgar/data/1613103/000161310324000011/mdt-20240126.htm"
  },
  {
    "date": "2023-10-27",
    "symbol": "MDT",
    "reportedCurrency": "USD",
    "cik": "0001613103",
    "fillingDate": "2023-11-30",
    "acceptedDate": "2023-11-30 16:16:21",
    "calendarYear": "2024",
    "period": "Q2",
    "revenue": 7984000000,
    "costOfRevenue": 2761000000,
    "grossProfit": 5223000000,
    "grossProfitRatio": 0.6541833667,
    "researchAndDevelopmentExpenses": 698000000,
    "generalAndAdministrativeExpenses": 0,
    "sellingAndMarketingExpenses": 0,
    "sellingGeneralAndAdministrativeExpenses": 2686000000,
    "otherExpenses": 499000000,
    "operatingExpenses": 3883000000,
    "costAndExpenses": 6644000000,
    "interestIncome": 0,
    "interestExpense": 180000000,
    "depreciationAndAmortization": 672000000,
    "ebitda": 2165000000,
    "ebitdaratio": 0.2711673347,
    "operatingIncome": 1340000000,
    "operatingIncomeRatio": 0.1678356713,
    "totalOtherIncomeExpensesNet": -27000000,
    "incomeBeforeTax": 1313000000,
    "incomeBeforeTaxRatio": 0.1644539078,
    "incomeTaxExpense": 402000000,
    "netIncome": 909000000,
    "netIncomeRatio": 0.1138527054,
    "eps": 0.68,
    "epsdiluted": 0.68,
    "weightedAverageShsOut": 1330200000,
    "weightedAverageShsOutDil": 1331900000,
    "link": "https://www.sec.gov/Archives/edgar/data/1613103/000161310323000149/0001613103-23-000149-index.htm",
    "finalLink": "https://www.sec.gov/Archives/edgar/data/1613103/000161310323000149/mdt-20231027.htm"
  },
  {
    "date": "2023-07-28",
    "symbol": "MDT",
    "reportedCurrency": "USD",
    "cik": "0001613103",
    "fillingDate": "2023-08-31",
    "acceptedDate": "2023-08-31 16:16:07",
    "calendarYear": "2024",
    "period": "Q1",
    "revenue": 7702000000,
    "costOfRevenue": 2628000000,
    "grossProfit": 5074000000,
    "grossProfitRatio": 0.6587899247,
    "researchAndDevelopmentExpenses": 668000000,
    "generalAndAdministrativeExpenses": 0,
    "sellingAndMarketingExpenses": 0,
    "sellingGeneralAndAdministrativeExpenses": 2613000000,
    "otherExpenses": 525000000,
    "operatingExpenses": 3806000000,
    "costAndExpenses": 6434000000,
    "interestIncome": 0,
    "interestExpense": 148000000,
    "depreciationAndAmortization": 672000000,
    "ebitda": 2016000000,
    "ebitdaratio": 0.2617501948,
    "operatingIncome": 1268000000,
    "operatingIncomeRatio": 0.164632563,
    "totalOtherIncomeExpensesNet": -72000000,
    "incomeBeforeTax": 1196000000,
    "incomeBeforeTaxRatio": 0.1552843417,
    "incomeTaxExpense": 400000000,
    "netIncome": 791000000,
    "netIncomeRatio": 0.1027005972,
    "eps": 0.59,
    "epsdiluted": 0.59,
    "weightedAverageShsOut": 1330500000,
    "weightedAverageShsOutDil": 1333800000,
    "link": "https://www.sec.gov/Archives/edgar/data/1613103/000161310323000128/0001613103-23-000128-index.htm",
    "finalLink": "https://www.sec.gov/Archives/edgar/data/1613103/000161310323000128/mdt-20230728.htm"
  },
  {
    "date": "2023-04-28",
    "symbol": "MDT",
    "reportedCurrency": "USD",
    "cik": "0001613103",
    "fillingDate": "2023-06-22",
    "acceptedDate": "2023-06-22 16:32:12",
    "calendarYear": "2023",
    "period": "Q4",
    "revenue": 8544000000,
    "costOfRevenue": 2979000000,
    "grossProfit": 5566000000,
    "grossProfitRatio": 0.6514513109,
    "researchAndDevelopmentExpenses": 639000000,
    "generalAndAdministrativeExpenses": 0,
    "sellingAndMarketingExpenses": 0,
    "sellingGeneralAndAdministrativeExpenses": 2616000000,
    "otherExpenses": 744000000,
    "operatingExpenses": 4001000000,
    "costAndExpenses": 6980000000,
    "interestIncome": 0,
    "interestExpense": 187000000,
    "depreciationAndAmortization": 679000000,
    "ebitda": 2417000000,
    "ebitdaratio": 0.2828885768,
    "operatingIncome": 1565000000,
    "operatingIncomeRatio": 0.1831694757,
    "totalOtherIncomeExpensesNet": -14000000,
    "incomeBeforeTax": 1551000000,
    "incomeBeforeTaxRatio": 0.1815308989,
    "incomeTaxExpense": 362000000,
    "netIncome": 1179000000,
    "netIncomeRatio": 0.137991573,
    "eps": 0.89,
    "epsdiluted": 0.88,
    "weightedAverageShsOut": 1330400000,
    "weightedAverageShsOutDil": 1332800000,
    "link": "https://www.sec.gov/Archives/edgar/data/1613103/000161310323000040/0001613103-23-000040-index.htm",
    "finalLink": "https://www.sec.gov/Archives/edgar/data/1613103/000161310323000040/mdt-20230428.htm"
  },
  {
    "date": "2023-01-27",
    "symbol": "MDT",
    "reportedCurrency": "USD",
    "cik": "0001613103",
    "fillingDate": "2023-03-01",
    "acceptedDate": "2023-03-01 16:13:18",
    "calendarYear": "2023",
    "period": "Q3",
    "revenue": 7727000000,
    "costOfRevenue": 2689000000,
    "grossProfit": 5038000000,
    "grossProfitRatio": 0.6519994823,
    "researchAndDevelopmentExpenses": 688000000,
    "generalAndAdministrativeExpenses": 0,
    "sellingAndMarketingExpenses": 0,
    "sellingGeneralAndAdministrativeExpenses": 2615000000,
    "otherExpenses": 343000000,
    "operatingExpenses": 3646000000,
    "costAndExpenses": 6335000000,
    "interestIncome": 0,
    "interestExpense": 167000000,
    "depreciationAndAmortization": 679000000,
    "ebitda": 2221000000,
    "ebitdaratio": 0.2874336741,
    "operatingIncome": 1392000000,
    "operatingIncomeRatio": 0.1801475346,
    "totalOtherIncomeExpensesNet": -17000000,
    "incomeBeforeTax": 1375000000,
    "incomeBeforeTaxRatio": 0.177947457,
    "incomeTaxExpense": 146000000,
    "netIncome": 1222000000,
    "netIncomeRatio": 0.1581467581,
    "eps": 0.92,
    "epsdiluted": 0.92,
    "weightedAverageShsOut": 1330200000,
    "weightedAverageShsOutDil": 1332000000,
    "link": "https://www.sec.gov/Archives/edgar/data/1613103/000161310323000008/0001613103-23-000008-index.htm",
    "finalLink": "https://www.sec.gov/Archives/edgar/data/1613103/000161310323000008/mdt-20230127.htm"
  },
  {
    "date": "2022-10-28",
    "symbol": "MDT",
    "reportedCurrency": "USD",
    "cik": "0001613103",
    "fillingDate": "2022-12-01",
    "acceptedDate": "2022-12-01 16:17:57",
    "calendarYear": "2023",
    "period": "Q2",
    "revenue": 7585000000,
    "costOfRevenue": 2535000000,
    "grossProfit": 5050000000,
    "grossProfitRatio": 0.665787739,
    "researchAndDevelopmentExpenses": 676000000,
    "generalAndAdministrativeExpenses": 0,
    "sellingAndMarketingExpenses": 0,
    "sellingGeneralAndAdministrativeExpenses": 2617000000,
    "otherExpenses": 353000000,
    "operatingExpenses": 3646000000,
    "costAndExpenses": 6181000000,
    "interestIncome": 0,
    "interestExpense": 118000000,
    "depreciationAndAmortization": 671000000,
    "ebitda": 2184000000,
    "ebitdaratio": 0.2879367172,
    "operatingIncome": 1404000000,
    "operatingIncomeRatio": 0.1851021753,
    "totalOtherIncomeExpensesNet": -9000000,
    "incomeBeforeTax": 1395000000,
    "incomeBeforeTaxRatio": 0.1839156229,
    "incomeTaxExpense": 959000000,
    "netIncome": 427000000,
    "netIncomeRatio": 0.0562953197,
    "eps": 0.32,
    "epsdiluted": 0.32,
    "weightedAverageShsOut": 1329400000,
    "weightedAverageShsOutDil": 1332000000,
    "link": "https://www.sec.gov/Archives/edgar/data/1613103/000161310322000063/0001613103-22-000063-index.htm",
    "finalLink": "https://www.sec.gov/Archives/edgar/data/1613103/000161310322000063/mdt-20221028.htm"
  },
  {
    "date": "2022-07-29",
    "symbol": "MDT",
    "reportedCurrency": "USD",
    "cik": "0001613103",
    "fillingDate": "2022-09-01",
    "acceptedDate": "2022-09-01 16:12:56",
    "calendarYear": "2023",
    "period": "Q1",
    "revenue": 7371000000,
    "costOfRevenue": 2516000000,
    "grossProfit": 4855000000,
    "grossProfitRatio": 0.6586623253,
    "researchAndDevelopmentExpenses": 692000000,
    "generalAndAdministrativeExpenses": 0,
    "sellingAndMarketingExpenses": 0,
    "sellingGeneralAndAdministrativeExpenses": 2567000000,
    "otherExpenses": 471000000,
    "operatingExpenses": 3730000000,
    "costAndExpenses": 6246000000,
    "interestIncome": 0,
    "interestExpense": 164000000,
    "depreciationAndAmortization": 668000000,
    "ebitda": 1876000000,
    "ebitdaratio": 0.2545109212,
    "operatingIncome": 1125000000,
    "operatingIncomeRatio": 0.1526251526,
    "totalOtherIncomeExpensesNet": -81000000,
    "incomeBeforeTax": 1044000000,
    "incomeBeforeTaxRatio": 0.1416361416,
    "incomeTaxExpense": 112000000,
    "netIncome": 929000000,
    "netIncomeRatio": 0.1260344594,
    "eps": 0.7,
    "epsdiluted": 0.7,
    "weightedAverageShsOut": 1329400000,
    "weightedAverageShsOutDil": 1334500000,
    "link": "https://www.sec.gov/Archives/edgar/data/1613103/000161310322000046/0001613103-22-000046-index.htm",
    "finalLink": "https://www.sec.gov/Archives/edgar/data/1613103/000161310322000046/mdt-20220729.htm"
  },
  {
    "date": "2022-04-29",
    "symbol": "MDT",
    "reportedCurrency": "USD",
    "cik": "0001613103",
    "fillingDate": "2022-06-23",
    "acceptedDate": "2022-06-23 16:13:25",
    "calendarYear": "2022",
    "period": "Q4",
    "revenue": 8089000000,
    "costOfRevenue": 2591000000,
    "grossProfit": 5498000000,
    "grossProfitRatio": 0.6796884658,
    "researchAndDevelopmentExpenses": 652000000,
    "generalAndAdministrativeExpenses": 0,
    "sellingAndMarketingExpenses": 0,
    "sellingGeneralAndAdministrativeExpenses": 2569000000,
    "otherExpenses": 606000000,
    "operatingExpenses": 3827000000,
    "costAndExpenses": 6418000000,
    "interestIncome": 0,
    "interestExpense": 143000000,
    "depreciationAndAmortization": 688000000,
    "ebitda": 2433000000,
    "ebitdaratio": 0.3007788355,
    "operatingIncome": 1671000000,
    "operatingIncomeRatio": 0.2065768327,
    "totalOtherIncomeExpensesNet": -69000000,
    "incomeBeforeTax": 1602000000,
    "incomeBeforeTaxRatio": 0.1980467301,
    "incomeTaxExpense": 110000000,
    "netIncome": 1485000000,
    "netIncomeRatio": 0.1835826431,
    "eps": 1.11,
    "epsdiluted": 1.1,
    "weightedAverageShsOut": 1337600000,
    "weightedAverageShsOutDil": 1344900000,
    "link": "https://www.sec.gov/Archives/edgar/data/1613103/000161310322000023/0001613103-22-000023-index.htm",
    "finalLink": "https://www.sec.gov/Archives/edgar/data/1613103/000161310322000023/mdt-20220429.htm"
  },
  {
    "date": "2022-01-28",
    "symbol": "MDT",
    "reportedCurrency": "USD",
    "cik": "0001613103",
    "fillingDate": "2022-03-03",
    "acceptedDate": "2022-03-03 16:27:13",
    "calendarYear": "2022",
    "period": "Q3",
    "revenue": 7763000000,
    "costOfRevenue": 2459000000,
    "grossProfit": 5304000000,
    "grossProfitRatio": 0.6832410151,
    "researchAndDevelopmentExpenses": 657000000,
    "generalAndAdministrativeExpenses": 0,
    "sellingAndMarketingExpenses": 0,
    "sellingGeneralAndAdministrativeExpenses": 2561000000,
    "otherExpenses": 416000000,
    "operatingExpenses": 3645000000,
    "costAndExpenses": 6104000000,
    "interestIncome": 0,
    "interestExpense": 137000000,
    "depreciationAndAmortization": 672000000,
    "ebitda": 2398000000,
    "ebitdaratio": 0.308901198,
    "operatingIncome": 1659000000,
    "operatingIncomeRatio": 0.2137060415,
    "totalOtherIncomeExpensesNet": -70000000,
    "incomeBeforeTax": 1589000000,
    "incomeBeforeTaxRatio": 0.2046889089,
    "incomeTaxExpense": 106000000,
    "netIncome": 1480000000,
    "netIncomeRatio": 0.1906479454,
    "eps": 1.1,
    "epsdiluted": 1.1,
    "weightedAverageShsOut": 1343700000,
    "weightedAverageShsOutDil": 1350300000,
    "link": "https://www.sec.gov/Archives/edgar/data/1613103/000161310322000011/0001613103-22-000011-index.htm",
    "finalLink": "https://www.sec.gov/Archives/edgar/data/1613103/000161310322000011/mdt-20220128.htm"
  },
  {
    "date": "2021-10-29",
    "symbol": "MDT",
    "reportedCurrency": "USD",
    "cik": "0001613103",
    "fillingDate": "2021-12-02",
    "acceptedDate": "2021-12-02 16:07:14",
    "calendarYear": "2022",
    "period": "Q2",
    "revenue": 7847000000,
    "costOfRevenue": 2497000000,
    "grossProfit": 5350000000,
    "grossProfitRatio": 0.6817892188,
    "researchAndDevelopmentExpenses": 676000000,
    "generalAndAdministrativeExpenses": 0,
    "sellingAndMarketingExpenses": 0,
    "sellingGeneralAndAdministrativeExpenses": 2615000000,
    "otherExpenses": 496000000,
    "operatingExpenses": 3787000000,
    "costAndExpenses": 6284000000,
    "interestIncome": 0,
    "interestExpense": 136000000,
    "depreciationAndAmortization": 676000000,
    "ebitda": 2305000000,
    "ebitdaratio": 0.2937428317,
    "operatingIncome": 1563000000,
    "operatingIncomeRatio": 0.1991844017,
    "totalOtherIncomeExpensesNet": -70000000,
    "incomeBeforeTax": 1493000000,
    "incomeBeforeTaxRatio": 0.1902637951,
    "incomeTaxExpense": 176000000,
    "netIncome": 1311000000,
    "netIncomeRatio": 0.1670702179,
    "eps": 0.97,
    "epsdiluted": 0.97,
    "weightedAverageShsOut": 1345100000,
    "weightedAverageShsOutDil": 1355300000,
    "link": "https://www.sec.gov/Archives/edgar/data/1613103/000161310321000062/0001613103-21-000062-index.htm",
    "finalLink": "https://www.sec.gov/Archives/edgar/data/1613103/000161310321000062/mdt-20211029.htm"
  },
  {
    "date": "2021-07-30",
    "symbol": "MDT",
    "reportedCurrency": "USD",
    "cik": "0001613103",
    "fillingDate": "2021-09-02",
    "acceptedDate": "2021-09-02 16:08:18",
    "calendarYear": "2022",
    "period": "Q1",
    "revenue": 7987000000,
    "costOfRevenue": 2598000000,
    "grossProfit": 5389000000,
    "grossProfitRatio": 0.6747214223,
    "researchAndDevelopmentExpenses": 750000000,
    "generalAndAdministrativeExpenses": 0,
    "sellingAndMarketingExpenses": 0,
    "sellingGeneralAndAdministrativeExpenses": 2547000000,
    "otherExpenses": 1233000000,
    "operatingExpenses": 4530000000,
    "costAndExpenses": 7128000000,
    "interestIncome": 0,
    "interestExpense": 137000000,
    "depreciationAndAmortization": 671000000,
    "ebitda": 1641000000,
    "ebitdaratio": 0.2054588707,
    "operatingIncome": 859000000,
    "operatingIncomeRatio": 0.1075497684,
    "totalOtherIncomeExpensesNet": -26000000,
    "incomeBeforeTax": 833000000,
    "incomeBeforeTaxRatio": 0.1042944785,
    "incomeTaxExpense": 64000000,
    "netIncome": 763000000,
    "netIncomeRatio": 0.0955302366,
    "eps": 0.57,
    "epsdiluted": 0.56,
    "weightedAverageShsOut": 1344500000,
    "weightedAverageShsOutDil": 1356400000,
    "link": "https://www.sec.gov/Archives/edgar/data/1613103/000161310321000042/0001613103-21-000042-index.htm",
    "finalLink": "https://www.sec.gov/Archives/edgar/data/1613103/000161310321000042/mdt-20210730.htm"
  },
  {
    "date": "2021-04-30",
    "symbol": "MDT",
    "reportedCurrency": "USD",
    "cik": "0001613103",
    "fillingDate": "2021-06-25",
    "acceptedDate": "2021-06-25 16:51:46",
    "calendarYear": "2021",
    "period": "Q4",
    "revenue": 8188000000,
    "costOfRevenue": 2653000000,
    "grossProfit": 5535000000,
    "grossProfitRatio": 0.6759892526,
    "researchAndDevelopmentExpenses": 632000000,
    "generalAndAdministrativeExpenses": 0,
    "sellingAndMarketingExpenses": 0,
    "sellingGeneralAndAdministrativeExpenses": 2595000000,
    "otherExpenses": 703000000,
    "operatingExpenses": 3930000000,
    "costAndExpenses": 6583000000,
    "interestIncome": 0,
    "interestExpense": 142000000,
    "depreciationAndAmortization": 684000000,
    "ebitda": 2392000000,
    "ebitdaratio": 0.2921348315,
    "operatingIncome": 1605000000,
    "operatingIncomeRatio": 0.1960185638,
    "totalOtherIncomeExpensesNet": -39000000,
    "incomeBeforeTax": 1566000000,
    "incomeBeforeTaxRatio": 0.1912554958,
    "incomeTaxExpense": 200000000,
    "netIncome": 1361000000,
    "netIncomeRatio": 0.1662188569,
    "eps": 1.01,
    "epsdiluted": 1,
    "weightedAverageShsOut": 1347300000,
    "weightedAverageShsOutDil": 1358400000,
    "link": "https://www.sec.gov/Archives/edgar/data/1613103/000161310321000027/0001613103-21-000027-index.htm",
    "finalLink": "https://www.sec.gov/Archives/edgar/data/1613103/000161310321000027/mdt-20210430.htm"
  },
  {
    "date": "2021-01-29",
    "symbol": "MDT",
    "reportedCurrency": "USD",
    "cik": "0001613103",
    "fillingDate": "2021-03-05",
    "acceptedDate": "2021-03-05 16:56:33",
    "calendarYear": "2021",
    "period": "Q3",
    "revenue": 7775000000,
    "costOfRevenue": 2621000000,
    "grossProfit": 5154000000,
    "grossProfitRatio": 0.6628938907,
    "researchAndDevelopmentExpenses": 601000000,
    "generalAndAdministrativeExpenses": 0,
    "sellingAndMarketingExpenses": 0,
    "sellingGeneralAndAdministrativeExpenses": 2537000000,
    "otherExpenses": 739000000,
    "operatingExpenses": 3877000000,
    "costAndExpenses": 6498000000,
    "interestIncome": 0,
    "interestExpense": 143000000,
    "depreciationAndAmortization": 678000000,
    "ebitda": 2041000000,
    "ebitdaratio": 0.2625080386,
    "operatingIncome": 1277000000,
    "operatingIncomeRatio": 0.164244373,
    "totalOtherIncomeExpensesNet": -57000000,
    "incomeBeforeTax": 1220000000,
    "incomeBeforeTaxRatio": 0.1569131833,
    "incomeTaxExpense": -59000000,
    "netIncome": 1270000000,
    "netIncomeRatio": 0.1633440514,
    "eps": 0.94,
    "epsdiluted": 0.94,
    "weightedAverageShsOut": 1346400000,
    "weightedAverageShsOutDil": 1356000000,
    "link": "https://www.sec.gov/Archives/edgar/data/1613103/000161310321000009/0001613103-21-000009-index.htm",
    "finalLink": "https://www.sec.gov/Archives/edgar/data/1613103/000161310321000009/mdt-20210129.htm"
  },
  {
    "date": "2020-10-30",
    "symbol": "MDT",
    "reportedCurrency": "USD",
    "cik": "0001613103",
    "fillingDate": "2020-12-03",
    "acceptedDate": "2020-12-03 16:15:10",
    "calendarYear": "2021",
    "period": "Q2",
    "revenue": 7647000000,
    "costOfRevenue": 2705000000,
    "grossProfit": 4942000000,
    "grossProfitRatio": 0.6462665097,
    "researchAndDevelopmentExpenses": 639000000,
    "generalAndAdministrativeExpenses": 0,
    "sellingAndMarketingExpenses": 0,
    "sellingGeneralAndAdministrativeExpenses": 2600000000,
    "otherExpenses": 773000000,
    "operatingExpenses": 4012000000,
    "costAndExpenses": 6717000000,
    "interestIncome": 0,
    "interestExpense": 470000000,
    "depreciationAndAmortization": 671000000,
    "ebitda": 1666000000,
    "ebitdaratio": 0.2178632143,
    "operatingIncome": 930000000,
    "operatingIncomeRatio": 0.1216163201,
    "totalOtherIncomeExpensesNet": -405000000,
    "incomeBeforeTax": 525000000,
    "incomeBeforeTaxRatio": 0.0686543743,
    "incomeTaxExpense": 31000000,
    "netIncome": 489000000,
    "netIncomeRatio": 0.0639466457,
    "eps": 0.36,
    "epsdiluted": 0.36,
    "weightedAverageShsOut": 1344400000,
    "weightedAverageShsOutDil": 1352100000,
    "link": "https://www.sec.gov/Archives/edgar/data/1613103/000161310320000051/0001613103-20-000051-index.htm",
    "finalLink": "https://www.sec.gov/Archives/edgar/data/1613103/000161310320000051/mdt-20201030.htm"
  },
  {
    "date": "2020-07-31",
    "symbol": "MDT",
    "reportedCurrency": "USD",
    "cik": "0001613103",
    "fillingDate": "2020-09-03",
    "acceptedDate": "2020-09-03 16:14:45",
    "calendarYear": "2021",
    "period": "Q1",
    "revenue": 6507000000,
    "costOfRevenue": 2505000000,
    "grossProfit": 4002000000,
    "grossProfitRatio": 0.6150299677,
    "researchAndDevelopmentExpenses": 621000000,
    "generalAndAdministrativeExpenses": 0,
    "sellingAndMarketingExpenses": 0,
    "sellingGeneralAndAdministrativeExpenses": 2417000000,
    "otherExpenses": 291000000,
    "operatingExpenses": 3329000000,
    "costAndExpenses": 5834000000,
    "interestIncome": 0,
    "interestExpense": 171000000,
    "depreciationAndAmortization": 669000000,
    "ebitda": 1424000000,
    "ebitdaratio": 0.2188412479,
    "operatingIncome": 673000000,
    "operatingIncomeRatio": 0.1034270785,
    "totalOtherIncomeExpensesNet": -89000000,
    "incomeBeforeTax": 584000000,
    "incomeBeforeTaxRatio": 0.0897495005,
    "incomeTaxExpense": 93000000,
    "netIncome": 487000000,
    "netIncomeRatio": 0.0748424773,
    "eps": 0.36,
    "epsdiluted": 0.36,
    "weightedAverageShsOut": 1341900000,
    "weightedAverageShsOutDil": 1350000000,
    "link": "https://www.sec.gov/Archives/edgar/data/1613103/000161310320000033/0001613103-20-000033-index.htm",
    "finalLink": "https://www.sec.gov/Archives/edgar/data/1613103/000161310320000033/mdt-20200731.htm"
  },
  {
    "date": "2020-04-24",
    "symbol": "MDT",
    "reportedCurrency": "USD",
    "cik": "0001613103",
    "fillingDate": "2020-06-19",
    "acceptedDate": "2020-06-19 16:28:08",
    "calendarYear": "2020",
    "period": "Q4",
    "revenue": 5998000000,
    "costOfRevenue": 2264000000,
    "grossProfit": 3733000000,
    "grossProfitRatio": 0.6223741247,
    "researchAndDevelopmentExpenses": 567000000,
    "generalAndAdministrativeExpenses": 0,
    "sellingAndMarketingExpenses": 0,
    "sellingGeneralAndAdministrativeExpenses": 2359000000,
    "otherExpenses": 490000000,
    "operatingExpenses": 3417000000,
    "costAndExpenses": 5681000000,
    "interestIncome": 0,
    "interestExpense": 162000000,
    "depreciationAndAmortization": 672000000,
    "ebitda": 1039000000,
    "ebitdaratio": 0.1732244081,
    "operatingIncome": 316000000,
    "operatingIncomeRatio": 0.0526842281,
    "totalOtherIncomeExpensesNet": -111000000,
    "incomeBeforeTax": 205000000,
    "incomeBeforeTaxRatio": 0.0341780594,
    "incomeTaxExpense": -434000000,
    "netIncome": 646000000,
    "netIncomeRatio": 0.1077025675,
    "eps": 0.48,
    "epsdiluted": 0.48,
    "weightedAverageShsOut": 1340600000,
    "weightedAverageShsOutDil": 1349500000,
    "link": "https://www.sec.gov/Archives/edgar/data/1613103/000161310320000021/0001613103-20-000021-index.htm",
    "finalLink": "https://www.sec.gov/Archives/edgar/data/1613103/000161310320000021/mdt-20200424.htm"
  },
  {
    "date": "2020-01-24",
    "symbol": "MDT",
    "reportedCurrency": "USD",
    "cik": "0001613103",
    "fillingDate": "2020-02-28",
    "acceptedDate": "2020-02-28 06:49:49",
    "calendarYear": "2020",
    "period": "Q3",
    "revenue": 7717000000,
    "costOfRevenue": 2400000000,
    "grossProfit": 5317000000,
    "grossProfitRatio": 0.6889983154,
    "researchAndDevelopmentExpenses": 573000000,
    "generalAndAdministrativeExpenses": 0,
    "sellingAndMarketingExpenses": 0,
    "sellingGeneralAndAdministrativeExpenses": 2587000000,
    "otherExpenses": 518000000,
    "operatingExpenses": 3678000000,
    "costAndExpenses": 6078000000,
    "interestIncome": 0,
    "interestExpense": 156000000,
    "depreciationAndAmortization": 663000000,
    "ebitda": 2398000000,
    "ebitdaratio": 0.3107425165,
    "operatingIncome": 1639000000,
    "operatingIncomeRatio": 0.2123882338,
    "totalOtherIncomeExpensesNet": -60000000,
    "incomeBeforeTax": 1579000000,
    "incomeBeforeTaxRatio": 0.2046131917,
    "incomeTaxExpense": -340000000,
    "netIncome": 1915000000,
    "netIncomeRatio": 0.2481534275,
    "eps": 1.43,
    "epsdiluted": 1.42,
    "weightedAverageShsOut": 1340500000,
    "weightedAverageShsOutDil": 1351500000,
    "link": "https://www.sec.gov/Archives/edgar/data/1613103/000161310320000007/0001613103-20-000007-index.htm",
    "finalLink": "https://www.sec.gov/Archives/edgar/data/1613103/000161310320000007/mdt-20200124.htm"
  },
  {
    "date": "2019-10-25",
    "symbol": "MDT",
    "reportedCurrency": "USD",
    "cik": "0001613103",
    "fillingDate": "2019-12-03",
    "acceptedDate": "2019-12-03 16:11:13",
    "calendarYear": "2020",
    "period": "Q2",
    "revenue": 7706000000,
    "costOfRevenue": 2394000000,
    "grossProfit": 5312000000,
    "grossProfitRatio": 0.6893329873,
    "researchAndDevelopmentExpenses": 603000000,
    "generalAndAdministrativeExpenses": 0,
    "sellingAndMarketingExpenses": 0,
    "sellingGeneralAndAdministrativeExpenses": 2620000000,
    "otherExpenses": 738000000,
    "operatingExpenses": 3961000000,
    "costAndExpenses": 6355000000,
    "interestIncome": 0,
    "interestExpense": 165000000,
    "depreciationAndAmortization": 671000000,
    "ebitda": 2130000000,
    "ebitdaratio": 0.2764079938,
    "operatingIncome": 1351000000,
    "operatingIncomeRatio": 0.1753179341,
    "totalOtherIncomeExpensesNet": -57000000,
    "incomeBeforeTax": 1294000000,
    "incomeBeforeTaxRatio": 0.1679211004,
    "incomeTaxExpense": -77000000,
    "netIncome": 1364000000,
    "netIncomeRatio": 0.1770049312,
    "eps": 1.02,
    "epsdiluted": 1.01,
    "weightedAverageShsOut": 1340800000,
    "weightedAverageShsOutDil": 1351400000,
    "link": "https://www.sec.gov/Archives/edgar/data/1613103/000161310319000056/0001613103-19-000056-index.htm",
    "finalLink": "https://www.sec.gov/Archives/edgar/data/1613103/000161310319000056/mdt-20191025.htm"
  },
  {
    "date": "2019-07-26",
    "symbol": "MDT",
    "reportedCurrency": "USD",
    "cik": "0001613103",
    "fillingDate": "2019-08-30",
    "acceptedDate": "2019-08-30 06:46:32",
    "calendarYear": "2020",
    "period": "Q1",
    "revenue": 7493000000,
    "costOfRevenue": 2366000000,
    "grossProfit": 5127000000,
    "grossProfitRatio": 0.6842386227,
    "researchAndDevelopmentExpenses": 587000000,
    "generalAndAdministrativeExpenses": 0,
    "sellingAndMarketingExpenses": 0,
    "sellingGeneralAndAdministrativeExpenses": 2543000000,
    "otherExpenses": 512000000,
    "operatingExpenses": 3642000000,
    "costAndExpenses": 6008000000,
    "interestIncome": 0,
    "interestExpense": 609000000,
    "depreciationAndAmortization": 657000000,
    "ebitda": 2243000000,
    "ebitdaratio": 0.2993460563,
    "operatingIncome": 1485000000,
    "operatingIncomeRatio": 0.1981849726,
    "totalOtherIncomeExpensesNet": -508000000,
    "incomeBeforeTax": 977000000,
    "incomeBeforeTaxRatio": 0.1303883625,
    "incomeTaxExpense": 100000000,
    "netIncome": 864000000,
    "netIncomeRatio": 0.1153076204,
    "eps": 0.64,
    "epsdiluted": 0.64,
    "weightedAverageShsOut": 1340800000,
    "weightedAverageShsOutDil": 1351900000,
    "link": "https://www.sec.gov/Archives/edgar/data/1613103/000161310319000038/0001613103-19-000038-index.htm",
    "finalLink": "https://www.sec.gov/Archives/edgar/data/1613103/000161310319000038/mdt-2020q1x10q.htm"
  },
  {
    "date": "2019-04-26",
    "symbol": "MDT",
    "reportedCurrency": "USD",
    "cik": "0001613103",
    "fillingDate": "2019-06-21",
    "acceptedDate": "2019-06-21 06:53:12",
    "calendarYear": "2019",
    "period": "Q4",
    "revenue": 8146000000,
    "costOfRevenue": 2483000000,
    "grossProfit": 5663000000,
    "grossProfitRatio": 0.6951878222,
    "researchAndDevelopmentExpenses": 594000000,
    "generalAndAdministrativeExpenses": 0,
    "sellingAndMarketingExpenses": 0,
    "sellingGeneralAndAdministrativeExpenses": 2620000000,
    "otherExpenses": 503000000,
    "operatingExpenses": 3717000000,
    "costAndExpenses": 6200000000,
    "interestIncome": 0,
    "interestExpense": 718000000,
    "depreciationAndAmortization": 667000000,
    "ebitda": 2677000000,
    "ebitdaratio": 0.3286275473,
    "operatingIncome": 1946000000,
    "operatingIncomeRatio": 0.2388902529,
    "totalOtherIncomeExpensesNet": -654000000,
    "incomeBeforeTax": 1292000000,
    "incomeBeforeTaxRatio": 0.1586054505,
    "incomeTaxExpense": 110000000,
    "netIncome": 1172000000,
    "netIncomeRatio": 0.1438742941,
    "eps": 0.87,
    "epsdiluted": 0.87,
    "weightedAverageShsOut": 1340600000,
    "weightedAverageShsOutDil": 1350800000,
    "link": "https://www.sec.gov/Archives/edgar/data/1613103/000161310319000028/0001613103-19-000028-index.htm",
    "finalLink": "https://www.sec.gov/Archives/edgar/data/1613103/000161310319000028/mdt-2019426x10k.htm"
  },
  {
    "date": "2019-01-25",
    "symbol": "MDT",
    "reportedCurrency": "USD",
    "cik": "0001613103",
    "fillingDate": "2019-03-01",
    "acceptedDate": "2019-03-01 07:06:38",
    "calendarYear": "2019",
    "period": "Q3",
    "revenue": 7546000000,
    "costOfRevenue": 2265000000,
    "grossProfit": 5281000000,
    "grossProfitRatio": 0.6998409754,
    "researchAndDevelopmentExpenses": 561000000,
    "generalAndAdministrativeExpenses": 0,
    "sellingAndMarketingExpenses": 0,
    "sellingGeneralAndAdministrativeExpenses": 2596000000,
    "otherExpenses": 582000000,
    "operatingExpenses": 3739000000,
    "costAndExpenses": 6004000000,
    "interestIncome": 0,
    "interestExpense": 243000000,
    "depreciationAndAmortization": 675000000,
    "ebitda": 2288000000,
    "ebitdaratio": 0.3032069971,
    "operatingIncome": 1542000000,
    "operatingIncomeRatio": 0.2043466737,
    "totalOtherIncomeExpensesNet": -172000000,
    "incomeBeforeTax": 1370000000,
    "incomeBeforeTaxRatio": 0.1815531407,
    "incomeTaxExpense": 99000000,
    "netIncome": 1269000000,
    "netIncomeRatio": 0.1681685661,
    "eps": 0.95,
    "epsdiluted": 0.94,
    "weightedAverageShsOut": 1342800000,
    "weightedAverageShsOutDil": 1352700000,
    "link": "https://www.sec.gov/Archives/edgar/data/1613103/000161310319000012/0001613103-19-000012-index.htm",
    "finalLink": "https://www.sec.gov/Archives/edgar/data/1613103/000161310319000012/mdt-2019q3x10q.htm"
  },
  {
    "date": "2018-10-26",
    "symbol": "MDT",
    "reportedCurrency": "USD",
    "cik": "0001613103",
    "fillingDate": "2018-11-29",
    "acceptedDate": "2018-11-29 17:10:22",
    "calendarYear": "2019",
    "period": "Q2",
    "revenue": 7481000000,
    "costOfRevenue": 2203000000,
    "grossProfit": 5278000000,
    "grossProfitRatio": 0.7055206523,
    "researchAndDevelopmentExpenses": 590000000,
    "generalAndAdministrativeExpenses": 0,
    "sellingAndMarketingExpenses": 0,
    "sellingGeneralAndAdministrativeExpenses": 2605000000,
    "otherExpenses": 539000000,
    "operatingExpenses": 3734000000,
    "costAndExpenses": 5937000000,
    "interestIncome": 0,
    "interestExpense": 241000000,
    "depreciationAndAmortization": 651000000,
    "ebitda": 2247000000,
    "ebitdaratio": 0.3003609143,
    "operatingIncome": 1544000000,
    "operatingIncomeRatio": 0.2063895201,
    "totalOtherIncomeExpensesNet": -189000000,
    "incomeBeforeTax": 1355000000,
    "incomeBeforeTaxRatio": 0.181125518,
    "incomeTaxExpense": 235000000,
    "netIncome": 1115000000,
    "netIncomeRatio": 0.1490442454,
    "eps": 0.83,
    "epsdiluted": 0.82,
    "weightedAverageShsOut": 1349200000,
    "weightedAverageShsOutDil": 1360900000,
    "link": "https://www.sec.gov/Archives/edgar/data/1613103/000161310318000044/0001613103-18-000044-index.htm",
    "finalLink": "https://www.sec.gov/Archives/edgar/data/1613103/000161310318000044/mdt-2019q2x10q.htm"
  },
  {
    "date": "2018-07-27",
    "symbol": "MDT",
    "reportedCurrency": "USD",
    "cik": "0001613103",
    "fillingDate": "2018-08-31",
    "acceptedDate": "2018-08-31 06:38:44",
    "calendarYear": "2019",
    "period": "Q1",
    "revenue": 7384000000,
    "costOfRevenue": 2204000000,
    "grossProfit": 5180000000,
    "grossProfitRatio": 0.7015167931,
    "researchAndDevelopmentExpenses": 585000000,
    "generalAndAdministrativeExpenses": 0,
    "sellingAndMarketingExpenses": 0,
    "sellingGeneralAndAdministrativeExpenses": 2597000000,
    "otherExpenses": 762000000,
    "operatingExpenses": 3944000000,
    "costAndExpenses": 6148000000,
    "interestIncome": 0,
    "interestExpense": 242000000,
    "depreciationAndAmortization": 666000000,
    "ebitda": 2088000000,
    "ebitdaratio": 0.2827735645,
    "operatingIncome": 1236000000,
    "operatingIncomeRatio": 0.1673889491,
    "totalOtherIncomeExpensesNet": -56000000,
    "incomeBeforeTax": 1180000000,
    "incomeBeforeTaxRatio": 0.1598049837,
    "incomeTaxExpense": 103000000,
    "netIncome": 1075000000,
    "netIncomeRatio": 0.1455850488,
    "eps": 0.79,
    "epsdiluted": 0.79,
    "weightedAverageShsOut": 1352700000,
    "weightedAverageShsOutDil": 1365400000,
    "link": "https://www.sec.gov/Archives/edgar/data/1613103/000161310318000032/0001613103-18-000032-index.htm",
    "finalLink": "https://www.sec.gov/Archives/edgar/data/1613103/000161310318000032/mdt-2019q1x10q.htm"
  },
  {
    "date": "2018-04-27",
    "symbol": "MDT",
    "reportedCurrency": "USD",
    "cik": "0001613103",
    "fillingDate": "2018-06-22",
    "acceptedDate": "2018-06-22 07:04:30",
    "calendarYear": "2018",
    "period": "Q4",
    "revenue": 8144000000,
    "costOfRevenue": 2395000000,
    "grossProfit": 5749000000,
    "grossProfitRatio": 0.7059184676,
    "researchAndDevelopmentExpenses": 592000000,
    "generalAndAdministrativeExpenses": 0,
    "sellingAndMarketingExpenses": 0,
    "sellingGeneralAndAdministrativeExpenses": 2552000000,
    "otherExpenses": 670000000,
    "operatingExpenses": 3814000000,
    "costAndExpenses": 6209000000,
    "interestIncome": 107000000,
    "interestExpense": 317000000,
    "depreciationAndAmortization": 664000000,
    "ebitda": 2706000000,
    "ebitdaratio": 0.3322691552,
    "operatingIncome": 1935000000,
    "operatingIncomeRatio": 0.2375982318,
    "totalOtherIncomeExpensesNet": -210000000,
    "incomeBeforeTax": 1725000000,
    "incomeBeforeTaxRatio": 0.2118123772,
    "incomeTaxExpense": 260000000,
    "netIncome": 1460000000,
    "netIncomeRatio": 0.1792730845,
    "eps": 1.08,
    "epsdiluted": 1.07,
    "weightedAverageShsOut": 1354900000,
    "weightedAverageShsOutDil": 1366000000,
    "link": "https://www.sec.gov/Archives/edgar/data/1613103/000161310318000024/0001613103-18-000024-index.htm",
    "finalLink": "https://www.sec.gov/Archives/edgar/data/1613103/000161310318000024/mdt-2018427x10k.htm"
  },
  {
    "date": "2018-01-26",
    "symbol": "MDT",
    "reportedCurrency": "USD",
    "cik": "0001613103",
    "fillingDate": "2018-03-02",
    "acceptedDate": "2018-03-02 17:29:00",
    "calendarYear": "2018",
    "period": "Q3",
    "revenue": 7369000000,
    "costOfRevenue": 2194000000,
    "grossProfit": 5175000000,
    "grossProfitRatio": 0.7022662505,
    "researchAndDevelopmentExpenses": 559000000,
    "generalAndAdministrativeExpenses": 0,
    "sellingAndMarketingExpenses": 0,
    "sellingGeneralAndAdministrativeExpenses": 2523000000,
    "otherExpenses": 657000000,
    "operatingExpenses": 3739000000,
    "costAndExpenses": 5933000000,
    "interestIncome": 98000000,
    "interestExpense": 270000000,
    "depreciationAndAmortization": 666000000,
    "ebitda": 1963000000,
    "ebitdaratio": 0.2663862125,
    "operatingIncome": 1436000000,
    "operatingIncomeRatio": 0.194870403,
    "totalOtherIncomeExpensesNet": -409000000,
    "incomeBeforeTax": 1027000000,
    "incomeBeforeTaxRatio": 0.1393676211,
    "incomeTaxExpense": 2419000000,
    "netIncome": -1389000000,
    "netIncomeRatio": -0.1884923327,
    "eps": -1.03,
    "epsdiluted": -1.03,
    "weightedAverageShsOut": 1348544000,
    "weightedAverageShsOutDil": 1354000000,
    "link": "https://www.sec.gov/Archives/edgar/data/1613103/000161310318000009/0001613103-18-000009-index.htm",
    "finalLink": "https://www.sec.gov/Archives/edgar/data/1613103/000161310318000009/mdt-2018q3x10q.htm"
  },
  {
    "date": "2017-10-27",
    "symbol": "MDT",
    "reportedCurrency": "USD",
    "cik": "0001613103",
    "fillingDate": "2017-12-04",
    "acceptedDate": "2017-12-04 16:30:39",
    "calendarYear": "2018",
    "period": "Q2",
    "revenue": 7050000000,
    "costOfRevenue": 2123000000,
    "grossProfit": 4927000000,
    "grossProfitRatio": 0.6988652482,
    "researchAndDevelopmentExpenses": 556000000,
    "generalAndAdministrativeExpenses": 0,
    "sellingAndMarketingExpenses": 0,
    "sellingGeneralAndAdministrativeExpenses": 2539000000,
    "otherExpenses": -62000000,
    "operatingExpenses": 3033000000,
    "costAndExpenses": 5156000000,
    "interestIncome": 100000000,
    "interestExpense": 273000000,
    "depreciationAndAmortization": 678000000,
    "ebitda": 1883000000,
    "ebitdaratio": 0.2670921986,
    "operatingIncome": 1894000000,
    "operatingIncomeRatio": 0.2686524823,
    "totalOtherIncomeExpensesNet": -166000000,
    "incomeBeforeTax": 1728000000,
    "incomeBeforeTaxRatio": 0.245106383,
    "incomeTaxExpense": -285000000,
    "netIncome": 2017000000,
    "netIncomeRatio": 0.2860992908,
    "eps": 1.49,
    "epsdiluted": 1.48,
    "weightedAverageShsOut": 1355100000,
    "weightedAverageShsOutDil": 1365800000,
    "link": "https://www.sec.gov/Archives/edgar/data/1613103/000161310317000047/0001613103-17-000047-index.htm",
    "finalLink": "https://www.sec.gov/Archives/edgar/data/1613103/000161310317000047/mdt-2018q2x10q.htm"
  },
  {
    "date": "2017-07-28",
    "symbol": "MDT",
    "reportedCurrency": "USD",
    "cik": "0001613103",
    "fillingDate": "2017-09-01",
    "acceptedDate": "2017-09-01 06:46:57",
    "calendarYear": "2018",
    "period": "Q1",
    "revenue": 7390000000,
    "costOfRevenue": 2352000000,
    "grossProfit": 5038000000,
    "grossProfitRatio": 0.6817320704,
    "researchAndDevelopmentExpenses": 548000000,
    "generalAndAdministrativeExpenses": 0,
    "sellingAndMarketingExpenses": 0,
    "sellingGeneralAndAdministrativeExpenses": 2580000000,
    "otherExpenses": 527000000,
    "operatingExpenses": 3656000000,
    "costAndExpenses": 6008000000,
    "interestIncome": 92000000,
    "interestExpense": 286000000,
    "depreciationAndAmortization": 636000000,
    "ebitda": 2026000000,
    "ebitdaratio": 0.2741542625,
    "operatingIncome": 1382000000,
    "operatingIncomeRatio": 0.1870094723,
    "totalOtherIncomeExpensesNet": -187000000,
    "incomeBeforeTax": 1195000000,
    "incomeBeforeTaxRatio": 0.1617050068,
    "incomeTaxExpense": 186000000,
    "netIncome": 1016000000,
    "netIncomeRatio": 0.1374830853,
    "eps": 0.75,
    "epsdiluted": 0.74,
    "weightedAverageShsOut": 1361900000,
    "weightedAverageShsOutDil": 1375600000,
    "link": "https://www.sec.gov/Archives/edgar/data/1613103/000161310317000027/0001613103-17-000027-index.htm",
    "finalLink": "https://www.sec.gov/Archives/edgar/data/1613103/000161310317000027/mdt-2018q1x10q.htm"
  },
  {
    "date": "2017-04-28",
    "symbol": "MDT",
    "reportedCurrency": "USD",
    "cik": "0001613103",
    "fillingDate": "2017-06-27",
    "acceptedDate": "2017-06-27 16:19:46",
    "calendarYear": "2017",
    "period": "Q4",
    "revenue": 7916000000,
    "costOfRevenue": 2436000000,
    "grossProfit": 5480000000,
    "grossProfitRatio": 0.6922688226,
    "researchAndDevelopmentExpenses": 553000000,
    "generalAndAdministrativeExpenses": 0,
    "sellingAndMarketingExpenses": 0,
    "sellingGeneralAndAdministrativeExpenses": 2479000000,
    "otherExpenses": 817000000,
    "operatingExpenses": 3849000000,
    "costAndExpenses": 6285000000,
    "interestIncome": 94000000,
    "interestExpense": 290000000,
    "depreciationAndAmortization": 718000000,
    "ebitda": 2443000000,
    "ebitdaratio": 0.3086154624,
    "operatingIncome": 1631000000,
    "operatingIncomeRatio": 0.2060384032,
    "totalOtherIncomeExpensesNet": -196000000,
    "incomeBeforeTax": 1435000000,
    "incomeBeforeTaxRatio": 0.1812784234,
    "incomeTaxExpense": 271000000,
    "netIncome": 1163000000,
    "netIncomeRatio": 0.1469176352,
    "eps": 0.85,
    "epsdiluted": 0.84,
    "weightedAverageShsOut": 1369000000,
    "weightedAverageShsOutDil": 1380600000,
    "link": "https://www.sec.gov/Archives/edgar/data/1613103/000161310317000018/0001613103-17-000018-index.htm",
    "finalLink": "https://www.sec.gov/Archives/edgar/data/1613103/000161310317000018/mdt-2017428x10k.htm"
  },
  {
    "date": "2017-01-27",
    "symbol": "MDT",
    "reportedCurrency": "USD",
    "cik": "0001613103",
    "fillingDate": "2017-03-03",
    "acceptedDate": "2017-03-03 17:14:33",
    "calendarYear": "2017",
    "period": "Q3",
    "revenue": 7283000000,
    "costOfRevenue": 2268000000,
    "grossProfit": 5015000000,
    "grossProfitRatio": 0.6885898668,
    "researchAndDevelopmentExpenses": 530000000,
    "generalAndAdministrativeExpenses": 0,
    "sellingAndMarketingExpenses": 0,
    "sellingGeneralAndAdministrativeExpenses": 2388000000,
    "otherExpenses": 950000000,
    "operatingExpenses": 3868000000,
    "costAndExpenses": 6136000000,
    "interestIncome": 88000000,
    "interestExpense": 268000000,
    "depreciationAndAmortization": 730000000,
    "ebitda": 1965000000,
    "ebitdaratio": 0.2698063985,
    "operatingIncome": 1147000000,
    "operatingIncomeRatio": 0.1574900453,
    "totalOtherIncomeExpensesNet": -180000000,
    "incomeBeforeTax": 967000000,
    "incomeBeforeTaxRatio": 0.1327749554,
    "incomeTaxExpense": 147000000,
    "netIncome": 821000000,
    "netIncomeRatio": 0.1127282713,
    "eps": 0.6,
    "epsdiluted": 0.59,
    "weightedAverageShsOut": 1372200000,
    "weightedAverageShsOutDil": 1383100000,
    "link": "https://www.sec.gov/Archives/edgar/data/1613103/000161310317000008/0001613103-17-000008-index.htm",
    "finalLink": "https://www.sec.gov/Archives/edgar/data/1613103/000161310317000008/mdt-2017q3x10q.htm"
  },
  {
    "date": "2016-10-28",
    "symbol": "MDT",
    "reportedCurrency": "USD",
    "cik": "0001613103",
    "fillingDate": "2016-12-05",
    "acceptedDate": "2016-12-05 17:17:06",
    "calendarYear": "2017",
    "period": "Q2",
    "revenue": 7345000000,
    "costOfRevenue": 2326000000,
    "grossProfit": 5019000000,
    "grossProfitRatio": 0.6833219877,
    "researchAndDevelopmentExpenses": 554000000,
    "generalAndAdministrativeExpenses": 0,
    "sellingAndMarketingExpenses": 0,
    "sellingGeneralAndAdministrativeExpenses": 2416000000,
    "otherExpenses": 664000000,
    "operatingExpenses": 3634000000,
    "costAndExpenses": 5960000000,
    "interestIncome": 91000000,
    "interestExpense": 264000000,
    "depreciationAndAmortization": 732000000,
    "ebitda": 2208000000,
    "ebitdaratio": 0.3006126617,
    "operatingIncome": 1385000000,
    "operatingIncomeRatio": 0.1885636487,
    "totalOtherIncomeExpensesNet": -173000000,
    "incomeBeforeTax": 1212000000,
    "incomeBeforeTaxRatio": 0.165010211,
    "incomeTaxExpense": 101000000,
    "netIncome": 1115000000,
    "netIncomeRatio": 0.1518039483,
    "eps": 0.81,
    "epsdiluted": 0.8,
    "weightedAverageShsOut": 1380000000,
    "weightedAverageShsOutDil": 1392500000,
    "link": "https://www.sec.gov/Archives/edgar/data/1613103/000161310316000123/0001613103-16-000123-index.htm",
    "finalLink": "https://www.sec.gov/Archives/edgar/data/1613103/000161310316000123/mdt-2017q2x10q.htm"
  },
  {
    "date": "2016-07-29",
    "symbol": "MDT",
    "reportedCurrency": "USD",
    "cik": "0001613103",
    "fillingDate": "2016-09-07",
    "acceptedDate": "2016-09-07 06:45:19",
    "calendarYear": "2017",
    "period": "Q1",
    "revenue": 7166000000,
    "costOfRevenue": 2261000000,
    "grossProfit": 4905000000,
    "grossProfitRatio": 0.6844822774,
    "researchAndDevelopmentExpenses": 556000000,
    "generalAndAdministrativeExpenses": 0,
    "sellingAndMarketingExpenses": 0,
    "sellingGeneralAndAdministrativeExpenses": 2428000000,
    "otherExpenses": 754000000,
    "operatingExpenses": 3738000000,
    "costAndExpenses": 5999000000,
    "interestIncome": 93000000,
    "interestExpense": 272000000,
    "depreciationAndAmortization": 737000000,
    "ebitda": 1997000000,
    "ebitdaratio": 0.2786770862,
    "operatingIncome": 1167000000,
    "operatingIncomeRatio": 0.1628523584,
    "totalOtherIncomeExpensesNet": -179000000,
    "incomeBeforeTax": 988000000,
    "incomeBeforeTaxRatio": 0.1378732905,
    "incomeTaxExpense": 59000000,
    "netIncome": 929000000,
    "netIncomeRatio": 0.1296399665,
    "eps": 0.67,
    "epsdiluted": 0.66,
    "weightedAverageShsOut": 1392200000,
    "weightedAverageShsOutDil": 1407100000,
    "link": "https://www.sec.gov/Archives/edgar/data/1613103/000161310316000100/0001613103-16-000100-index.htm",
    "finalLink": "https://www.sec.gov/Archives/edgar/data/1613103/000161310316000100/mdt-2017q1x10q.htm"
  },
  {
    "date": "2016-04-29",
    "symbol": "MDT",
    "reportedCurrency": "USD",
    "cik": "0001613103",
    "fillingDate": "2016-06-28",
    "acceptedDate": "2016-06-28 06:46:34",
    "calendarYear": "2016",
    "period": "Q4",
    "revenue": 7567000000,
    "costOfRevenue": 2363000000,
    "grossProfit": 5204000000,
    "grossProfitRatio": 0.6877230078,
    "researchAndDevelopmentExpenses": 575000000,
    "generalAndAdministrativeExpenses": 0,
    "sellingAndMarketingExpenses": 0,
    "sellingGeneralAndAdministrativeExpenses": 2360000000,
    "otherExpenses": 764000000,
    "operatingExpenses": 3699000000,
    "costAndExpenses": 6062000000,
    "interestIncome": 110000000,
    "interestExpense": 481000000,
    "depreciationAndAmortization": 708000000,
    "ebitda": 2323000000,
    "ebitdaratio": 0.3069908815,
    "operatingIncome": 1505000000,
    "operatingIncomeRatio": 0.1988899167,
    "totalOtherIncomeExpensesNet": -371000000,
    "incomeBeforeTax": 1134000000,
    "incomeBeforeTaxRatio": 0.1498612396,
    "incomeTaxExpense": 31000000,
    "netIncome": 1104000000,
    "netIncomeRatio": 0.1458966565,
    "eps": 0.79,
    "epsdiluted": 0.78,
    "weightedAverageShsOut": 1400700000,
    "weightedAverageShsOutDil": 1416300000,
    "link": "https://www.sec.gov/Archives/edgar/data/1613103/000161310316000093/0001613103-16-000093-index.htm",
    "finalLink": "https://www.sec.gov/Archives/edgar/data/1613103/000161310316000093/mdt-2016429x10k.htm"
  },
  {
    "date": "2016-01-29",
    "symbol": "MDT",
    "reportedCurrency": "USD",
    "cik": "0001613103",
    "fillingDate": "2016-03-09",
    "acceptedDate": "2016-03-09 17:27:19",
    "calendarYear": "2016",
    "period": "Q3",
    "revenue": 6934000000,
    "costOfRevenue": 2141000000,
    "grossProfit": 4793000000,
    "grossProfitRatio": 0.6912316123,
    "researchAndDevelopmentExpenses": 546000000,
    "generalAndAdministrativeExpenses": 0,
    "sellingAndMarketingExpenses": 0,
    "sellingGeneralAndAdministrativeExpenses": 2317000000,
    "otherExpenses": 575000000,
    "operatingExpenses": 3438000000,
    "costAndExpenses": 5579000000,
    "interestIncome": 99000000,
    "interestExpense": 275000000,
    "depreciationAndAmortization": 715000000,
    "ebitda": 2169000000,
    "ebitdaratio": 0.3128064609,
    "operatingIncome": 1355000000,
    "operatingIncomeRatio": 0.1954139025,
    "totalOtherIncomeExpensesNet": -176000000,
    "incomeBeforeTax": 1179000000,
    "incomeBeforeTaxRatio": 0.1700317277,
    "incomeTaxExpense": 84000000,
    "netIncome": 1095000000,
    "netIncomeRatio": 0.1579175079,
    "eps": 0.78,
    "epsdiluted": 0.77,
    "weightedAverageShsOut": 1406600000,
    "weightedAverageShsOutDil": 1422200000,
    "link": "https://www.sec.gov/Archives/edgar/data/1613103/000161310316000071/0001613103-16-000071-index.htm",
    "finalLink": "https://www.sec.gov/Archives/edgar/data/1613103/000161310316000071/mdt-2016q3x10q.htm"
  },
  {
    "date": "2015-10-30",
    "symbol": "MDT",
    "reportedCurrency": "USD",
    "cik": "0001613103",
    "fillingDate": "2015-12-09",
    "acceptedDate": "2015-12-09 17:18:31",
    "calendarYear": "2016",
    "period": "Q2",
    "revenue": 7058000000,
    "costOfRevenue": 2182000000,
    "grossProfit": 4876000000,
    "grossProfitRatio": 0.6908472655,
    "researchAndDevelopmentExpenses": 545000000,
    "generalAndAdministrativeExpenses": 0,
    "sellingAndMarketingExpenses": 0,
    "sellingGeneralAndAdministrativeExpenses": 2343000000,
    "otherExpenses": 688000000,
    "operatingExpenses": 3576000000,
    "costAndExpenses": 5758000000,
    "interestIncome": 107000000,
    "interestExpense": 324000000,
    "depreciationAndAmortization": 696000000,
    "ebitda": 2103000000,
    "ebitdaratio": 0.297959762,
    "operatingIncome": 1300000000,
    "operatingIncomeRatio": 0.1841881553,
    "totalOtherIncomeExpensesNet": -217000000,
    "incomeBeforeTax": 1083000000,
    "incomeBeforeTaxRatio": 0.1534429017,
    "incomeTaxExpense": 563000000,
    "netIncome": 520000000,
    "netIncomeRatio": 0.0736752621,
    "eps": 0.37,
    "epsdiluted": 0.36,
    "weightedAverageShsOut": 1412900000,
    "weightedAverageShsOutDil": 1428800000,
    "link": "https://www.sec.gov/Archives/edgar/data/1613103/000161310315000053/0001613103-15-000053-index.htm",
    "finalLink": "https://www.sec.gov/Archives/edgar/data/1613103/000161310315000053/mdt-2016q2x10q.htm"
  },
  {
    "date": "2015-07-31",
    "symbol": "MDT",
    "reportedCurrency": "USD",
    "cik": "0001613103",
    "fillingDate": "2015-09-09",
    "acceptedDate": "2015-09-09 16:59:15",
    "calendarYear": "2016",
    "period": "Q1",
    "revenue": 7274000000,
    "costOfRevenue": 2456000000,
    "grossProfit": 4818000000,
    "grossProfitRatio": 0.6623590872,
    "researchAndDevelopmentExpenses": 558000000,
    "generalAndAdministrativeExpenses": 0,
    "sellingAndMarketingExpenses": 0,
    "sellingGeneralAndAdministrativeExpenses": 2449000000,
    "otherExpenses": 680000000,
    "operatingExpenses": 3687000000,
    "costAndExpenses": 6143000000,
    "interestIncome": 115000000,
    "interestExpense": 306000000,
    "depreciationAndAmortization": 701000000,
    "ebitda": 1947000000,
    "ebitdaratio": 0.2676656585,
    "operatingIncome": 1131000000,
    "operatingIncomeRatio": 0.1554852901,
    "totalOtherIncomeExpensesNet": -191000000,
    "incomeBeforeTax": 940000000,
    "incomeBeforeTaxRatio": 0.1292273852,
    "incomeTaxExpense": 120000000,
    "netIncome": 820000000,
    "netIncomeRatio": 0.1127302722,
    "eps": 0.58,
    "epsdiluted": 0.57,
    "weightedAverageShsOut": 1418100000,
    "weightedAverageShsOutDil": 1436400000,
    "link": "https://www.sec.gov/Archives/edgar/data/1613103/000161310315000038/0001613103-15-000038-index.htm",
    "finalLink": "https://www.sec.gov/Archives/edgar/data/1613103/000161310315000038/mdt-2016q1x10q.htm"
  },
  {
    "date": "2015-04-24",
    "symbol": "MDT",
    "reportedCurrency": "USD",
    "cik": "0001613103",
    "fillingDate": "2015-06-23",
    "acceptedDate": "2015-06-23 16:23:19",
    "calendarYear": "2015",
    "period": "Q4",
    "revenue": 7304000000,
    "costOfRevenue": 2934000000,
    "grossProfit": 4370000000,
    "grossProfitRatio": 0.5983023001,
    "researchAndDevelopmentExpenses": 528000000,
    "generalAndAdministrativeExpenses": 0,
    "sellingAndMarketingExpenses": 0,
    "sellingGeneralAndAdministrativeExpenses": 2404000000,
    "otherExpenses": 1438000000,
    "operatingExpenses": 4370000000,
    "costAndExpenses": 7304000000,
    "interestIncome": 113000000,
    "interestExpense": 299000000,
    "depreciationAndAmortization": 677000000,
    "ebitda": 1163000000,
    "ebitdaratio": 0.1592278204,
    "operatingIncome": 990000000,
    "operatingIncomeRatio": 0.1355421687,
    "totalOtherIncomeExpensesNet": -803000000,
    "incomeBeforeTax": 187000000,
    "incomeBeforeTaxRatio": 0.0256024096,
    "incomeTaxExpense": 188000000,
    "netIncome": -1000000,
    "netIncomeRatio": -0.0001369113,
    "eps": -0.0007,
    "epsdiluted": -0.0007,
    "weightedAverageShsOut": 1422300000,
    "weightedAverageShsOutDil": 1440600000,
    "link": "https://www.sec.gov/Archives/edgar/data/1613103/000161310315000028/0001613103-15-000028-index.htm",
    "finalLink": "https://www.sec.gov/Archives/edgar/data/1613103/000161310315000028/mdt-2015424x10k.htm"
  },
  {
    "date": "2015-01-23",
    "symbol": "MDT",
    "reportedCurrency": "USD",
    "cik": "0001613103",
    "fillingDate": "2015-02-27",
    "acceptedDate": "2015-02-27 08:12:52",
    "calendarYear": "2015",
    "period": "Q3",
    "revenue": 4318000000,
    "costOfRevenue": 1128000000,
    "grossProfit": 3190000000,
    "grossProfitRatio": 0.7387679481,
    "researchAndDevelopmentExpenses": 373000000,
    "generalAndAdministrativeExpenses": 0,
    "sellingAndMarketingExpenses": 0,
    "sellingGeneralAndAdministrativeExpenses": 1487000000,
    "otherExpenses": 55000000,
    "operatingExpenses": 1915000000,
    "costAndExpenses": 3043000000,
    "interestIncome": 95000000,
    "interestExpense": 176000000,
    "depreciationAndAmortization": 206000000,
    "ebitda": 1576000000,
    "ebitdaratio": 0.3649837888,
    "operatingIncome": 1275000000,
    "operatingIncomeRatio": 0.2952755906,
    "totalOtherIncomeExpensesNet": -81000000,
    "incomeBeforeTax": 1194000000,
    "incomeBeforeTaxRatio": 0.276516906,
    "incomeTaxExpense": 217000000,
    "netIncome": 977000000,
    "netIncomeRatio": 0.2262621584,
    "eps": 0.99,
    "epsdiluted": 0.98,
    "weightedAverageShsOut": 983800000,
    "weightedAverageShsOutDil": 995800000,
    "link": "https://www.sec.gov/Archives/edgar/data/1613103/000161310315000008/0001613103-15-000008-index.htm",
    "finalLink": "https://www.sec.gov/Archives/edgar/data/1613103/000161310315000008/mdt-plcx2015q3x10q.htm"
  },
  {
    "date": "2014-10-31",
    "symbol": "MDT",
    "reportedCurrency": "USD",
    "cik": "0001613103",
    "fillingDate": "2014-10-31",
    "acceptedDate": "2014-10-31 00:00:00",
    "calendarYear": "2015",
    "period": "Q2",
    "revenue": 4366000000,
    "costOfRevenue": 1142000000,
    "grossProfit": 3224000000,
    "grossProfitRatio": 0.7384333486,
    "researchAndDevelopmentExpenses": 374000000,
    "generalAndAdministrativeExpenses": 0,
    "sellingAndMarketingExpenses": 0,
    "sellingGeneralAndAdministrativeExpenses": 1507000000,
    "otherExpenses": 313000000,
    "operatingExpenses": 2194000000,
    "costAndExpenses": 3336000000,
    "interestIncome": 86000000,
    "interestExpense": 94000000,
    "depreciationAndAmortization": 208000000,
    "ebitda": 1324000000,
    "ebitdaratio": 0.3032524049,
    "operatingIncome": 1030000000,
    "operatingIncomeRatio": 0.23591388,
    "totalOtherIncomeExpensesNet": -8000000,
    "incomeBeforeTax": 1022000000,
    "incomeBeforeTaxRatio": 0.2340815392,
    "incomeTaxExpense": 194000000,
    "netIncome": 828000000,
    "netIncomeRatio": 0.1896472744,
    "eps": 0.84,
    "epsdiluted": 0.83,
    "weightedAverageShsOut": 981900000,
    "weightedAverageShsOutDil": 993000000,
    "link": null,
    "finalLink": null
  },
  {
    "date": "2014-07-31",
    "symbol": "MDT",
    "reportedCurrency": "USD",
    "cik": "0001613103",
    "fillingDate": "2014-07-31",
    "acceptedDate": "2014-07-31 00:00:00",
    "calendarYear": "2015",
    "period": "Q1",
    "revenue": 4273000000,
    "costOfRevenue": 1105000000,
    "grossProfit": 3168000000,
    "grossProfitRatio": 0.7413994851,
    "researchAndDevelopmentExpenses": 365000000,
    "generalAndAdministrativeExpenses": 0,
    "sellingAndMarketingExpenses": 0,
    "sellingGeneralAndAdministrativeExpenses": 1506000000,
    "otherExpenses": 209000000,
    "operatingExpenses": 2080000000,
    "costAndExpenses": 3185000000,
    "interestIncome": 92000000,
    "interestExpense": 97000000,
    "depreciationAndAmortization": 215000000,
    "ebitda": 1395000000,
    "ebitdaratio": 0.3264685233,
    "operatingIncome": 1088000000,
    "operatingIncomeRatio": 0.2546220454,
    "totalOtherIncomeExpensesNet": -5000000,
    "incomeBeforeTax": 1083000000,
    "incomeBeforeTaxRatio": 0.2534519073,
    "incomeTaxExpense": 212000000,
    "netIncome": 871000000,
    "netIncomeRatio": 0.2038380529,
    "eps": 0.88,
    "epsdiluted": 0.87,
    "weightedAverageShsOut": 992600000,
    "weightedAverageShsOutDil": 1005200000,
    "link": null,
    "finalLink": null
  },
  {
    "date": "2014-04-30",
    "symbol": "MDT",
    "reportedCurrency": "USD",
    "cik": "0001613103",
    "fillingDate": "2014-04-30",
    "acceptedDate": "2014-04-30 00:00:00",
    "calendarYear": "2014",
    "period": "Q4",
    "revenue": 4566000000,
    "costOfRevenue": 1171000000,
    "grossProfit": 3394000000,
    "grossProfitRatio": 0.7433201927,
    "researchAndDevelopmentExpenses": 385000000,
    "generalAndAdministrativeExpenses": 0,
    "sellingAndMarketingExpenses": 0,
    "sellingGeneralAndAdministrativeExpenses": 1539000000,
    "otherExpenses": 1470000000,
    "operatingExpenses": 3394000000,
    "costAndExpenses": 4565000000,
    "interestIncome": 93000000,
    "interestExpense": 103000000,
    "depreciationAndAmortization": 215000000,
    "ebitda": 799000000,
    "ebitdaratio": 0.1749890495,
    "operatingIncome": 1325000000,
    "operatingIncomeRatio": 0.2901883487,
    "totalOtherIncomeExpensesNet": -844000000,
    "incomeBeforeTax": 481000000,
    "incomeBeforeTaxRatio": 0.1053438458,
    "incomeTaxExpense": 33000000,
    "netIncome": 448000000,
    "netIncomeRatio": 0.0981165134,
    "eps": 0.45,
    "epsdiluted": 0.44,
    "weightedAverageShsOut": 1000000000,
    "weightedAverageShsOutDil": 1012200000,
    "link": null,
    "finalLink": null
  },
  {
    "date": "2014-01-31",
    "symbol": "MDT",
    "reportedCurrency": "USD",
    "cik": "0001613103",
    "fillingDate": "2014-01-31",
    "acceptedDate": "2014-01-31 00:00:00",
    "calendarYear": "2014",
    "period": "Q3",
    "revenue": 4163000000,
    "costOfRevenue": 1050000000,
    "grossProfit": 3113000000,
    "grossProfitRatio": 0.7477780447,
    "researchAndDevelopmentExpenses": 360000000,
    "generalAndAdministrativeExpenses": 0,
    "sellingAndMarketingExpenses": 0,
    "sellingGeneralAndAdministrativeExpenses": 1454000000,
    "otherExpenses": 1299000000,
    "operatingExpenses": 3113000000,
    "costAndExpenses": 4163000000,
    "interestIncome": 67000000,
    "interestExpense": 92000000,
    "depreciationAndAmortization": 214000000,
    "ebitda": 1261000000,
    "ebitdaratio": 0.3029065578,
    "operatingIncome": 1165000000,
    "operatingIncomeRatio": 0.2798462647,
    "totalOtherIncomeExpensesNet": -210000000,
    "incomeBeforeTax": 955000000,
    "incomeBeforeTaxRatio": 0.2294018736,
    "incomeTaxExpense": 193000000,
    "netIncome": 762000000,
    "netIncomeRatio": 0.1830410761,
    "eps": 0.76,
    "epsdiluted": 0.75,
    "weightedAverageShsOut": 998300000,
    "weightedAverageShsOutDil": 1010000000,
    "link": null,
    "finalLink": null
  },
  {
    "date": "2013-10-31",
    "symbol": "MDT",
    "reportedCurrency": "USD",
    "cik": "0001613103",
    "fillingDate": "2013-10-31",
    "acceptedDate": "2013-10-31 00:00:00",
    "calendarYear": "2014",
    "period": "Q2",
    "revenue": 4194000000,
    "costOfRevenue": 1090000000,
    "grossProfit": 3104000000,
    "grossProfitRatio": 0.7401049118,
    "researchAndDevelopmentExpenses": 372000000,
    "generalAndAdministrativeExpenses": 0,
    "sellingAndMarketingExpenses": 0,
    "sellingGeneralAndAdministrativeExpenses": 1438000000,
    "otherExpenses": 1294000000,
    "operatingExpenses": 3104000000,
    "costAndExpenses": 4194000000,
    "interestIncome": 62000000,
    "interestExpense": 95000000,
    "depreciationAndAmortization": 213000000,
    "ebitda": 1424000000,
    "ebitdaratio": 0.3395326657,
    "operatingIncome": 1173000000,
    "operatingIncomeRatio": 0.2796852647,
    "totalOtherIncomeExpensesNet": -57000000,
    "incomeBeforeTax": 1116000000,
    "incomeBeforeTaxRatio": 0.2660944206,
    "incomeTaxExpense": 214000000,
    "netIncome": 902000000,
    "netIncomeRatio": 0.2150691464,
    "eps": 0.9,
    "epsdiluted": 0.89,
    "weightedAverageShsOut": 998900000,
    "weightedAverageShsOutDil": 1009400000,
    "link": null,
    "finalLink": null
  },
  {
    "date": "2013-07-31",
    "symbol": "MDT",
    "reportedCurrency": "USD",
    "cik": "0001613103",
    "fillingDate": "2013-07-31",
    "acceptedDate": "2013-07-31 00:00:00",
    "calendarYear": "2014",
    "period": "Q1",
    "revenue": 4083000000,
    "costOfRevenue": 1022000000,
    "grossProfit": 3061000000,
    "grossProfitRatio": 0.7496938526,
    "researchAndDevelopmentExpenses": 360000000,
    "generalAndAdministrativeExpenses": 0,
    "sellingAndMarketingExpenses": 0,
    "sellingGeneralAndAdministrativeExpenses": 1416000000,
    "otherExpenses": 1285000000,
    "operatingExpenses": 3061000000,
    "costAndExpenses": 4083000000,
    "interestIncome": 50000000,
    "interestExpense": 90000000,
    "depreciationAndAmortization": 208000000,
    "ebitda": 1451000000,
    "ebitdaratio": 0.3553759491,
    "operatingIncome": 1155000000,
    "operatingIncomeRatio": 0.2828802351,
    "totalOtherIncomeExpensesNet": -2000000,
    "incomeBeforeTax": 1153000000,
    "incomeBeforeTaxRatio": 0.2823903992,
    "incomeTaxExpense": 200000000,
    "netIncome": 953000000,
    "netIncomeRatio": 0.2334068087,
    "eps": 0.94,
    "epsdiluted": 0.93,
    "weightedAverageShsOut": 1009700000,
    "weightedAverageShsOutDil": 1021200000,
    "link": null,
    "finalLink": null
  },
  {
    "date": "2013-04-30",
    "symbol": "MDT",
    "reportedCurrency": "USD",
    "cik": "0001613103",
    "fillingDate": "2013-04-30",
    "acceptedDate": "2013-04-30 00:00:00",
    "calendarYear": "2013",
    "period": "Q4",
    "revenue": 4459000000,
    "costOfRevenue": 1134000000,
    "grossProfit": 3326000000,
    "grossProfitRatio": 0.7459071541,
    "researchAndDevelopmentExpenses": 409000000,
    "generalAndAdministrativeExpenses": 0,
    "sellingAndMarketingExpenses": 0,
    "sellingGeneralAndAdministrativeExpenses": 1475000000,
    "otherExpenses": 1442000000,
    "operatingExpenses": 3326000000,
    "costAndExpenses": 4460000000,
    "interestIncome": 58000000,
    "interestExpense": 106000000,
    "depreciationAndAmortization": 209000000,
    "ebitda": 1469000000,
    "ebitdaratio": 0.3294460641,
    "operatingIncome": 1369000000,
    "operatingIncomeRatio": 0.3070195111,
    "totalOtherIncomeExpensesNet": -215000000,
    "incomeBeforeTax": 1154000000,
    "incomeBeforeTaxRatio": 0.2588024221,
    "incomeTaxExpense": 185000000,
    "netIncome": 969000000,
    "netIncomeRatio": 0.2173132989,
    "eps": 0.96,
    "epsdiluted": 0.95,
    "weightedAverageShsOut": 1014200000,
    "weightedAverageShsOutDil": 1023000000,
    "link": null,
    "finalLink": null
  },
  {
    "date": "2013-01-31",
    "symbol": "MDT",
    "reportedCurrency": "USD",
    "cik": "0001613103",
    "fillingDate": "2013-01-31",
    "acceptedDate": "2013-01-31 00:00:00",
    "calendarYear": "2013",
    "period": "Q3",
    "revenue": 4027000000,
    "costOfRevenue": 999000000,
    "grossProfit": 3028000000,
    "grossProfitRatio": 0.7519245096,
    "researchAndDevelopmentExpenses": 376000000,
    "generalAndAdministrativeExpenses": 0,
    "sellingAndMarketingExpenses": 0,
    "sellingGeneralAndAdministrativeExpenses": 1401000000,
    "otherExpenses": 1251000000,
    "operatingExpenses": 3028000000,
    "costAndExpenses": 4027000000,
    "interestIncome": 52000000,
    "interestExpense": 98000000,
    "depreciationAndAmortization": 214000000,
    "ebitda": 1467000000,
    "ebitdaratio": 0.3642910355,
    "operatingIncome": 1146000000,
    "operatingIncomeRatio": 0.2845790911,
    "totalOtherIncomeExpensesNet": 9000000,
    "incomeBeforeTax": 1155000000,
    "incomeBeforeTaxRatio": 0.2868140055,
    "incomeTaxExpense": 167000000,
    "netIncome": 988000000,
    "netIncomeRatio": 0.2453439285,
    "eps": 0.98,
    "epsdiluted": 0.97,
    "weightedAverageShsOut": 1012500000,
    "weightedAverageShsOutDil": 1021000000,
    "link": null,
    "finalLink": null
  },
  {
    "date": "2012-10-31",
    "symbol": "MDT",
    "reportedCurrency": "USD",
    "cik": "0001613103",
    "fillingDate": "2012-10-31",
    "acceptedDate": "2012-10-31 00:00:00",
    "calendarYear": "2013",
    "period": "Q2",
    "revenue": 4095000000,
    "costOfRevenue": 1020000000,
    "grossProfit": 3075000000,
    "grossProfitRatio": 0.7509157509,
    "researchAndDevelopmentExpenses": 387000000,
    "generalAndAdministrativeExpenses": 0,
    "sellingAndMarketingExpenses": 0,
    "sellingGeneralAndAdministrativeExpenses": 1417000000,
    "otherExpenses": 1271000000,
    "operatingExpenses": 3075000000,
    "costAndExpenses": 4095000000,
    "interestIncome": 71000000,
    "interestExpense": 95000000,
    "depreciationAndAmortization": 199000000,
    "ebitda": 1148000000,
    "ebitdaratio": 0.2803418803,
    "operatingIncome": 1129000000,
    "operatingIncomeRatio": 0.2757020757,
    "totalOtherIncomeExpensesNet": -275000000,
    "incomeBeforeTax": 854000000,
    "incomeBeforeTaxRatio": 0.2085470085,
    "incomeTaxExpense": 208000000,
    "netIncome": 646000000,
    "netIncomeRatio": 0.1577533578,
    "eps": 0.63,
    "epsdiluted": 0.63,
    "weightedAverageShsOut": 1019400000,
    "weightedAverageShsOutDil": 1027800000,
    "link": null,
    "finalLink": null
  },
  {
    "date": "2012-07-31",
    "symbol": "MDT",
    "reportedCurrency": "USD",
    "cik": "0001613103",
    "fillingDate": "2012-07-31",
    "acceptedDate": "2012-07-31 00:00:00",
    "calendarYear": "2013",
    "period": "Q1",
    "revenue": 4008000000,
    "costOfRevenue": 973000000,
    "grossProfit": 3035000000,
    "grossProfitRatio": 0.7572355289,
    "researchAndDevelopmentExpenses": 385000000,
    "generalAndAdministrativeExpenses": 0,
    "sellingAndMarketingExpenses": 0,
    "sellingGeneralAndAdministrativeExpenses": 1405000000,
    "otherExpenses": 1245000000,
    "operatingExpenses": 3035000000,
    "costAndExpenses": 4008000000,
    "interestIncome": 56000000,
    "interestExpense": 89000000,
    "depreciationAndAmortization": 197000000,
    "ebitda": 1374000000,
    "ebitdaratio": 0.3428143713,
    "operatingIncome": 1126000000,
    "operatingIncomeRatio": 0.2809381238,
    "totalOtherIncomeExpensesNet": -38000000,
    "incomeBeforeTax": 1088000000,
    "incomeBeforeTaxRatio": 0.2714570858,
    "incomeTaxExpense": 224000000,
    "netIncome": 864000000,
    "netIncomeRatio": 0.2155688623,
    "eps": 0.84,
    "epsdiluted": 0.83,
    "weightedAverageShsOut": 1029800000,
    "weightedAverageShsOutDil": 1037100000,
    "link": null,
    "finalLink": null
  },
  {
    "date": "2012-04-30",
    "symbol": "MDT",
    "reportedCurrency": "USD",
    "cik": "0001613103",
    "fillingDate": "2012-04-30",
    "acceptedDate": "2012-04-30 00:00:00",
    "calendarYear": "2012",
    "period": "Q4",
    "revenue": 4297000000,
    "costOfRevenue": 1047000000,
    "grossProfit": 3250000000,
    "grossProfitRatio": 0.7563416337,
    "researchAndDevelopmentExpenses": 393000000,
    "generalAndAdministrativeExpenses": 0,
    "sellingAndMarketingExpenses": 0,
    "sellingGeneralAndAdministrativeExpenses": 1462000000,
    "otherExpenses": 1395000000,
    "operatingExpenses": 3250000000,
    "costAndExpenses": 4297000000,
    "interestIncome": 52000000,
    "interestExpense": 98000000,
    "depreciationAndAmortization": 171000000,
    "ebitda": 1300000000,
    "ebitdaratio": 0.3025366535,
    "operatingIncome": 1630000000,
    "operatingIncomeRatio": 0.3793344194,
    "totalOtherIncomeExpensesNet": -599000000,
    "incomeBeforeTax": 1031000000,
    "incomeBeforeTaxRatio": 0.2399348383,
    "incomeTaxExpense": 143000000,
    "netIncome": 991000000,
    "netIncomeRatio": 0.2306260182,
    "eps": 0.94,
    "epsdiluted": 0.94,
    "weightedAverageShsOut": 1040100000,
    "weightedAverageShsOutDil": 1054400000,
    "link": null,
    "finalLink": null
  },
  {
    "date": "2012-01-31",
    "symbol": "MDT",
    "reportedCurrency": "USD",
    "cik": "0001613103",
    "fillingDate": "2012-01-31",
    "acceptedDate": "2012-01-31 00:00:00",
    "calendarYear": "2012",
    "period": "Q3",
    "revenue": 3918000000,
    "costOfRevenue": 931000000,
    "grossProfit": 2987000000,
    "grossProfitRatio": 0.7623787647,
    "researchAndDevelopmentExpenses": 364000000,
    "generalAndAdministrativeExpenses": 0,
    "sellingAndMarketingExpenses": 0,
    "sellingGeneralAndAdministrativeExpenses": 1371000000,
    "otherExpenses": 1252000000,
    "operatingExpenses": 2987000000,
    "costAndExpenses": 3918000000,
    "interestIncome": 56000000,
    "interestExpense": 89000000,
    "depreciationAndAmortization": 225000000,
    "ebitda": 1351000000,
    "ebitdaratio": 0.3448187851,
    "operatingIncome": 1101000000,
    "operatingIncomeRatio": 0.2810107198,
    "totalOtherIncomeExpensesNet": -48000000,
    "incomeBeforeTax": 1053000000,
    "incomeBeforeTaxRatio": 0.2687595712,
    "incomeTaxExpense": 208000000,
    "netIncome": 935000000,
    "netIncomeRatio": 0.2386421644,
    "eps": 0.89,
    "epsdiluted": 0.88,
    "weightedAverageShsOut": 1054400000,
    "weightedAverageShsOutDil": 1060200000,
    "link": null,
    "finalLink": null
  },
  {
    "date": "2011-10-31",
    "symbol": "MDT",
    "reportedCurrency": "USD",
    "cik": "0001613103",
    "fillingDate": "2011-10-31",
    "acceptedDate": "2011-10-31 00:00:00",
    "calendarYear": "2012",
    "period": "Q2",
    "revenue": 4132000000,
    "costOfRevenue": 960000000,
    "grossProfit": 3063000000,
    "grossProfitRatio": 0.7412875121,
    "researchAndDevelopmentExpenses": 379000000,
    "generalAndAdministrativeExpenses": 0,
    "sellingAndMarketingExpenses": 0,
    "sellingGeneralAndAdministrativeExpenses": 1410000000,
    "otherExpenses": 1282000000,
    "operatingExpenses": 3063000000,
    "costAndExpenses": 4023000000,
    "interestIncome": 47000000,
    "interestExpense": 85000000,
    "depreciationAndAmortization": 226000000,
    "ebitda": 1341000000,
    "ebitdaratio": 0.3245401742,
    "operatingIncome": 1221000000,
    "operatingIncomeRatio": 0.2954985479,
    "totalOtherIncomeExpensesNet": -178000000,
    "incomeBeforeTax": 1043000000,
    "incomeBeforeTaxRatio": 0.2524201355,
    "incomeTaxExpense": 182000000,
    "netIncome": 871000000,
    "netIncomeRatio": 0.2107938045,
    "eps": 0.82,
    "epsdiluted": 0.82,
    "weightedAverageShsOut": 1058100000,
    "weightedAverageShsOutDil": 1063100000,
    "link": null,
    "finalLink": null
  },
  {
    "date": "2011-07-31",
    "symbol": "MDT",
    "reportedCurrency": "USD",
    "cik": "0001613103",
    "fillingDate": "2011-07-31",
    "acceptedDate": "2011-07-31 00:00:00",
    "calendarYear": "2012",
    "period": "Q1",
    "revenue": 4049000000,
    "costOfRevenue": 951000000,
    "grossProfit": 2995000000,
    "grossProfitRatio": 0.7396888121,
    "researchAndDevelopmentExpenses": 371000000,
    "generalAndAdministrativeExpenses": 0,
    "sellingAndMarketingExpenses": 0,
    "sellingGeneralAndAdministrativeExpenses": 1380000000,
    "otherExpenses": 1253000000,
    "operatingExpenses": 2995000000,
    "costAndExpenses": 3946000000,
    "interestIncome": 45000000,
    "interestExpense": 77000000,
    "depreciationAndAmortization": 211000000,
    "ebitda": 1306000000,
    "ebitdaratio": 0.3225487775,
    "operatingIncome": 1167000000,
    "operatingIncomeRatio": 0.2882193134,
    "totalOtherIncomeExpensesNet": -149000000,
    "incomeBeforeTax": 1018000000,
    "incomeBeforeTaxRatio": 0.2514201037,
    "incomeTaxExpense": 201000000,
    "netIncome": 821000000,
    "netIncomeRatio": 0.2027661151,
    "eps": 0.77,
    "epsdiluted": 0.77,
    "weightedAverageShsOut": 1063500000,
    "weightedAverageShsOutDil": 1069600000,
    "link": null,
    "finalLink": null
  },
  {
    "date": "2011-04-30",
    "symbol": "MDT",
    "reportedCurrency": "USD",
    "cik": "0001613103",
    "fillingDate": "2011-04-30",
    "acceptedDate": "2011-04-30 00:00:00",
    "calendarYear": "2011",
    "period": "Q4",
    "revenue": 4295000000,
    "costOfRevenue": 1070000000,
    "grossProfit": 3225000000,
    "grossProfitRatio": 0.7508731083,
    "researchAndDevelopmentExpenses": 394000000,
    "generalAndAdministrativeExpenses": 0,
    "sellingAndMarketingExpenses": 0,
    "sellingGeneralAndAdministrativeExpenses": 866000000,
    "otherExpenses": 1965000000,
    "operatingExpenses": 3225000000,
    "costAndExpenses": 4295000000,
    "interestIncome": 0,
    "interestExpense": 118000000,
    "depreciationAndAmortization": 213000000,
    "ebitda": 1249000000,
    "ebitdaratio": 0.2908032596,
    "operatingIncome": 1926000000,
    "operatingIncomeRatio": 0.4484284051,
    "totalOtherIncomeExpensesNet": -1008000000,
    "incomeBeforeTax": 918000000,
    "incomeBeforeTaxRatio": 0.2137369034,
    "incomeTaxExpense": 142000000,
    "netIncome": 776000000,
    "netIncomeRatio": 0.1806752037,
    "eps": 0.72,
    "epsdiluted": 0.72,
    "weightedAverageShsOut": 1070200000,
    "weightedAverageShsOutDil": 1073900000,
    "link": null,
    "finalLink": null
  },
  {
    "date": "2011-01-31",
    "symbol": "MDT",
    "reportedCurrency": "USD",
    "cik": "0001613103",
    "fillingDate": "2011-01-31",
    "acceptedDate": "2011-01-31 00:00:00",
    "calendarYear": "2011",
    "period": "Q3",
    "revenue": 3961000000,
    "costOfRevenue": 934000000,
    "grossProfit": 2923000000,
    "grossProfitRatio": 0.7379449634,
    "researchAndDevelopmentExpenses": 371000000,
    "generalAndAdministrativeExpenses": 0,
    "sellingAndMarketingExpenses": 0,
    "sellingGeneralAndAdministrativeExpenses": 1367000000,
    "otherExpenses": 1194000000,
    "operatingExpenses": 2923000000,
    "costAndExpenses": 3857000000,
    "interestIncome": 43000000,
    "interestExpense": 113000000,
    "depreciationAndAmortization": 189000000,
    "ebitda": 1299000000,
    "ebitdaratio": 0.327947488,
    "operatingIncome": 1080000000,
    "operatingIncomeRatio": 0.2726584196,
    "totalOtherIncomeExpensesNet": -83000000,
    "incomeBeforeTax": 997000000,
    "incomeBeforeTaxRatio": 0.2517041151,
    "incomeTaxExpense": 89000000,
    "netIncome": 924000000,
    "netIncomeRatio": 0.2332744257,
    "eps": 0.86,
    "epsdiluted": 0.86,
    "weightedAverageShsOut": 1073900000,
    "weightedAverageShsOutDil": 1077900000,
    "link": null,
    "finalLink": null
  },
  {
    "date": "2010-10-31",
    "symbol": "MDT",
    "reportedCurrency": "USD",
    "cik": "0001613103",
    "fillingDate": "2010-10-31",
    "acceptedDate": "2010-10-31 00:00:00",
    "calendarYear": "2011",
    "period": "Q2",
    "revenue": 3903000000,
    "costOfRevenue": 961000000,
    "grossProfit": 2942000000,
    "grossProfitRatio": 0.7537791442,
    "researchAndDevelopmentExpenses": 397000000,
    "generalAndAdministrativeExpenses": 0,
    "sellingAndMarketingExpenses": 0,
    "sellingGeneralAndAdministrativeExpenses": 1371000000,
    "otherExpenses": 1198000000,
    "operatingExpenses": 2942000000,
    "costAndExpenses": 3903000000,
    "interestIncome": 46000000,
    "interestExpense": 113000000,
    "depreciationAndAmortization": 215000000,
    "ebitda": 1080000000,
    "ebitdaratio": 0.2767102229,
    "operatingIncome": 1098000000,
    "operatingIncomeRatio": 0.28132206,
    "totalOtherIncomeExpensesNet": -346000000,
    "incomeBeforeTax": 752000000,
    "incomeBeforeTaxRatio": 0.1926723034,
    "incomeTaxExpense": 186000000,
    "netIncome": 566000000,
    "netIncomeRatio": 0.1450166539,
    "eps": 0.52,
    "epsdiluted": 0.52,
    "weightedAverageShsOut": 1080100000,
    "weightedAverageShsOutDil": 1083700000,
    "link": null,
    "finalLink": null
  },
  {
    "date": "2010-07-31",
    "symbol": "MDT",
    "reportedCurrency": "USD",
    "cik": "0001613103",
    "fillingDate": "2010-07-31",
    "acceptedDate": "2010-07-31 00:00:00",
    "calendarYear": "2011",
    "period": "Q1",
    "revenue": 3773000000,
    "costOfRevenue": 893000000,
    "grossProfit": 2880000000,
    "grossProfitRatio": 0.7633183143,
    "researchAndDevelopmentExpenses": 385000000,
    "generalAndAdministrativeExpenses": 0,
    "sellingAndMarketingExpenses": 0,
    "sellingGeneralAndAdministrativeExpenses": 1334000000,
    "otherExpenses": 1176000000,
    "operatingExpenses": 2880000000,
    "costAndExpenses": 3773000000,
    "interestIncome": 33000000,
    "interestExpense": 107000000,
    "depreciationAndAmortization": 187000000,
    "ebitda": 1334000000,
    "ebitdaratio": 0.3535648025,
    "operatingIncome": 1129000000,
    "operatingIncomeRatio": 0.2992313809,
    "totalOtherIncomeExpensesNet": -89000000,
    "incomeBeforeTax": 1040000000,
    "incomeBeforeTaxRatio": 0.2756427246,
    "incomeTaxExpense": 210000000,
    "netIncome": 830000000,
    "netIncomeRatio": 0.2199840975,
    "eps": 0.76,
    "epsdiluted": 0.76,
    "weightedAverageShsOut": 1086100000,
    "weightedAverageShsOutDil": 1089700000,
    "link": null,
    "finalLink": null
  },
  {
    "date": "2010-04-30",
    "symbol": "MDT",
    "reportedCurrency": "USD",
    "cik": "0001613103",
    "fillingDate": "2010-04-30",
    "acceptedDate": "2010-04-30 00:00:00",
    "calendarYear": "2010",
    "period": "Q4",
    "revenue": 4196000000,
    "costOfRevenue": 1012000000,
    "grossProfit": 3184000000,
    "grossProfitRatio": 0.7588179218,
    "researchAndDevelopmentExpenses": 377000000,
    "generalAndAdministrativeExpenses": 0,
    "sellingAndMarketingExpenses": 0,
    "sellingGeneralAndAdministrativeExpenses": 1396000000,
    "otherExpenses": 1411000000,
    "operatingExpenses": 3184000000,
    "costAndExpenses": 4196000000,
    "interestIncome": 38000000,
    "interestExpense": 108000000,
    "depreciationAndAmortization": 206000000,
    "ebitda": 1548000000,
    "ebitdaratio": 0.3689227836,
    "operatingIncome": 1315000000,
    "operatingIncomeRatio": 0.3133937083,
    "totalOtherIncomeExpensesNet": -81000000,
    "incomeBeforeTax": 1234000000,
    "incomeBeforeTaxRatio": 0.2940896092,
    "incomeTaxExpense": 280000000,
    "netIncome": 954000000,
    "netIncomeRatio": 0.2273593899,
    "eps": 0.86,
    "epsdiluted": 0.86,
    "weightedAverageShsOut": 1100300000,
    "weightedAverageShsOutDil": 1105000000,
    "link": null,
    "finalLink": null
  },
  {
    "date": "2010-01-31",
    "symbol": "MDT",
    "reportedCurrency": "USD",
    "cik": "0001613103",
    "fillingDate": "2010-01-31",
    "acceptedDate": "2010-01-31 00:00:00",
    "calendarYear": "2010",
    "period": "Q3",
    "revenue": 3851000000,
    "costOfRevenue": 912000000,
    "grossProfit": 2939000000,
    "grossProfitRatio": 0.7631783952,
    "researchAndDevelopmentExpenses": 344000000,
    "generalAndAdministrativeExpenses": 0,
    "sellingAndMarketingExpenses": 0,
    "sellingGeneralAndAdministrativeExpenses": 1476000000,
    "otherExpenses": 1119000000,
    "operatingExpenses": 2939000000,
    "costAndExpenses": 3851000000,
    "interestIncome": 153000000,
    "interestExpense": 97000000,
    "depreciationAndAmortization": 194000000,
    "ebitda": 1354000000,
    "ebitdaratio": 0.3515969878,
    "operatingIncome": 1007000000,
    "operatingIncomeRatio": 0.2614905219,
    "totalOtherIncomeExpensesNet": 56000000,
    "incomeBeforeTax": 1063000000,
    "incomeBeforeTaxRatio": 0.2760321994,
    "incomeTaxExpense": 232000000,
    "netIncome": 831000000,
    "netIncomeRatio": 0.215788107,
    "eps": 0.75,
    "epsdiluted": 0.75,
    "weightedAverageShsOut": 1105000000,
    "weightedAverageShsOutDil": 1108700000,
    "link": null,
    "finalLink": null
  },
  {
    "date": "2009-10-31",
    "symbol": "MDT",
    "reportedCurrency": "USD",
    "cik": "0001613103",
    "fillingDate": "2009-10-31",
    "acceptedDate": "2009-10-31 00:00:00",
    "calendarYear": "2010",
    "period": "Q2",
    "revenue": 3838000000,
    "costOfRevenue": 922000000,
    "grossProfit": 2916000000,
    "grossProfitRatio": 0.7597707139,
    "researchAndDevelopmentExpenses": 369000000,
    "generalAndAdministrativeExpenses": 0,
    "sellingAndMarketingExpenses": 0,
    "sellingGeneralAndAdministrativeExpenses": 1523000000,
    "otherExpenses": 1024000000,
    "operatingExpenses": 2916000000,
    "costAndExpenses": 3838000000,
    "interestIncome": 39000000,
    "interestExpense": 93000000,
    "depreciationAndAmortization": 184000000,
    "ebitda": 1387000000,
    "ebitdaratio": 0.3613861386,
    "operatingIncome": 1164000000,
    "operatingIncomeRatio": 0.3032829599,
    "totalOtherIncomeExpensesNet": -54000000,
    "incomeBeforeTax": 1110000000,
    "incomeBeforeTaxRatio": 0.2892131318,
    "incomeTaxExpense": 242000000,
    "netIncome": 868000000,
    "netIncomeRatio": 0.2261594581,
    "eps": 0.78,
    "epsdiluted": 0.78,
    "weightedAverageShsOut": 1106800000,
    "weightedAverageShsOutDil": 1109200000,
    "link": null,
    "finalLink": null
  },
  {
    "date": "2009-07-31",
    "symbol": "MDT",
    "reportedCurrency": "USD",
    "cik": "0001613103",
    "fillingDate": "2009-07-31",
    "acceptedDate": "2009-07-31 00:00:00",
    "calendarYear": "2010",
    "period": "Q1",
    "revenue": 3933000000,
    "costOfRevenue": 966000000,
    "grossProfit": 2967000000,
    "grossProfitRatio": 0.7543859649,
    "researchAndDevelopmentExpenses": 370000000,
    "generalAndAdministrativeExpenses": 0,
    "sellingAndMarketingExpenses": 0,
    "sellingGeneralAndAdministrativeExpenses": 1812000000,
    "otherExpenses": 785000000,
    "operatingExpenses": 2967000000,
    "costAndExpenses": 3933000000,
    "interestIncome": 38000000,
    "interestExpense": 104000000,
    "depreciationAndAmortization": 188000000,
    "ebitda": 853000000,
    "ebitdaratio": 0.2168827867,
    "operatingIncome": 689000000,
    "operatingIncomeRatio": 0.1751843377,
    "totalOtherIncomeExpensesNet": -128000000,
    "incomeBeforeTax": 561000000,
    "incomeBeforeTaxRatio": 0.1426392067,
    "incomeTaxExpense": 116000000,
    "netIncome": 445000000,
    "netIncomeRatio": 0.1131451818,
    "eps": 0.4,
    "epsdiluted": 0.4,
    "weightedAverageShsOut": 1112600000,
    "weightedAverageShsOutDil": 1114600000,
    "link": null,
    "finalLink": null
  },
  {
    "date": "2009-04-30",
    "symbol": "MDT",
    "reportedCurrency": "USD",
    "cik": "0001613103",
    "fillingDate": "2009-04-30",
    "acceptedDate": "2009-04-30 00:00:00",
    "calendarYear": "2009",
    "period": "Q4",
    "revenue": 3829000000,
    "costOfRevenue": 932000000,
    "grossProfit": 2897000000,
    "grossProfitRatio": 0.7565944111,
    "researchAndDevelopmentExpenses": 368000000,
    "generalAndAdministrativeExpenses": 0,
    "sellingAndMarketingExpenses": 0,
    "sellingGeneralAndAdministrativeExpenses": 1314000000,
    "otherExpenses": 1215000000,
    "operatingExpenses": 2897000000,
    "costAndExpenses": 3829000000,
    "interestIncome": 0,
    "interestExpense": 0,
    "depreciationAndAmortization": 177000000,
    "ebitda": -371000000,
    "ebitdaratio": -0.0968921389,
    "operatingIncome": 819000000,
    "operatingIncomeRatio": 0.2138939671,
    "totalOtherIncomeExpensesNet": -771000000,
    "incomeBeforeTax": 48000000,
    "incomeBeforeTaxRatio": 0.0125359102,
    "incomeTaxExpense": -80000000,
    "netIncome": 128000000,
    "netIncomeRatio": 0.0334290938,
    "eps": 0.11,
    "epsdiluted": 0.11,
    "weightedAverageShsOut": 1115000000,
    "weightedAverageShsOutDil": 1115000000,
    "link": null,
    "finalLink": null
  },
  {
    "date": "2009-01-31",
    "symbol": "MDT",
    "reportedCurrency": "USD",
    "cik": "0001613103",
    "fillingDate": "2009-01-31",
    "acceptedDate": "2009-01-31 00:00:00",
    "calendarYear": "2009",
    "period": "Q3",
    "revenue": 3494000000,
    "costOfRevenue": 848000000,
    "grossProfit": 2646000000,
    "grossProfitRatio": 0.7572982255,
    "researchAndDevelopmentExpenses": 337000000,
    "generalAndAdministrativeExpenses": 0,
    "sellingAndMarketingExpenses": 0,
    "sellingGeneralAndAdministrativeExpenses": 1257000000,
    "otherExpenses": 1052000000,
    "operatingExpenses": 2646000000,
    "costAndExpenses": 3494000000,
    "interestIncome": 54000000,
    "interestExpense": 91000000,
    "depreciationAndAmortization": 170000000,
    "ebitda": 1154000000,
    "ebitdaratio": 0.3302804808,
    "operatingIncome": 1002000000,
    "operatingIncomeRatio": 0.2867773326,
    "totalOtherIncomeExpensesNet": -109000000,
    "incomeBeforeTax": 893000000,
    "incomeBeforeTaxRatio": 0.255580996,
    "incomeTaxExpense": 209000000,
    "netIncome": 698000000,
    "netIncomeRatio": 0.1997710361,
    "eps": 0.62,
    "epsdiluted": 0.62,
    "weightedAverageShsOut": 1119000000,
    "weightedAverageShsOutDil": 1121800000,
    "link": null,
    "finalLink": null
  },
  {
    "date": "2008-10-31",
    "symbol": "MDT",
    "reportedCurrency": "USD",
    "cik": "0001613103",
    "fillingDate": "2008-10-31",
    "acceptedDate": "2008-10-31 00:00:00",
    "calendarYear": "2009",
    "period": "Q2",
    "revenue": 3570000000,
    "costOfRevenue": 883000000,
    "grossProfit": 2687000000,
    "grossProfitRatio": 0.7526610644,
    "researchAndDevelopmentExpenses": 326000000,
    "generalAndAdministrativeExpenses": 0,
    "sellingAndMarketingExpenses": 0,
    "sellingGeneralAndAdministrativeExpenses": 1529000000,
    "otherExpenses": 832000000,
    "operatingExpenses": 2687000000,
    "costAndExpenses": 3570000000,
    "interestIncome": 42000000,
    "interestExpense": 90000000,
    "depreciationAndAmortization": 179000000,
    "ebitda": 892000000,
    "ebitdaratio": 0.249859944,
    "operatingIncome": 689000000,
    "operatingIncomeRatio": 0.1929971989,
    "totalOtherIncomeExpensesNet": -66000000,
    "incomeBeforeTax": 623000000,
    "incomeBeforeTaxRatio": 0.1745098039,
    "incomeTaxExpense": 90000000,
    "netIncome": 547000000,
    "netIncomeRatio": 0.1532212885,
    "eps": 0.49,
    "epsdiluted": 0.48,
    "weightedAverageShsOut": 1124500000,
    "weightedAverageShsOutDil": 1130700000,
    "link": null,
    "finalLink": null
  },
  {
    "date": "2008-07-31",
    "symbol": "MDT",
    "reportedCurrency": "USD",
    "cik": "0001613103",
    "fillingDate": "2008-07-31",
    "acceptedDate": "2008-07-31 00:00:00",
    "calendarYear": "2009",
    "period": "Q1",
    "revenue": 3706000000,
    "costOfRevenue": 855000000,
    "grossProfit": 2851000000,
    "grossProfitRatio": 0.7692930383,
    "researchAndDevelopmentExpenses": 324000000,
    "generalAndAdministrativeExpenses": 0,
    "sellingAndMarketingExpenses": 0,
    "sellingGeneralAndAdministrativeExpenses": 1318000000,
    "otherExpenses": 1209000000,
    "operatingExpenses": 2851000000,
    "costAndExpenses": 3706000000,
    "interestIncome": 52000000,
    "interestExpense": 99000000,
    "depreciationAndAmortization": 173000000,
    "ebitda": 1187000000,
    "ebitdaratio": 0.3202914193,
    "operatingIncome": 1058000000,
    "operatingIncomeRatio": 0.2854830005,
    "totalOtherIncomeExpensesNet": -143000000,
    "incomeBeforeTax": 915000000,
    "incomeBeforeTaxRatio": 0.2468969239,
    "incomeTaxExpense": 206000000,
    "netIncome": 723000000,
    "netIncomeRatio": 0.1950890448,
    "eps": 0.64,
    "epsdiluted": 0.64,
    "weightedAverageShsOut": 1125200000,
    "weightedAverageShsOutDil": 1131700000,
    "link": null,
    "finalLink": null
  },
  {
    "date": "2008-04-30",
    "symbol": "MDT",
    "reportedCurrency": "USD",
    "cik": "0001613103",
    "fillingDate": "2008-04-30",
    "acceptedDate": "2008-04-30 00:00:00",
    "calendarYear": "2008",
    "period": "Q4",
    "revenue": 3860000000,
    "costOfRevenue": 944000000,
    "grossProfit": 2916000000,
    "grossProfitRatio": 0.7554404145,
    "researchAndDevelopmentExpenses": 348000000,
    "generalAndAdministrativeExpenses": 0,
    "sellingAndMarketingExpenses": 0,
    "sellingGeneralAndAdministrativeExpenses": 1297000000,
    "otherExpenses": 1271000000,
    "operatingExpenses": 2916000000,
    "costAndExpenses": 3860000000,
    "interestIncome": 0,
    "interestExpense": 0,
    "depreciationAndAmortization": 180000000,
    "ebitda": 1451000000,
    "ebitdaratio": 0.3759067358,
    "operatingIncome": 1271000000,
    "operatingIncomeRatio": 0.3292746114,
    "totalOtherIncomeExpensesNet": -267000000,
    "incomeBeforeTax": 1004000000,
    "incomeBeforeTaxRatio": 0.2601036269,
    "incomeTaxExpense": 191000000,
    "netIncome": 813000000,
    "netIncomeRatio": 0.2106217617,
    "eps": 0.72,
    "epsdiluted": 0.72,
    "weightedAverageShsOut": 1124100000,
    "weightedAverageShsOutDil": 1126900000,
    "link": null,
    "finalLink": null
  },
  {
    "date": "2008-01-31",
    "symbol": "MDT",
    "reportedCurrency": "USD",
    "cik": "0001613103",
    "fillingDate": "2008-01-31",
    "acceptedDate": "2008-01-31 00:00:00",
    "calendarYear": "2008",
    "period": "Q3",
    "revenue": 3405000000,
    "costOfRevenue": 870000000,
    "grossProfit": 2535000000,
    "grossProfitRatio": 0.7444933921,
    "researchAndDevelopmentExpenses": 329000000,
    "generalAndAdministrativeExpenses": 0,
    "sellingAndMarketingExpenses": 0,
    "sellingGeneralAndAdministrativeExpenses": 1207000000,
    "otherExpenses": 999000000,
    "operatingExpenses": 2535000000,
    "costAndExpenses": 3405000000,
    "interestIncome": 0,
    "interestExpense": 0,
    "depreciationAndAmortization": 181000000,
    "ebitda": 1180000000,
    "ebitdaratio": 0.3465491924,
    "operatingIncome": 999000000,
    "operatingIncomeRatio": 0.2933920705,
    "totalOtherIncomeExpensesNet": -864000000,
    "incomeBeforeTax": 135000000,
    "incomeBeforeTaxRatio": 0.0396475771,
    "incomeTaxExpense": 58000000,
    "netIncome": 77000000,
    "netIncomeRatio": 0.0226138032,
    "eps": 0.07,
    "epsdiluted": 0.07,
    "weightedAverageShsOut": 1126900000,
    "weightedAverageShsOutDil": 1135000000,
    "link": null,
    "finalLink": null
  },
  {
    "date": "2007-10-31",
    "symbol": "MDT",
    "reportedCurrency": "USD",
    "cik": "0001613103",
    "fillingDate": "2007-10-31",
    "acceptedDate": "2007-10-31 00:00:00",
    "calendarYear": "2008",
    "period": "Q2",
    "revenue": 3124000000,
    "costOfRevenue": 840000000,
    "grossProfit": 2284000000,
    "grossProfitRatio": 0.7311139565,
    "researchAndDevelopmentExpenses": 298000000,
    "generalAndAdministrativeExpenses": 0,
    "sellingAndMarketingExpenses": 0,
    "sellingGeneralAndAdministrativeExpenses": 1107000000,
    "otherExpenses": 879000000,
    "operatingExpenses": 2284000000,
    "costAndExpenses": 3124000000,
    "interestIncome": 0,
    "interestExpense": 0,
    "depreciationAndAmortization": 127000000,
    "ebitda": 1006000000,
    "ebitdaratio": 0.3220230474,
    "operatingIncome": 879000000,
    "operatingIncomeRatio": 0.2813700384,
    "totalOtherIncomeExpensesNet": -11000000,
    "incomeBeforeTax": 868000000,
    "incomeBeforeTaxRatio": 0.2778489117,
    "incomeTaxExpense": 202000000,
    "netIncome": 666000000,
    "netIncomeRatio": 0.2131882202,
    "eps": 0.59,
    "epsdiluted": 0.58,
    "weightedAverageShsOut": 1133100000,
    "weightedAverageShsOutDil": 1147700000,
    "link": null,
    "finalLink": null
  },
  {
    "date": "2007-07-31",
    "symbol": "MDT",
    "reportedCurrency": "USD",
    "cik": "0001613103",
    "fillingDate": "2007-07-31",
    "acceptedDate": "2007-07-31 00:00:00",
    "calendarYear": "2008",
    "period": "Q1",
    "revenue": 3127000000,
    "costOfRevenue": 792000000,
    "grossProfit": 2335000000,
    "grossProfitRatio": 0.7467220979,
    "researchAndDevelopmentExpenses": 300000000,
    "generalAndAdministrativeExpenses": 0,
    "sellingAndMarketingExpenses": 0,
    "sellingGeneralAndAdministrativeExpenses": 1096000000,
    "otherExpenses": 939000000,
    "operatingExpenses": 2335000000,
    "costAndExpenses": 3127000000,
    "interestIncome": 0,
    "interestExpense": 0,
    "depreciationAndAmortization": 149000000,
    "ebitda": 1088000000,
    "ebitdaratio": 0.3479373201,
    "operatingIncome": 939000000,
    "operatingIncomeRatio": 0.3002878158,
    "totalOtherIncomeExpensesNet": -60000000,
    "incomeBeforeTax": 879000000,
    "incomeBeforeTaxRatio": 0.2811000959,
    "incomeTaxExpense": 204000000,
    "netIncome": 675000000,
    "netIncomeRatio": 0.2158618484,
    "eps": 0.59,
    "epsdiluted": 0.59,
    "weightedAverageShsOut": 1138700000,
    "weightedAverageShsOutDil": 1153100000,
    "link": null,
    "finalLink": null
  },
  {
    "date": "2007-04-30",
    "symbol": "MDT",
    "reportedCurrency": "USD",
    "cik": "0001613103",
    "fillingDate": "2007-04-30",
    "acceptedDate": "2007-04-30 00:00:00",
    "calendarYear": "2007",
    "period": "Q4",
    "revenue": 3280000000,
    "costOfRevenue": 866000000,
    "grossProfit": 2414000000,
    "grossProfitRatio": 0.7359756098,
    "researchAndDevelopmentExpenses": 327000000,
    "generalAndAdministrativeExpenses": 0,
    "sellingAndMarketingExpenses": 0,
    "sellingGeneralAndAdministrativeExpenses": 1055000000,
    "otherExpenses": 1032000000,
    "operatingExpenses": 2414000000,
    "costAndExpenses": 3280000000,
    "interestIncome": 0,
    "interestExpense": 0,
    "depreciationAndAmortization": 168000000,
    "ebitda": 1200000000,
    "ebitdaratio": 0.3658536585,
    "operatingIncome": 1032000000,
    "operatingIncomeRatio": 0.3146341463,
    "totalOtherIncomeExpensesNet": -177000000,
    "incomeBeforeTax": 855000000,
    "incomeBeforeTaxRatio": 0.2606707317,
    "incomeTaxExpense": 43000000,
    "netIncome": 812000000,
    "netIncomeRatio": 0.2475609756,
    "eps": 0.71,
    "epsdiluted": 0.71,
    "weightedAverageShsOut": 1146400000,
    "weightedAverageShsOutDil": 1149000000,
    "link": null,
    "finalLink": null
  },
  {
    "date": "2007-01-31",
    "symbol": "MDT",
    "reportedCurrency": "USD",
    "cik": "0001613103",
    "fillingDate": "2007-01-31",
    "acceptedDate": "2007-01-31 00:00:00",
    "calendarYear": "2007",
    "period": "Q3",
    "revenue": 3048000000,
    "costOfRevenue": 775000000,
    "grossProfit": 2273000000,
    "grossProfitRatio": 0.7457349081,
    "researchAndDevelopmentExpenses": 293000000,
    "generalAndAdministrativeExpenses": 0,
    "sellingAndMarketingExpenses": 0,
    "sellingGeneralAndAdministrativeExpenses": 1038000000,
    "otherExpenses": 942000000,
    "operatingExpenses": 2273000000,
    "costAndExpenses": 3048000000,
    "interestIncome": 0,
    "interestExpense": 0,
    "depreciationAndAmortization": 138000000,
    "ebitda": 1080000000,
    "ebitdaratio": 0.3543307087,
    "operatingIncome": 942000000,
    "operatingIncomeRatio": 0.3090551181,
    "totalOtherIncomeExpensesNet": -8000000,
    "incomeBeforeTax": 934000000,
    "incomeBeforeTaxRatio": 0.3064304462,
    "incomeTaxExpense": 224000000,
    "netIncome": 710000000,
    "netIncomeRatio": 0.2329396325,
    "eps": 0.62,
    "epsdiluted": 0.61,
    "weightedAverageShsOut": 1149000000,
    "weightedAverageShsOutDil": 1163700000,
    "link": null,
    "finalLink": null
  },
  {
    "date": "2006-10-31",
    "symbol": "MDT",
    "reportedCurrency": "USD",
    "cik": "0001613103",
    "fillingDate": "2006-10-31",
    "acceptedDate": "2006-10-31 00:00:00",
    "calendarYear": "2007",
    "period": "Q2",
    "revenue": 3075000000,
    "costOfRevenue": 795000000,
    "grossProfit": 2280000000,
    "grossProfitRatio": 0.7414634146,
    "researchAndDevelopmentExpenses": 320000000,
    "generalAndAdministrativeExpenses": 0,
    "sellingAndMarketingExpenses": 0,
    "sellingGeneralAndAdministrativeExpenses": 1036000000,
    "otherExpenses": 924000000,
    "operatingExpenses": 2280000000,
    "costAndExpenses": 3075000000,
    "interestIncome": 0,
    "interestExpense": 0,
    "depreciationAndAmortization": 137000000,
    "ebitda": 1061000000,
    "ebitdaratio": 0.3450406504,
    "operatingIncome": 924000000,
    "operatingIncomeRatio": 0.3004878049,
    "totalOtherIncomeExpensesNet": -13000000,
    "incomeBeforeTax": 911000000,
    "incomeBeforeTaxRatio": 0.2962601626,
    "incomeTaxExpense": 230000000,
    "netIncome": 681000000,
    "netIncomeRatio": 0.2214634146,
    "eps": 0.59,
    "epsdiluted": 0.59,
    "weightedAverageShsOut": 1149300000,
    "weightedAverageShsOutDil": 1159400000,
    "link": null,
    "finalLink": null
  },
  {
    "date": "2006-07-31",
    "symbol": "MDT",
    "reportedCurrency": "USD",
    "cik": "0001613103",
    "fillingDate": "2006-07-31",
    "acceptedDate": "2006-07-31 00:00:00",
    "calendarYear": "2007",
    "period": "Q1",
    "revenue": 2897000000,
    "costOfRevenue": 732000000,
    "grossProfit": 2165000000,
    "grossProfitRatio": 0.7473248188,
    "researchAndDevelopmentExpenses": 299000000,
    "generalAndAdministrativeExpenses": 0,
    "sellingAndMarketingExpenses": 0,
    "sellingGeneralAndAdministrativeExpenses": 984000000,
    "otherExpenses": 882000000,
    "operatingExpenses": 2165000000,
    "costAndExpenses": 2897000000,
    "interestIncome": 0,
    "interestExpense": 0,
    "depreciationAndAmortization": 140000000,
    "ebitda": 1022000000,
    "ebitdaratio": 0.3527787366,
    "operatingIncome": 882000000,
    "operatingIncomeRatio": 0.3044528823,
    "totalOtherIncomeExpensesNet": -67000000,
    "incomeBeforeTax": 815000000,
    "incomeBeforeTaxRatio": 0.2813255091,
    "incomeTaxExpense": 216000000,
    "netIncome": 599000000,
    "netIncomeRatio": 0.2067656196,
    "eps": 0.52,
    "epsdiluted": 0.51,
    "weightedAverageShsOut": 1153800000,
    "weightedAverageShsOutDil": 1164800000,
    "link": null,
    "finalLink": null
  },
  {
    "date": "2006-04-30",
    "symbol": "MDT",
    "reportedCurrency": "USD",
    "cik": "0001613103",
    "fillingDate": "2006-04-30",
    "acceptedDate": "2006-04-30 00:00:00",
    "calendarYear": "2006",
    "period": "Q4",
    "revenue": 3066700000,
    "costOfRevenue": 768000000,
    "grossProfit": 2298700000,
    "grossProfitRatio": 0.7495679395,
    "researchAndDevelopmentExpenses": 294000000,
    "generalAndAdministrativeExpenses": 0,
    "sellingAndMarketingExpenses": 0,
    "sellingGeneralAndAdministrativeExpenses": 974100000,
    "otherExpenses": 1030600000,
    "operatingExpenses": 2298700000,
    "costAndExpenses": 3066700000,
    "interestIncome": 0,
    "interestExpense": 0,
    "depreciationAndAmortization": 136500000,
    "ebitda": 1167100000,
    "ebitdaratio": 0.3805719503,
    "operatingIncome": 1030600000,
    "operatingIncomeRatio": 0.3360615645,
    "totalOtherIncomeExpensesNet": -30700000,
    "incomeBeforeTax": 999900000,
    "incomeBeforeTaxRatio": 0.3260508038,
    "incomeTaxExpense": 259900000,
    "netIncome": 740000000,
    "netIncomeRatio": 0.241301725,
    "eps": 0.61,
    "epsdiluted": 0.61,
    "weightedAverageShsOut": 1189800000,
    "weightedAverageShsOutDil": 1208500000,
    "link": null,
    "finalLink": null
  },
  {
    "date": "2006-01-31",
    "symbol": "MDT",
    "reportedCurrency": "USD",
    "cik": "0001613103",
    "fillingDate": "2006-01-31",
    "acceptedDate": "2006-01-31 00:00:00",
    "calendarYear": "2006",
    "period": "Q3",
    "revenue": 2769500000,
    "costOfRevenue": 699000000,
    "grossProfit": 2071000000,
    "grossProfitRatio": 0.7477884095,
    "researchAndDevelopmentExpenses": 280300000,
    "generalAndAdministrativeExpenses": 0,
    "sellingAndMarketingExpenses": 0,
    "sellingGeneralAndAdministrativeExpenses": 900000000,
    "otherExpenses": 891000000,
    "operatingExpenses": 2071000000,
    "costAndExpenses": 2770000000,
    "interestIncome": 0,
    "interestExpense": 0,
    "depreciationAndAmortization": 138400000,
    "ebitda": 1028000000,
    "ebitdaratio": 0.3711861347,
    "operatingIncome": 891000000,
    "operatingIncomeRatio": 0.3217187218,
    "totalOtherIncomeExpensesNet": 14000000,
    "incomeBeforeTax": 905000000,
    "incomeBeforeTaxRatio": 0.3267737859,
    "incomeTaxExpense": 235300000,
    "netIncome": 669600000,
    "netIncomeRatio": 0.241776494,
    "eps": 0.55,
    "epsdiluted": 0.55,
    "weightedAverageShsOut": 1208500000,
    "weightedAverageShsOutDil": 1222800000,
    "link": null,
    "finalLink": null
  },
  {
    "date": "2005-10-31",
    "symbol": "MDT",
    "reportedCurrency": "USD",
    "cik": "0001613103",
    "fillingDate": "2005-10-31",
    "acceptedDate": "2005-10-31 00:00:00",
    "calendarYear": "2006",
    "period": "Q2",
    "revenue": 2765400000,
    "costOfRevenue": 695000000,
    "grossProfit": 2070000000,
    "grossProfitRatio": 0.7485354741,
    "researchAndDevelopmentExpenses": 275400000,
    "generalAndAdministrativeExpenses": 0,
    "sellingAndMarketingExpenses": 0,
    "sellingGeneralAndAdministrativeExpenses": 903000000,
    "otherExpenses": 892000000,
    "operatingExpenses": 2070000000,
    "costAndExpenses": 2765000000,
    "interestIncome": 0,
    "interestExpense": 0,
    "depreciationAndAmortization": 141100000,
    "ebitda": 1033000000,
    "ebitdaratio": 0.3735445144,
    "operatingIncome": 892000000,
    "operatingIncomeRatio": 0.3225573154,
    "totalOtherIncomeExpensesNet": -127000000,
    "incomeBeforeTax": 765000000,
    "incomeBeforeTaxRatio": 0.2766326752,
    "incomeTaxExpense": -51600000,
    "netIncome": 816500000,
    "netIncomeRatio": 0.2952556592,
    "eps": 0.68,
    "epsdiluted": 0.67,
    "weightedAverageShsOut": 1208600000,
    "weightedAverageShsOutDil": 1222500000,
    "link": null,
    "finalLink": null
  },
  {
    "date": "2005-07-31",
    "symbol": "MDT",
    "reportedCurrency": "USD",
    "cik": "0001613103",
    "fillingDate": "2005-07-31",
    "acceptedDate": "2005-07-31 00:00:00",
    "calendarYear": "2006",
    "period": "Q1",
    "revenue": 2690400000,
    "costOfRevenue": 654000000,
    "grossProfit": 2036000000,
    "grossProfitRatio": 0.7567647933,
    "researchAndDevelopmentExpenses": 263200000,
    "generalAndAdministrativeExpenses": 0,
    "sellingAndMarketingExpenses": 0,
    "sellingGeneralAndAdministrativeExpenses": 882000000,
    "otherExpenses": 891000000,
    "operatingExpenses": 2036000000,
    "costAndExpenses": 2690000000,
    "interestIncome": 0,
    "interestExpense": 0,
    "depreciationAndAmortization": 127600000,
    "ebitda": 1019000000,
    "ebitdaratio": 0.3787540886,
    "operatingIncome": 891000000,
    "operatingIncomeRatio": 0.3311775201,
    "totalOtherIncomeExpensesNet": -399000000,
    "incomeBeforeTax": 492000000,
    "incomeBeforeTaxRatio": 0.1828724353,
    "incomeTaxExpense": 171000000,
    "netIncome": 320600000,
    "netIncomeRatio": 0.1191644365,
    "eps": 0.26,
    "epsdiluted": 0.26,
    "weightedAverageShsOut": 1210500000,
    "weightedAverageShsOutDil": 1222600000,
    "link": null,
    "finalLink": null
  },
  {
    "date": "2005-04-30",
    "symbol": "MDT",
    "reportedCurrency": "USD",
    "cik": "0001613103",
    "fillingDate": "2005-04-30",
    "acceptedDate": "2005-04-30 00:00:00",
    "calendarYear": "2005",
    "period": "Q4",
    "revenue": 2778000000,
    "costOfRevenue": 705700000,
    "grossProfit": 2072300000,
    "grossProfitRatio": 0.7459683225,
    "researchAndDevelopmentExpenses": 247900000,
    "generalAndAdministrativeExpenses": 0,
    "sellingAndMarketingExpenses": 0,
    "sellingGeneralAndAdministrativeExpenses": 857700000,
    "otherExpenses": 966700000,
    "operatingExpenses": 2072300000,
    "costAndExpenses": 2778000000,
    "interestIncome": 0,
    "interestExpense": 0,
    "depreciationAndAmortization": 124000000,
    "ebitda": 1090700000,
    "ebitdaratio": 0.3926205904,
    "operatingIncome": 966700000,
    "operatingIncomeRatio": 0.3479841613,
    "totalOtherIncomeExpensesNet": -687800000,
    "incomeBeforeTax": 278900000,
    "incomeBeforeTaxRatio": 0.1003959683,
    "incomeTaxExpense": 84500000,
    "netIncome": 194400000,
    "netIncomeRatio": 0.0699784017,
    "eps": 0.16,
    "epsdiluted": 0.16,
    "weightedAverageShsOut": 1208200000,
    "weightedAverageShsOutDil": 1208200000,
    "link": null,
    "finalLink": null
  },
  {
    "date": "2005-01-31",
    "symbol": "MDT",
    "reportedCurrency": "USD",
    "cik": "0001613103",
    "fillingDate": "2005-01-31",
    "acceptedDate": "2005-01-31 00:00:00",
    "calendarYear": "2005",
    "period": "Q3",
    "revenue": 2530700000,
    "costOfRevenue": 605600000,
    "grossProfit": 1925100000,
    "grossProfitRatio": 0.7606986209,
    "researchAndDevelopmentExpenses": 241000000,
    "generalAndAdministrativeExpenses": 0,
    "sellingAndMarketingExpenses": 0,
    "sellingGeneralAndAdministrativeExpenses": 814200000,
    "otherExpenses": 869900000,
    "operatingExpenses": 1925100000,
    "costAndExpenses": 2530700000,
    "interestIncome": 0,
    "interestExpense": 0,
    "depreciationAndAmortization": 115600000,
    "ebitda": 985500000,
    "ebitdaratio": 0.3894179476,
    "operatingIncome": 869900000,
    "operatingIncomeRatio": 0.3437388865,
    "totalOtherIncomeExpensesNet": -105900000,
    "incomeBeforeTax": 764000000,
    "incomeBeforeTaxRatio": 0.3018927569,
    "incomeTaxExpense": 219900000,
    "netIncome": 544100000,
    "netIncomeRatio": 0.2149998024,
    "eps": 0.45,
    "epsdiluted": 0.45,
    "weightedAverageShsOut": 1208200000,
    "weightedAverageShsOutDil": 1219100000,
    "link": null,
    "finalLink": null
  },
  {
    "date": "2004-10-31",
    "symbol": "MDT",
    "reportedCurrency": "USD",
    "cik": "0001613103",
    "fillingDate": "2004-10-31",
    "acceptedDate": "2004-10-31 00:00:00",
    "calendarYear": "2005",
    "period": "Q2",
    "revenue": 2399800000,
    "costOfRevenue": 584800000,
    "grossProfit": 1815000000,
    "grossProfitRatio": 0.7563130261,
    "researchAndDevelopmentExpenses": 232700000,
    "generalAndAdministrativeExpenses": 0,
    "sellingAndMarketingExpenses": 0,
    "sellingGeneralAndAdministrativeExpenses": 772000000,
    "otherExpenses": 810300000,
    "operatingExpenses": 1815000000,
    "costAndExpenses": 2399800000,
    "interestIncome": 0,
    "interestExpense": 0,
    "depreciationAndAmortization": 113600000,
    "ebitda": 923900000,
    "ebitdaratio": 0.3849904159,
    "operatingIncome": 810300000,
    "operatingIncomeRatio": 0.3376531378,
    "totalOtherIncomeExpensesNet": -55800000,
    "incomeBeforeTax": 754500000,
    "incomeBeforeTaxRatio": 0.3144012001,
    "incomeTaxExpense": 218800000,
    "netIncome": 535700000,
    "netIncomeRatio": 0.2232269356,
    "eps": 0.44,
    "epsdiluted": 0.44,
    "weightedAverageShsOut": 1209500000,
    "weightedAverageShsOutDil": 1221400000,
    "link": null,
    "finalLink": null
  },
  {
    "date": "2004-07-31",
    "symbol": "MDT",
    "reportedCurrency": "USD",
    "cik": "0001613103",
    "fillingDate": "2004-07-31",
    "acceptedDate": "2004-07-31 00:00:00",
    "calendarYear": "2005",
    "period": "Q1",
    "revenue": 2346100000,
    "costOfRevenue": 550300000,
    "grossProfit": 1795800000,
    "grossProfitRatio": 0.7654405183,
    "researchAndDevelopmentExpenses": 229700000,
    "generalAndAdministrativeExpenses": 0,
    "sellingAndMarketingExpenses": 0,
    "sellingGeneralAndAdministrativeExpenses": 769700000,
    "otherExpenses": 796400000,
    "operatingExpenses": 1795800000,
    "costAndExpenses": 2346100000,
    "interestIncome": 0,
    "interestExpense": 0,
    "depreciationAndAmortization": 110100000,
    "ebitda": 906500000,
    "ebitdaratio": 0.3863859171,
    "operatingIncome": 796400000,
    "operatingIncomeRatio": 0.3394569711,
    "totalOtherIncomeExpensesNet": -50300000,
    "incomeBeforeTax": 746100000,
    "incomeBeforeTaxRatio": 0.3180171348,
    "incomeTaxExpense": 216400000,
    "netIncome": 529700000,
    "netIncomeRatio": 0.2257789523,
    "eps": 0.44,
    "epsdiluted": 0.43,
    "weightedAverageShsOut": 1209000000,
    "weightedAverageShsOutDil": 1220900000,
    "link": null,
    "finalLink": null
  },
  {
    "date": "2004-04-30",
    "symbol": "MDT",
    "reportedCurrency": "USD",
    "cik": "0001613103",
    "fillingDate": "2004-04-30",
    "acceptedDate": "2004-04-30 00:00:00",
    "calendarYear": "2004",
    "period": "Q4",
    "revenue": 2665400000,
    "costOfRevenue": 664500000,
    "grossProfit": 2000900000,
    "grossProfitRatio": 0.7506940797,
    "researchAndDevelopmentExpenses": 244100000,
    "generalAndAdministrativeExpenses": 0,
    "sellingAndMarketingExpenses": 0,
    "sellingGeneralAndAdministrativeExpenses": 804900000,
    "otherExpenses": 951900000,
    "operatingExpenses": 2000900000,
    "costAndExpenses": 2665400000,
    "interestIncome": 0,
    "interestExpense": 0,
    "depreciationAndAmortization": 110000000,
    "ebitda": 1061900000,
    "ebitdaratio": 0.3984017408,
    "operatingIncome": 951900000,
    "operatingIncomeRatio": 0.3571321378,
    "totalOtherIncomeExpensesNet": -137700000,
    "incomeBeforeTax": 814200000,
    "incomeBeforeTaxRatio": 0.3054700983,
    "incomeTaxExpense": 245300000,
    "netIncome": 568900000,
    "netIncomeRatio": 0.2134388835,
    "eps": 0.47,
    "epsdiluted": 0.47,
    "weightedAverageShsOut": 1210400000,
    "weightedAverageShsOutDil": 1211800000,
    "link": null,
    "finalLink": null
  },
  {
    "date": "2004-01-31",
    "symbol": "MDT",
    "reportedCurrency": "USD",
    "cik": "0001613103",
    "fillingDate": "2004-01-31",
    "acceptedDate": "2004-01-31 00:00:00",
    "calendarYear": "2004",
    "period": "Q3",
    "revenue": 2193800000,
    "costOfRevenue": 538400000,
    "grossProfit": 1655400000,
    "grossProfitRatio": 0.7545810922,
    "researchAndDevelopmentExpenses": 207100000,
    "generalAndAdministrativeExpenses": 0,
    "sellingAndMarketingExpenses": 0,
    "sellingGeneralAndAdministrativeExpenses": 679300000,
    "otherExpenses": 769000000,
    "operatingExpenses": 1655400000,
    "costAndExpenses": 2193800000,
    "interestIncome": 0,
    "interestExpense": 0,
    "depreciationAndAmortization": 115800000,
    "ebitda": 884800000,
    "ebitdaratio": 0.4033184429,
    "operatingIncome": 769000000,
    "operatingIncomeRatio": 0.3505333212,
    "totalOtherIncomeExpensesNet": -111200000,
    "incomeBeforeTax": 657800000,
    "incomeBeforeTaxRatio": 0.2998450178,
    "incomeTaxExpense": 193900000,
    "netIncome": 463900000,
    "netIncomeRatio": 0.2114595679,
    "eps": 0.38,
    "epsdiluted": 0.38,
    "weightedAverageShsOut": 1211800000,
    "weightedAverageShsOutDil": 1222300000,
    "link": null,
    "finalLink": null
  },
  {
    "date": "2003-10-31",
    "symbol": "MDT",
    "reportedCurrency": "USD",
    "cik": "0001613103",
    "fillingDate": "2003-10-31",
    "acceptedDate": "2003-10-31 00:00:00",
    "calendarYear": "2004",
    "period": "Q2",
    "revenue": 2163800000,
    "costOfRevenue": 536000000,
    "grossProfit": 1627800000,
    "grossProfitRatio": 0.7522876421,
    "researchAndDevelopmentExpenses": 202400000,
    "generalAndAdministrativeExpenses": 0,
    "sellingAndMarketingExpenses": 0,
    "sellingGeneralAndAdministrativeExpenses": 745700000,
    "otherExpenses": 679700000,
    "operatingExpenses": 1627800000,
    "costAndExpenses": 2163800000,
    "interestIncome": 0,
    "interestExpense": 0,
    "depreciationAndAmortization": 117100000,
    "ebitda": 796800000,
    "ebitdaratio": 0.3682410574,
    "operatingIncome": 679700000,
    "operatingIncomeRatio": 0.3141233016,
    "totalOtherIncomeExpensesNet": 1800000,
    "incomeBeforeTax": 681500000,
    "incomeBeforeTaxRatio": 0.3149551715,
    "incomeTaxExpense": 205400000,
    "netIncome": 476100000,
    "netIncomeRatio": 0.2200295776,
    "eps": 0.39,
    "epsdiluted": 0.39,
    "weightedAverageShsOut": 1214500000,
    "weightedAverageShsOutDil": 1227600000,
    "link": null,
    "finalLink": null
  },
  {
    "date": "2003-07-31",
    "symbol": "MDT",
    "reportedCurrency": "USD",
    "cik": "0001613103",
    "fillingDate": "2003-07-31",
    "acceptedDate": "2003-07-31 00:00:00",
    "calendarYear": "2004",
    "period": "Q1",
    "revenue": 2064200000,
    "costOfRevenue": 514000000,
    "grossProfit": 1550200000,
    "grossProfitRatio": 0.7509931208,
    "researchAndDevelopmentExpenses": 197900000,
    "generalAndAdministrativeExpenses": 0,
    "sellingAndMarketingExpenses": 0,
    "sellingGeneralAndAdministrativeExpenses": 643900000,
    "otherExpenses": 708400000,
    "operatingExpenses": 1550200000,
    "costAndExpenses": 2064200000,
    "interestIncome": 0,
    "interestExpense": 0,
    "depreciationAndAmortization": 99700000,
    "ebitda": 808100000,
    "ebitdaratio": 0.3914833834,
    "operatingIncome": 708400000,
    "operatingIncomeRatio": 0.3431838,
    "totalOtherIncomeExpensesNet": -65000000,
    "incomeBeforeTax": 643400000,
    "incomeBeforeTaxRatio": 0.3116946032,
    "incomeTaxExpense": 193000000,
    "netIncome": 450400000,
    "netIncomeRatio": 0.2181959112,
    "eps": 0.37,
    "epsdiluted": 0.37,
    "weightedAverageShsOut": 1217600000,
    "weightedAverageShsOutDil": 1229900000,
    "link": null,
    "finalLink": null
  },
  {
    "date": "2003-04-30",
    "symbol": "MDT",
    "reportedCurrency": "USD",
    "cik": "0001613103",
    "fillingDate": "2003-04-30",
    "acceptedDate": "2003-04-30 00:00:00",
    "calendarYear": "2003",
    "period": "Q4",
    "revenue": 2147800000,
    "costOfRevenue": 540600000,
    "grossProfit": 1607200000,
    "grossProfitRatio": 0.7483005866,
    "researchAndDevelopmentExpenses": 189400000,
    "generalAndAdministrativeExpenses": 0,
    "sellingAndMarketingExpenses": 0,
    "sellingGeneralAndAdministrativeExpenses": 649400000,
    "otherExpenses": 768400000,
    "operatingExpenses": 1607200000,
    "costAndExpenses": 2147800000,
    "interestIncome": 0,
    "interestExpense": 0,
    "depreciationAndAmortization": 102600000,
    "ebitda": 871000000,
    "ebitdaratio": 0.4055312413,
    "operatingIncome": 768400000,
    "operatingIncomeRatio": 0.3577614303,
    "totalOtherIncomeExpensesNet": -72600000,
    "incomeBeforeTax": 695800000,
    "incomeBeforeTaxRatio": 0.3239594003,
    "incomeTaxExpense": 208700000,
    "netIncome": 487100000,
    "netIncomeRatio": 0.2267902039,
    "eps": 0.4,
    "epsdiluted": 0.4,
    "weightedAverageShsOut": 1218400000,
    "weightedAverageShsOutDil": 1220500000,
    "link": null,
    "finalLink": null
  },
  {
    "date": "2003-01-31",
    "symbol": "MDT",
    "reportedCurrency": "USD",
    "cik": "0001613103",
    "fillingDate": "2003-01-31",
    "acceptedDate": "2003-01-31 00:00:00",
    "calendarYear": "2003",
    "period": "Q3",
    "revenue": 1912500000,
    "costOfRevenue": 474800000,
    "grossProfit": 1437700000,
    "grossProfitRatio": 0.7517385621,
    "researchAndDevelopmentExpenses": 187100000,
    "generalAndAdministrativeExpenses": 0,
    "sellingAndMarketingExpenses": 0,
    "sellingGeneralAndAdministrativeExpenses": 587800000,
    "otherExpenses": 662800000,
    "operatingExpenses": 1437700000,
    "costAndExpenses": 1912500000,
    "interestIncome": 0,
    "interestExpense": 0,
    "depreciationAndAmortization": 105000000,
    "ebitda": 767800000,
    "ebitdaratio": 0.4014640523,
    "operatingIncome": 662800000,
    "operatingIncomeRatio": 0.3465620915,
    "totalOtherIncomeExpensesNet": -51700000,
    "incomeBeforeTax": 611100000,
    "incomeBeforeTaxRatio": 0.3195294118,
    "incomeTaxExpense": 183400000,
    "netIncome": 427700000,
    "netIncomeRatio": 0.2236339869,
    "eps": 0.35,
    "epsdiluted": 0.35,
    "weightedAverageShsOut": 1220500000,
    "weightedAverageShsOutDil": 1232800000,
    "link": null,
    "finalLink": null
  },
  {
    "date": "2002-10-31",
    "symbol": "MDT",
    "reportedCurrency": "USD",
    "cik": "0001613103",
    "fillingDate": "2002-10-31",
    "acceptedDate": "2002-10-31 00:00:00",
    "calendarYear": "2003",
    "period": "Q2",
    "revenue": 1891000000,
    "costOfRevenue": 460700000,
    "grossProfit": 1430300000,
    "grossProfitRatio": 0.7563722898,
    "researchAndDevelopmentExpenses": 193500000,
    "generalAndAdministrativeExpenses": 0,
    "sellingAndMarketingExpenses": 0,
    "sellingGeneralAndAdministrativeExpenses": 598600000,
    "otherExpenses": 638200000,
    "operatingExpenses": 1430300000,
    "costAndExpenses": 1891000000,
    "interestIncome": 0,
    "interestExpense": 0,
    "depreciationAndAmortization": 102600000,
    "ebitda": 740800000,
    "ebitdaratio": 0.3917503966,
    "operatingIncome": 638200000,
    "operatingIncomeRatio": 0.3374933897,
    "totalOtherIncomeExpensesNet": -150200000,
    "incomeBeforeTax": 488000000,
    "incomeBeforeTaxRatio": 0.2580645161,
    "incomeTaxExpense": 186300000,
    "netIncome": 301700000,
    "netIncomeRatio": 0.1595452142,
    "eps": 0.25,
    "epsdiluted": 0.25,
    "weightedAverageShsOut": 1215600000,
    "weightedAverageShsOutDil": 1223800000,
    "link": null,
    "finalLink": null
  },
  {
    "date": "2002-07-31",
    "symbol": "MDT",
    "reportedCurrency": "USD",
    "cik": "0001613103",
    "fillingDate": "2002-07-31",
    "acceptedDate": "2002-07-31 00:00:00",
    "calendarYear": "2003",
    "period": "Q1",
    "revenue": 1713900000,
    "costOfRevenue": 414200000,
    "grossProfit": 1299700000,
    "grossProfitRatio": 0.7583289573,
    "researchAndDevelopmentExpenses": 179400000,
    "generalAndAdministrativeExpenses": 0,
    "sellingAndMarketingExpenses": 0,
    "sellingGeneralAndAdministrativeExpenses": 536100000,
    "otherExpenses": 584200000,
    "operatingExpenses": 1299700000,
    "costAndExpenses": 1713900000,
    "interestIncome": 0,
    "interestExpense": 0,
    "depreciationAndAmortization": 97900000,
    "ebitda": 682100000,
    "ebitdaratio": 0.3979812124,
    "operatingIncome": 584200000,
    "operatingIncomeRatio": 0.3408600268,
    "totalOtherIncomeExpensesNet": -37800000,
    "incomeBeforeTax": 546400000,
    "incomeBeforeTaxRatio": 0.3188050645,
    "incomeTaxExpense": 163100000,
    "netIncome": 383300000,
    "netIncomeRatio": 0.2236419861,
    "eps": 0.32,
    "epsdiluted": 0.31,
    "weightedAverageShsOut": 1215200000,
    "weightedAverageShsOutDil": 1224200000,
    "link": null,
    "finalLink": null
  },
  {
    "date": "2002-04-30",
    "symbol": "MDT",
    "reportedCurrency": "USD",
    "cik": "0001613103",
    "fillingDate": "2002-04-30",
    "acceptedDate": "2002-04-30 00:00:00",
    "calendarYear": "2002",
    "period": "Q4",
    "revenue": 1791500000,
    "costOfRevenue": 456800000,
    "grossProfit": 1334700000,
    "grossProfitRatio": 0.7450181412,
    "researchAndDevelopmentExpenses": 169500000,
    "generalAndAdministrativeExpenses": 0,
    "sellingAndMarketingExpenses": 0,
    "sellingGeneralAndAdministrativeExpenses": 545300000,
    "otherExpenses": 619900000,
    "operatingExpenses": 1334700000,
    "costAndExpenses": 1791500000,
    "interestIncome": 0,
    "interestExpense": 0,
    "depreciationAndAmortization": 111500000,
    "ebitda": 731400000,
    "ebitdaratio": 0.4082612336,
    "operatingIncome": 619900000,
    "operatingIncomeRatio": 0.3460228858,
    "totalOtherIncomeExpensesNet": -197500000,
    "incomeBeforeTax": 422400000,
    "incomeBeforeTaxRatio": 0.2357800726,
    "incomeTaxExpense": 121500000,
    "netIncome": 300900000,
    "netIncomeRatio": 0.1679598102,
    "eps": 0.25,
    "epsdiluted": 0.25,
    "weightedAverageShsOut": 1212400000,
    "weightedAverageShsOutDil": 1212400000,
    "link": null,
    "finalLink": null
  },
  {
    "date": "2002-01-31",
    "symbol": "MDT",
    "reportedCurrency": "USD",
    "cik": "0001613103",
    "fillingDate": "2002-01-31",
    "acceptedDate": "2002-01-31 00:00:00",
    "calendarYear": "2002",
    "period": "Q3",
    "revenue": 1592400000,
    "costOfRevenue": 412800000,
    "grossProfit": 1179600000,
    "grossProfitRatio": 0.7407686511,
    "researchAndDevelopmentExpenses": 163400000,
    "generalAndAdministrativeExpenses": 0,
    "sellingAndMarketingExpenses": 0,
    "sellingGeneralAndAdministrativeExpenses": 493500000,
    "otherExpenses": 522700000,
    "operatingExpenses": 1179600000,
    "costAndExpenses": 1592400000,
    "interestIncome": 0,
    "interestExpense": 0,
    "depreciationAndAmortization": 89800000,
    "ebitda": 612500000,
    "ebitdaratio": 0.3846395378,
    "operatingIncome": 522700000,
    "operatingIncomeRatio": 0.3282466717,
    "totalOtherIncomeExpensesNet": -79600000,
    "incomeBeforeTax": 443100000,
    "incomeBeforeTaxRatio": 0.2782592313,
    "incomeTaxExpense": 128200000,
    "netIncome": 314900000,
    "netIncomeRatio": 0.1977518212,
    "eps": 0.26,
    "epsdiluted": 0.26,
    "weightedAverageShsOut": 1212400000,
    "weightedAverageShsOutDil": 1225500000,
    "link": null,
    "finalLink": null
  },
  {
    "date": "2001-10-31",
    "symbol": "MDT",
    "reportedCurrency": "USD",
    "cik": "0001613103",
    "fillingDate": "2001-10-31",
    "acceptedDate": "2001-10-31 00:00:00",
    "calendarYear": "2002",
    "period": "Q2",
    "revenue": 1571200000,
    "costOfRevenue": 405000000,
    "grossProfit": 1166200000,
    "grossProfitRatio": 0.7422352342,
    "researchAndDevelopmentExpenses": 162400000,
    "generalAndAdministrativeExpenses": 0,
    "sellingAndMarketingExpenses": 0,
    "sellingGeneralAndAdministrativeExpenses": 479200000,
    "otherExpenses": 524600000,
    "operatingExpenses": 1166200000,
    "costAndExpenses": 1571200000,
    "interestIncome": 0,
    "interestExpense": 0,
    "depreciationAndAmortization": 62800000,
    "ebitda": 587400000,
    "ebitdaratio": 0.3738543788,
    "operatingIncome": 524600000,
    "operatingIncomeRatio": 0.3338849287,
    "totalOtherIncomeExpensesNet": -306200000,
    "incomeBeforeTax": 218400000,
    "incomeBeforeTaxRatio": 0.1390020367,
    "incomeTaxExpense": 151700000,
    "netIncome": 66700000,
    "netIncomeRatio": 0.0424516293,
    "eps": 0.06,
    "epsdiluted": 0.05,
    "weightedAverageShsOut": 1210100000,
    "weightedAverageShsOutDil": 1222600000,
    "link": null,
    "finalLink": null
  },
  {
    "date": "2001-07-31",
    "symbol": "MDT",
    "reportedCurrency": "USD",
    "cik": "0001613103",
    "fillingDate": "2001-07-31",
    "acceptedDate": "2001-07-31 00:00:00",
    "calendarYear": "2002",
    "period": "Q1",
    "revenue": 1455700000,
    "costOfRevenue": 378100000,
    "grossProfit": 1077600000,
    "grossProfitRatio": 0.7402624167,
    "researchAndDevelopmentExpenses": 151000000,
    "generalAndAdministrativeExpenses": 0,
    "sellingAndMarketingExpenses": 0,
    "sellingGeneralAndAdministrativeExpenses": 444800000,
    "otherExpenses": 481800000,
    "operatingExpenses": 1077600000,
    "costAndExpenses": 1455700000,
    "interestIncome": 0,
    "interestExpense": 0,
    "depreciationAndAmortization": 65700000,
    "ebitda": 547500000,
    "ebitdaratio": 0.3761077145,
    "operatingIncome": 481800000,
    "operatingIncomeRatio": 0.3309747888,
    "totalOtherIncomeExpensesNet": -41500000,
    "incomeBeforeTax": 440300000,
    "incomeBeforeTaxRatio": 0.3024661675,
    "incomeTaxExpense": 138800000,
    "netIncome": 301500000,
    "netIncomeRatio": 0.207116851,
    "eps": 0.25,
    "epsdiluted": 0.25,
    "weightedAverageShsOut": 1209900000,
    "weightedAverageShsOutDil": 1223300000,
    "link": null,
    "finalLink": null
  },
  {
    "date": "2001-04-30",
    "symbol": "MDT",
    "reportedCurrency": "USD",
    "cik": "0001613103",
    "fillingDate": "2001-04-30",
    "acceptedDate": "2001-04-30 00:00:00",
    "calendarYear": "2001",
    "period": "Q4",
    "revenue": 1517900000,
    "costOfRevenue": 318000000,
    "grossProfit": 1199900000,
    "grossProfitRatio": 0.7905000329,
    "researchAndDevelopmentExpenses": 149600000,
    "generalAndAdministrativeExpenses": 0,
    "sellingAndMarketingExpenses": 0,
    "sellingGeneralAndAdministrativeExpenses": 455400000,
    "otherExpenses": 594900000,
    "operatingExpenses": 1199900000,
    "costAndExpenses": 1517900000,
    "interestIncome": 0,
    "interestExpense": 0,
    "depreciationAndAmortization": 79400000,
    "ebitda": 594900000,
    "ebitdaratio": 0.3919230516,
    "operatingIncome": 515500000,
    "operatingIncomeRatio": 0.3396139403,
    "totalOtherIncomeExpensesNet": -293300000,
    "incomeBeforeTax": 222200000,
    "incomeBeforeTaxRatio": 0.146386455,
    "incomeTaxExpense": 72200000,
    "netIncome": 150000000,
    "netIncomeRatio": 0.0988207392,
    "eps": 0.12,
    "epsdiluted": 0.12,
    "weightedAverageShsOut": 1207200000,
    "weightedAverageShsOutDil": 1207200000,
    "link": null,
    "finalLink": null
  },
  {
    "date": "2001-01-31",
    "symbol": "MDT",
    "reportedCurrency": "USD",
    "cik": "0001613103",
    "fillingDate": "2001-01-31",
    "acceptedDate": "2001-01-31 00:00:00",
    "calendarYear": "2001",
    "period": "Q3",
    "revenue": 1361600000,
    "costOfRevenue": 270400000,
    "grossProfit": 1091200000,
    "grossProfitRatio": 0.8014101058,
    "researchAndDevelopmentExpenses": 143900000,
    "generalAndAdministrativeExpenses": 0,
    "sellingAndMarketingExpenses": 0,
    "sellingGeneralAndAdministrativeExpenses": 406800000,
    "otherExpenses": 540500000,
    "operatingExpenses": 1091200000,
    "costAndExpenses": 1361600000,
    "interestIncome": 0,
    "interestExpense": 0,
    "depreciationAndAmortization": 75000000,
    "ebitda": 540500000,
    "ebitdaratio": 0.3969594595,
    "operatingIncome": 465500000,
    "operatingIncomeRatio": 0.3418772033,
    "totalOtherIncomeExpensesNet": -20800000,
    "incomeBeforeTax": 444700000,
    "incomeBeforeTaxRatio": 0.3266010576,
    "incomeTaxExpense": 141900000,
    "netIncome": 302800000,
    "netIncomeRatio": 0.2223854289,
    "eps": 0.25,
    "epsdiluted": 0.25,
    "weightedAverageShsOut": 1207200000,
    "weightedAverageShsOutDil": 1225800000,
    "link": null,
    "finalLink": null
  },
  {
    "date": "2000-10-31",
    "symbol": "MDT",
    "reportedCurrency": "USD",
    "cik": "0001613103",
    "fillingDate": "2000-10-31",
    "acceptedDate": "2000-10-31 00:00:00",
    "calendarYear": "2001",
    "period": "Q2",
    "revenue": 1361400000,
    "costOfRevenue": 351200000,
    "grossProfit": 1010700000,
    "grossProfitRatio": 0.742397532,
    "researchAndDevelopmentExpenses": 143100000,
    "generalAndAdministrativeExpenses": 0,
    "sellingAndMarketingExpenses": 0,
    "sellingGeneralAndAdministrativeExpenses": 422300000,
    "otherExpenses": 443000000,
    "operatingExpenses": 1010700000,
    "costAndExpenses": 1361900000,
    "interestIncome": 0,
    "interestExpense": 0,
    "depreciationAndAmortization": 70500000,
    "ebitda": 513500000,
    "ebitdaratio": 0.3771852505,
    "operatingIncome": 443000000,
    "operatingIncomeRatio": 0.3254003232,
    "totalOtherIncomeExpensesNet": 16800000,
    "incomeBeforeTax": 459800000,
    "incomeBeforeTaxRatio": 0.3377405612,
    "incomeTaxExpense": 150700000,
    "netIncome": 314100000,
    "netIncomeRatio": 0.2307183781,
    "eps": 0.26,
    "epsdiluted": 0.25,
    "weightedAverageShsOut": 1199700000,
    "weightedAverageShsOutDil": 1225600000,
    "link": null,
    "finalLink": null
  },
  {
    "date": "2000-07-31",
    "symbol": "MDT",
    "reportedCurrency": "USD",
    "cik": "0001613103",
    "fillingDate": "2000-07-31",
    "acceptedDate": "2000-07-31 00:00:00",
    "calendarYear": "2001",
    "period": "Q1",
    "revenue": 1309900000,
    "costOfRevenue": 316600000,
    "grossProfit": 993800000,
    "grossProfitRatio": 0.758683869,
    "researchAndDevelopmentExpenses": 135900000,
    "generalAndAdministrativeExpenses": 0,
    "sellingAndMarketingExpenses": 0,
    "sellingGeneralAndAdministrativeExpenses": 400700000,
    "otherExpenses": 454400000,
    "operatingExpenses": 993800000,
    "costAndExpenses": 1310400000,
    "interestIncome": 0,
    "interestExpense": 0,
    "depreciationAndAmortization": 72400000,
    "ebitda": 527000000,
    "ebitdaratio": 0.4023207878,
    "operatingIncome": 454400000,
    "operatingIncomeRatio": 0.3468967097,
    "totalOtherIncomeExpensesNet": -31700000,
    "incomeBeforeTax": 422700000,
    "incomeBeforeTaxRatio": 0.322696389,
    "incomeTaxExpense": 138600000,
    "netIncome": 289000000,
    "netIncomeRatio": 0.2206275288,
    "eps": 0.24,
    "epsdiluted": 0.23,
    "weightedAverageShsOut": 1198900000,
    "weightedAverageShsOutDil": 1228800000,
    "link": null,
    "finalLink": null
  },
  {
    "date": "2000-04-30",
    "symbol": "MDT",
    "reportedCurrency": "USD",
    "cik": "0001613103",
    "fillingDate": "2000-04-30",
    "acceptedDate": "2000-04-30 00:00:00",
    "calendarYear": "2000",
    "period": "Q4",
    "revenue": 1432200000,
    "costOfRevenue": 307600000,
    "grossProfit": 1124600000,
    "grossProfitRatio": 0.7852255272,
    "researchAndDevelopmentExpenses": 131300000,
    "generalAndAdministrativeExpenses": 0,
    "sellingAndMarketingExpenses": 0,
    "sellingGeneralAndAdministrativeExpenses": 447800000,
    "otherExpenses": 545500000,
    "operatingExpenses": 1124600000,
    "costAndExpenses": 1432200000,
    "interestIncome": 0,
    "interestExpense": 0,
    "depreciationAndAmortization": 74700000,
    "ebitda": 545500000,
    "ebitdaratio": 0.3808825583,
    "operatingIncome": 470800000,
    "operatingIncomeRatio": 0.3287250384,
    "totalOtherIncomeExpensesNet": 6300000,
    "incomeBeforeTax": 477100000,
    "incomeBeforeTaxRatio": 0.3331238654,
    "incomeTaxExpense": 154900000,
    "netIncome": 322200000,
    "netIncomeRatio": 0.2249685798,
    "eps": 0.27,
    "epsdiluted": 0.27,
    "weightedAverageShsOut": 1195600000,
    "weightedAverageShsOutDil": 1196364000,
    "link": null,
    "finalLink": null
  },
  {
    "date": "2000-01-31",
    "symbol": "MDT",
    "reportedCurrency": "USD",
    "cik": "0001613103",
    "fillingDate": "2000-01-31",
    "acceptedDate": "2000-01-31 00:00:00",
    "calendarYear": "2000",
    "period": "Q3",
    "revenue": 1258800000,
    "costOfRevenue": 268400000,
    "grossProfit": 990900000,
    "grossProfitRatio": 0.787178265,
    "researchAndDevelopmentExpenses": 117200000,
    "generalAndAdministrativeExpenses": 0,
    "sellingAndMarketingExpenses": 0,
    "sellingGeneralAndAdministrativeExpenses": 405200000,
    "otherExpenses": 466600000,
    "operatingExpenses": 990900000,
    "costAndExpenses": 1259300000,
    "interestIncome": 0,
    "interestExpense": 0,
    "depreciationAndAmortization": 27300000,
    "ebitda": 466600000,
    "ebitdaratio": 0.3706704798,
    "operatingIncome": 410200000,
    "operatingIncomeRatio": 0.325865904,
    "totalOtherIncomeExpensesNet": -21300000,
    "incomeBeforeTax": 388900000,
    "incomeBeforeTaxRatio": 0.308945027,
    "incomeTaxExpense": 129400000,
    "netIncome": 263200000,
    "netIncomeRatio": 0.2090880203,
    "eps": 0.22,
    "epsdiluted": 0.21,
    "weightedAverageShsOut": 1194400000,
    "weightedAverageShsOutDil": 1220800000,
    "link": null,
    "finalLink": null
  },
  {
    "date": "1999-10-31",
    "symbol": "MDT",
    "reportedCurrency": "USD",
    "cik": "0001613103",
    "fillingDate": "1999-10-31",
    "acceptedDate": "1999-10-31 00:00:00",
    "calendarYear": "2000",
    "period": "Q2",
    "revenue": 1160500000,
    "costOfRevenue": 221700000,
    "grossProfit": 968600000,
    "grossProfitRatio": 0.8346402413,
    "researchAndDevelopmentExpenses": 115800000,
    "generalAndAdministrativeExpenses": 0,
    "sellingAndMarketingExpenses": 0,
    "sellingGeneralAndAdministrativeExpenses": 377600000,
    "otherExpenses": 473800000,
    "operatingExpenses": 968600000,
    "costAndExpenses": 1190300000,
    "interestIncome": 0,
    "interestExpense": 0,
    "depreciationAndAmortization": 91600000,
    "ebitda": 475500000,
    "ebitdaratio": 0.4097371822,
    "operatingIncome": 382200000,
    "operatingIncomeRatio": 0.3293408014,
    "totalOtherIncomeExpensesNet": 3100000,
    "incomeBeforeTax": 385300000,
    "incomeBeforeTaxRatio": 0.3320120638,
    "incomeTaxExpense": 123300000,
    "netIncome": 257500000,
    "netIncomeRatio": 0.2218871176,
    "eps": 0.22,
    "epsdiluted": 0.21,
    "weightedAverageShsOut": 1194100000,
    "weightedAverageShsOutDil": 1219500000,
    "link": null,
    "finalLink": null
  },
  {
    "date": "1999-07-31",
    "symbol": "MDT",
    "reportedCurrency": "USD",
    "cik": "0001613103",
    "fillingDate": "1999-07-31",
    "acceptedDate": "1999-07-31 00:00:00",
    "calendarYear": "2000",
    "period": "Q1",
    "revenue": 1104900000,
    "costOfRevenue": 225700000,
    "grossProfit": 879200000,
    "grossProfitRatio": 0.7957281202,
    "researchAndDevelopmentExpenses": 112700000,
    "generalAndAdministrativeExpenses": 0,
    "sellingAndMarketingExpenses": 0,
    "sellingGeneralAndAdministrativeExpenses": 351400000,
    "otherExpenses": 415100000,
    "operatingExpenses": 879200000,
    "costAndExpenses": 1104900000,
    "interestIncome": 0,
    "interestExpense": 0,
    "depreciationAndAmortization": 49700000,
    "ebitda": 415100000,
    "ebitdaratio": 0.3756901077,
    "operatingIncome": 365400000,
    "operatingIncomeRatio": 0.3307086614,
    "totalOtherIncomeExpensesNet": 3400000,
    "incomeBeforeTax": 368800000,
    "incomeBeforeTaxRatio": 0.333785863,
    "incomeTaxExpense": 119900000,
    "netIncome": 248900000,
    "netIncomeRatio": 0.2252692551,
    "eps": 0.21,
    "epsdiluted": 0.21,
    "weightedAverageShsOut": 1185238000,
    "weightedAverageShsOutDil": 1185238000,
    "link": null,
    "finalLink": null
  },
  {
    "date": "1999-04-30",
    "symbol": "MDT",
    "reportedCurrency": "USD",
    "cik": "0001613103",
    "fillingDate": "1999-04-30",
    "acceptedDate": "1999-04-30 00:00:00",
    "calendarYear": "1999",
    "period": "Q4",
    "revenue": 1119000000,
    "costOfRevenue": 247600000,
    "grossProfit": 871400000,
    "grossProfitRatio": 0.7787310098,
    "researchAndDevelopmentExpenses": 115400000,
    "generalAndAdministrativeExpenses": 0,
    "sellingAndMarketingExpenses": 0,
    "sellingGeneralAndAdministrativeExpenses": 356100000,
    "otherExpenses": 399900000,
    "operatingExpenses": 871400000,
    "costAndExpenses": 1119000000,
    "interestIncome": 0,
    "interestExpense": 0,
    "depreciationAndAmortization": 52200000,
    "ebitda": 399900000,
    "ebitdaratio": 0.3573726542,
    "operatingIncome": 347700000,
    "operatingIncomeRatio": 0.3107238606,
    "totalOtherIncomeExpensesNet": -106200000,
    "incomeBeforeTax": 241500000,
    "incomeBeforeTaxRatio": 0.2158176944,
    "incomeTaxExpense": 83400000,
    "netIncome": 158100000,
    "netIncomeRatio": 0.1412868633,
    "eps": 0.14,
    "epsdiluted": 0.14,
    "weightedAverageShsOut": 1170000000,
    "weightedAverageShsOutDil": 1170000000,
    "link": null,
    "finalLink": null
  },
  {
    "date": "1999-01-31",
    "symbol": "MDT",
    "reportedCurrency": "USD",
    "cik": "0001613103",
    "fillingDate": "1999-01-31",
    "acceptedDate": "1999-01-31 00:00:00",
    "calendarYear": "1999",
    "period": "Q3",
    "revenue": 1038900000,
    "costOfRevenue": 304800000,
    "grossProfit": 760000000,
    "grossProfitRatio": 0.7315429781,
    "researchAndDevelopmentExpenses": 107500000,
    "generalAndAdministrativeExpenses": 0,
    "sellingAndMarketingExpenses": 0,
    "sellingGeneralAndAdministrativeExpenses": 348600000,
    "otherExpenses": 302700000,
    "operatingExpenses": 760000000,
    "costAndExpenses": 1064800000,
    "interestIncome": 0,
    "interestExpense": 0,
    "depreciationAndAmortization": 81000000,
    "ebitda": 380200000,
    "ebitdaratio": 0.3659640004,
    "operatingIncome": 302700000,
    "operatingIncomeRatio": 0.2913658677,
    "totalOtherIncomeExpensesNet": -284200000,
    "incomeBeforeTax": 18500000,
    "incomeBeforeTaxRatio": 0.0178072962,
    "incomeTaxExpense": 52100000,
    "netIncome": -34100000,
    "netIncomeRatio": -0.0328231784,
    "eps": -0.03,
    "epsdiluted": -0.03,
    "weightedAverageShsOut": 1136667000,
    "weightedAverageShsOutDil": 1136667000,
    "link": null,
    "finalLink": null
  },
  {
    "date": "1998-10-31",
    "symbol": "MDT",
    "reportedCurrency": "USD",
    "cik": "0001613103",
    "fillingDate": "1998-10-31",
    "acceptedDate": "1998-10-31 00:00:00",
    "calendarYear": "1999",
    "period": "Q2",
    "revenue": 728400000,
    "costOfRevenue": 210100000,
    "grossProfit": 774400000,
    "grossProfitRatio": 1.0631521142,
    "researchAndDevelopmentExpenses": 80800000,
    "generalAndAdministrativeExpenses": 0,
    "sellingAndMarketingExpenses": 0,
    "sellingGeneralAndAdministrativeExpenses": 296400000,
    "otherExpenses": 371700000,
    "operatingExpenses": 774400000,
    "costAndExpenses": 984500000,
    "interestIncome": 0,
    "interestExpense": 0,
    "depreciationAndAmortization": 44000000,
    "ebitda": 371700000,
    "ebitdaratio": 0.5102965404,
    "operatingIncome": 322200000,
    "operatingIncomeRatio": 0.442339374,
    "totalOtherIncomeExpensesNet": -110800000,
    "incomeBeforeTax": 211400000,
    "incomeBeforeTaxRatio": 0.290225151,
    "incomeTaxExpense": 94400000,
    "netIncome": 117000000,
    "netIncomeRatio": 0.1606260297,
    "eps": 0.1,
    "epsdiluted": 0.1,
    "weightedAverageShsOut": 1170000000,
    "weightedAverageShsOutDil": 1170000000,
    "link": null,
    "finalLink": null
  },
  {
    "date": "1998-07-31",
    "symbol": "MDT",
    "reportedCurrency": "USD",
    "cik": "0001613103",
    "fillingDate": "1998-07-31",
    "acceptedDate": "1998-07-31 00:00:00",
    "calendarYear": "1999",
    "period": "Q1",
    "revenue": 653200000,
    "costOfRevenue": 207000000,
    "grossProfit": 784700000,
    "grossProfitRatio": 1.2013165952,
    "researchAndDevelopmentExpenses": 74600000,
    "generalAndAdministrativeExpenses": 0,
    "sellingAndMarketingExpenses": 0,
    "sellingGeneralAndAdministrativeExpenses": 99900000,
    "otherExpenses": 395100000,
    "operatingExpenses": 784700000,
    "costAndExpenses": 991700000,
    "interestIncome": 0,
    "interestExpense": 0,
    "depreciationAndAmortization": 35900000,
    "ebitda": 395100000,
    "ebitdaratio": 0.6048683405,
    "operatingIncome": 353600000,
    "operatingIncomeRatio": 0.5413349663,
    "totalOtherIncomeExpensesNet": -1600000,
    "incomeBeforeTax": 352000000,
    "incomeBeforeTaxRatio": 0.5388854868,
    "incomeTaxExpense": 123500000,
    "netIncome": 228500000,
    "netIncomeRatio": 0.349816289,
    "eps": 0.2,
    "epsdiluted": 0.2,
    "weightedAverageShsOut": 1142500000,
    "weightedAverageShsOutDil": 1142500000,
    "link": null,
    "finalLink": null
  },
  {
    "date": "1998-04-30",
    "symbol": "MDT",
    "reportedCurrency": "USD",
    "cik": "0001613103",
    "fillingDate": "1998-04-30",
    "acceptedDate": "1998-04-30 00:00:00",
    "calendarYear": "1998",
    "period": "Q4",
    "revenue": 685000000,
    "costOfRevenue": 137900000,
    "grossProfit": 547100000,
    "grossProfitRatio": 0.7986861314,
    "researchAndDevelopmentExpenses": 81500000,
    "generalAndAdministrativeExpenses": 0,
    "sellingAndMarketingExpenses": 0,
    "sellingGeneralAndAdministrativeExpenses": 181900000,
    "otherExpenses": 283700000,
    "operatingExpenses": 547100000,
    "costAndExpenses": 685000000,
    "interestIncome": 0,
    "interestExpense": 0,
    "depreciationAndAmortization": 42700000,
    "ebitda": 283700000,
    "ebitdaratio": 0.4141605839,
    "operatingIncome": 241000000,
    "operatingIncomeRatio": 0.3518248175,
    "totalOtherIncomeExpensesNet": 3400000,
    "incomeBeforeTax": 244400000,
    "incomeBeforeTaxRatio": 0.3567883212,
    "incomeTaxExpense": 84300000,
    "netIncome": 160100000,
    "netIncomeRatio": 0.2337226277,
    "eps": 0.14,
    "epsdiluted": 0.14,
    "weightedAverageShsOut": 1146350000,
    "weightedAverageShsOutDil": 1159800000,
    "link": null,
    "finalLink": null
  },
  {
    "date": "1998-01-31",
    "symbol": "MDT",
    "reportedCurrency": "USD",
    "cik": "0001613103",
    "fillingDate": "1998-01-31",
    "acceptedDate": "1998-01-31 00:00:00",
    "calendarYear": "1998",
    "period": "Q3",
    "revenue": 631400000,
    "costOfRevenue": 192000000,
    "grossProfit": 614700000,
    "grossProfitRatio": 0.9735508394,
    "researchAndDevelopmentExpenses": 74300000,
    "generalAndAdministrativeExpenses": 0,
    "sellingAndMarketingExpenses": 0,
    "sellingGeneralAndAdministrativeExpenses": 249300000,
    "otherExpenses": 272300000,
    "operatingExpenses": 614700000,
    "costAndExpenses": 806700000,
    "interestIncome": 0,
    "interestExpense": 0,
    "depreciationAndAmortization": 46800000,
    "ebitda": 288300000,
    "ebitdaratio": 0.4566043712,
    "operatingIncome": 241500000,
    "operatingIncomeRatio": 0.3824833703,
    "totalOtherIncomeExpensesNet": -188100000,
    "incomeBeforeTax": 53400000,
    "incomeBeforeTaxRatio": 0.0845739626,
    "incomeTaxExpense": 20100000,
    "netIncome": 33300000,
    "netIncomeRatio": 0.052739943,
    "eps": 0.03,
    "epsdiluted": 0.03,
    "weightedAverageShsOut": 1110000000,
    "weightedAverageShsOutDil": 1110000000,
    "link": null,
    "finalLink": null
  },
  {
    "date": "1997-10-31",
    "symbol": "MDT",
    "reportedCurrency": "USD",
    "cik": "0001613103",
    "fillingDate": "1997-10-31",
    "acceptedDate": "1997-10-31 00:00:00",
    "calendarYear": "1998",
    "period": "Q2",
    "revenue": 642100000,
    "costOfRevenue": 151900000,
    "grossProfit": 534300000,
    "grossProfitRatio": 0.832113378,
    "researchAndDevelopmentExpenses": 70700000,
    "generalAndAdministrativeExpenses": 0,
    "sellingAndMarketingExpenses": 0,
    "sellingGeneralAndAdministrativeExpenses": 209700000,
    "otherExpenses": 248400000,
    "operatingExpenses": 534300000,
    "costAndExpenses": 686200000,
    "interestIncome": 0,
    "interestExpense": 0,
    "depreciationAndAmortization": 30100000,
    "ebitda": 249900000,
    "ebitdaratio": 0.3891917147,
    "operatingIncome": 218300000,
    "operatingIncomeRatio": 0.3399781965,
    "totalOtherIncomeExpensesNet": 2900000,
    "incomeBeforeTax": 221200000,
    "incomeBeforeTaxRatio": 0.344494627,
    "incomeTaxExpense": 75600000,
    "netIncome": 143500000,
    "netIncomeRatio": 0.2234854384,
    "eps": 0.16,
    "epsdiluted": 0.15,
    "weightedAverageShsOut": 905625000,
    "weightedAverageShsOutDil": 966000000,
    "link": null,
    "finalLink": null
  },
  {
    "date": "1997-07-31",
    "symbol": "MDT",
    "reportedCurrency": "USD",
    "cik": "0001613103",
    "fillingDate": "1997-07-31",
    "acceptedDate": "1997-07-31 00:00:00",
    "calendarYear": "1998",
    "period": "Q1",
    "revenue": 646300000,
    "costOfRevenue": 126200000,
    "grossProfit": 520100000,
    "grossProfitRatio": 0.8047346434,
    "researchAndDevelopmentExpenses": 70700000,
    "generalAndAdministrativeExpenses": 0,
    "sellingAndMarketingExpenses": 0,
    "sellingGeneralAndAdministrativeExpenses": 194900000,
    "otherExpenses": 254500000,
    "operatingExpenses": 520100000,
    "costAndExpenses": 646300000,
    "interestIncome": 0,
    "interestExpense": 0,
    "depreciationAndAmortization": 34000000,
    "ebitda": 254500000,
    "ebitdaratio": 0.3937799783,
    "operatingIncome": 220500000,
    "operatingIncomeRatio": 0.34117283,
    "totalOtherIncomeExpensesNet": 3200000,
    "incomeBeforeTax": 223700000,
    "incomeBeforeTaxRatio": 0.346124091,
    "incomeTaxExpense": 77200000,
    "netIncome": 146500000,
    "netIncomeRatio": 0.2266749188,
    "eps": 0.16,
    "epsdiluted": 0.16,
    "weightedAverageShsOut": 915625000,
    "weightedAverageShsOutDil": 915625000,
    "link": null,
    "finalLink": null
  },
  {
    "date": "1997-04-30",
    "symbol": "MDT",
    "reportedCurrency": "USD",
    "cik": "0001613103",
    "fillingDate": "1997-04-30",
    "acceptedDate": "1997-04-30 00:00:00",
    "calendarYear": "1997",
    "period": "Q4",
    "revenue": 640400000,
    "costOfRevenue": 132700000,
    "grossProfit": 507700000,
    "grossProfitRatio": 0.7927857589,
    "researchAndDevelopmentExpenses": 76700000,
    "generalAndAdministrativeExpenses": 0,
    "sellingAndMarketingExpenses": 0,
    "sellingGeneralAndAdministrativeExpenses": 194100000,
    "otherExpenses": 236900000,
    "operatingExpenses": 507700000,
    "costAndExpenses": 640400000,
    "interestIncome": 0,
    "interestExpense": 0,
    "depreciationAndAmortization": 18500000,
    "ebitda": 236900000,
    "ebitdaratio": 0.3699250468,
    "operatingIncome": 218400000,
    "operatingIncomeRatio": 0.341036852,
    "totalOtherIncomeExpensesNet": 3800000,
    "incomeBeforeTax": 222200000,
    "incomeBeforeTaxRatio": 0.3469706433,
    "incomeTaxExpense": 76700000,
    "netIncome": 145500000,
    "netIncomeRatio": 0.2272017489,
    "eps": 0.16,
    "epsdiluted": 0.16,
    "weightedAverageShsOut": 919286000,
    "weightedAverageShsOutDil": 919286000,
    "link": null,
    "finalLink": null
  },
  {
    "date": "1997-01-31",
    "symbol": "MDT",
    "reportedCurrency": "USD",
    "cik": "0001613103",
    "fillingDate": "1997-01-31",
    "acceptedDate": "1997-01-31 00:00:00",
    "calendarYear": "1997",
    "period": "Q3",
    "revenue": 598700000,
    "costOfRevenue": 124300000,
    "grossProfit": 474400000,
    "grossProfitRatio": 0.7923834976,
    "researchAndDevelopmentExpenses": 69500000,
    "generalAndAdministrativeExpenses": 0,
    "sellingAndMarketingExpenses": 0,
    "sellingGeneralAndAdministrativeExpenses": 188500000,
    "otherExpenses": 216400000,
    "operatingExpenses": 474400000,
    "costAndExpenses": 598700000,
    "interestIncome": 0,
    "interestExpense": 0,
    "depreciationAndAmortization": 28000000,
    "ebitda": 216400000,
    "ebitdaratio": 0.3614498079,
    "operatingIncome": 188400000,
    "operatingIncomeRatio": 0.3146818106,
    "totalOtherIncomeExpensesNet": 8100000,
    "incomeBeforeTax": 196500000,
    "incomeBeforeTaxRatio": 0.3282111241,
    "incomeTaxExpense": 67800000,
    "netIncome": 128700000,
    "netIncomeRatio": 0.2149657591,
    "eps": 0.14,
    "epsdiluted": 0.13,
    "weightedAverageShsOut": 919286000,
    "weightedAverageShsOutDil": 990000000,
    "link": null,
    "finalLink": null
  },
  {
    "date": "1996-10-31",
    "symbol": "MDT",
    "reportedCurrency": "USD",
    "cik": "0001613103",
    "fillingDate": "1996-10-31",
    "acceptedDate": "1996-10-31 00:00:00",
    "calendarYear": "1997",
    "period": "Q2",
    "revenue": 598200000,
    "costOfRevenue": 119500000,
    "grossProfit": 478700000,
    "grossProfitRatio": 0.8002340354,
    "researchAndDevelopmentExpenses": 68300000,
    "generalAndAdministrativeExpenses": 0,
    "sellingAndMarketingExpenses": 0,
    "sellingGeneralAndAdministrativeExpenses": 189000000,
    "otherExpenses": 221400000,
    "operatingExpenses": 478700000,
    "costAndExpenses": 598200000,
    "interestIncome": 0,
    "interestExpense": 0,
    "depreciationAndAmortization": 31600000,
    "ebitda": 221400000,
    "ebitdaratio": 0.370110331,
    "operatingIncome": 189800000,
    "operatingIncomeRatio": 0.3172851889,
    "totalOtherIncomeExpensesNet": 6100000,
    "incomeBeforeTax": 195900000,
    "incomeBeforeTaxRatio": 0.3274824473,
    "incomeTaxExpense": 67600000,
    "netIncome": 128300000,
    "netIncomeRatio": 0.2144767636,
    "eps": 0.14,
    "epsdiluted": 0.13,
    "weightedAverageShsOut": 916429000,
    "weightedAverageShsOutDil": 986923000,
    "link": null,
    "finalLink": null
  },
  {
    "date": "1996-07-31",
    "symbol": "MDT",
    "reportedCurrency": "USD",
    "cik": "0001613103",
    "fillingDate": "1996-07-31",
    "acceptedDate": "1996-07-31 00:00:00",
    "calendarYear": "1997",
    "period": "Q1",
    "revenue": 600900000,
    "costOfRevenue": 116800000,
    "grossProfit": 484100000,
    "grossProfitRatio": 0.805624896,
    "researchAndDevelopmentExpenses": 65700000,
    "generalAndAdministrativeExpenses": 0,
    "sellingAndMarketingExpenses": 0,
    "sellingGeneralAndAdministrativeExpenses": 191700000,
    "otherExpenses": 226700000,
    "operatingExpenses": 484100000,
    "costAndExpenses": 600900000,
    "interestIncome": 0,
    "interestExpense": 0,
    "depreciationAndAmortization": 38800000,
    "ebitda": 226700000,
    "ebitdaratio": 0.3772674322,
    "operatingIncome": 187900000,
    "operatingIncomeRatio": 0.3126976202,
    "totalOtherIncomeExpensesNet": 6600000,
    "incomeBeforeTax": 194500000,
    "incomeBeforeTaxRatio": 0.3236811449,
    "incomeTaxExpense": 67100000,
    "netIncome": 127400000,
    "netIncomeRatio": 0.2120153104,
    "eps": 0.14,
    "epsdiluted": 0.13,
    "weightedAverageShsOut": 910000000,
    "weightedAverageShsOutDil": 980000000,
    "link": null,
    "finalLink": null
  },
  {
    "date": "1996-04-30",
    "symbol": "MDT",
    "reportedCurrency": "USD",
    "cik": "0001613103",
    "fillingDate": "1996-04-30",
    "acceptedDate": "1996-04-30 00:00:00",
    "calendarYear": "1996",
    "period": "Q4",
    "revenue": 596100000,
    "costOfRevenue": 129700000,
    "grossProfit": 466400000,
    "grossProfitRatio": 0.7824190572,
    "researchAndDevelopmentExpenses": 68800000,
    "generalAndAdministrativeExpenses": 0,
    "sellingAndMarketingExpenses": 0,
    "sellingGeneralAndAdministrativeExpenses": 192700000,
    "otherExpenses": 204900000,
    "operatingExpenses": 466400000,
    "costAndExpenses": 596100000,
    "interestIncome": 0,
    "interestExpense": 0,
    "depreciationAndAmortization": 20200000,
    "ebitda": 204900000,
    "ebitdaratio": 0.3437342728,
    "operatingIncome": 184700000,
    "operatingIncomeRatio": 0.3098473411,
    "totalOtherIncomeExpensesNet": 6800000,
    "incomeBeforeTax": 191500000,
    "incomeBeforeTaxRatio": 0.321254823,
    "incomeTaxExpense": 66100000,
    "netIncome": 125400000,
    "netIncomeRatio": 0.210367388,
    "eps": 0.14,
    "epsdiluted": 0.14,
    "weightedAverageShsOut": 908333000,
    "weightedAverageShsOutDil": 908333000,
    "link": null,
    "finalLink": null
  },
  {
    "date": "1996-01-31",
    "symbol": "MDT",
    "reportedCurrency": "USD",
    "cik": "0001613103",
    "fillingDate": "1996-01-31",
    "acceptedDate": "1996-01-31 00:00:00",
    "calendarYear": "1996",
    "period": "Q3",
    "revenue": 529200000,
    "costOfRevenue": 117100000,
    "grossProfit": 412100000,
    "grossProfitRatio": 0.7787226002,
    "researchAndDevelopmentExpenses": 61200000,
    "generalAndAdministrativeExpenses": 0,
    "sellingAndMarketingExpenses": 0,
    "sellingGeneralAndAdministrativeExpenses": 163000000,
    "otherExpenses": 187900000,
    "operatingExpenses": 412100000,
    "costAndExpenses": 529200000,
    "interestIncome": 0,
    "interestExpense": 0,
    "depreciationAndAmortization": 26100000,
    "ebitda": 187900000,
    "ebitdaratio": 0.3550642479,
    "operatingIncome": 161800000,
    "operatingIncomeRatio": 0.30574452,
    "totalOtherIncomeExpensesNet": 4600000,
    "incomeBeforeTax": 166400000,
    "incomeBeforeTaxRatio": 0.3144368859,
    "incomeTaxExpense": 57400000,
    "netIncome": 109000000,
    "netIncomeRatio": 0.2059712774,
    "eps": 0.12,
    "epsdiluted": 0.12,
    "weightedAverageShsOut": 908333000,
    "weightedAverageShsOutDil": 908333000,
    "link": null,
    "finalLink": null
  },
  {
    "date": "1995-10-31",
    "symbol": "MDT",
    "reportedCurrency": "USD",
    "cik": "0001613103",
    "fillingDate": "1995-10-31",
    "acceptedDate": "1995-10-31 00:00:00",
    "calendarYear": "1996",
    "period": "Q2",
    "revenue": 518600000,
    "costOfRevenue": 115800000,
    "grossProfit": 402800000,
    "grossProfitRatio": 0.7767065175,
    "researchAndDevelopmentExpenses": 54200000,
    "generalAndAdministrativeExpenses": 0,
    "sellingAndMarketingExpenses": 0,
    "sellingGeneralAndAdministrativeExpenses": 164700000,
    "otherExpenses": 183900000,
    "operatingExpenses": 402800000,
    "costAndExpenses": 518600000,
    "interestIncome": 0,
    "interestExpense": 0,
    "depreciationAndAmortization": 29400000,
    "ebitda": 183900000,
    "ebitdaratio": 0.3546085615,
    "operatingIncome": 154500000,
    "operatingIncomeRatio": 0.2979174701,
    "totalOtherIncomeExpensesNet": 5200000,
    "incomeBeforeTax": 159700000,
    "incomeBeforeTaxRatio": 0.3079444659,
    "incomeTaxExpense": 55100000,
    "netIncome": 104600000,
    "netIncomeRatio": 0.2016968762,
    "eps": 0.12,
    "epsdiluted": 0.12,
    "weightedAverageShsOut": 871667000,
    "weightedAverageShsOutDil": 871667000,
    "link": null,
    "finalLink": null
  }
]