[
  {
    "date": "2025-06-30",
    "symbol": "MET",
    "reportedCurrency": "USD",
    "cik": "0001099219",
    "fillingDate": "2025-08-07",
    "acceptedDate": "2025-08-07 16:21:05",
    "calendarYear": "2025",
    "period": "Q2",
    "revenue": 17340000000,
    "costOfRevenue": 12636000000,
    "grossProfit": 4524000000,
    "grossProfitRatio": 0.260899654,
    "researchAndDevelopmentExpenses": 0,
    "generalAndAdministrativeExpenses": 1545000000,
    "sellingAndMarketingExpenses": 0,
    "sellingGeneralAndAdministrativeExpenses": 1545000000,
    "otherExpenses": 1999000000,
    "operatingExpenses": 3544000000,
    "costAndExpenses": 16091000000,
    "interestIncome": 0,
    "interestExpense": 269000000,
    "depreciationAndAmortization": 0,
    "ebitda": 1249000000,
    "ebitdaratio": 0.0720299885,
    "operatingIncome": 1249000000,
    "operatingIncomeRatio": 0.0720299885,
    "totalOtherIncomeExpensesNet": -269000000,
    "incomeBeforeTax": 980000000,
    "incomeBeforeTaxRatio": 0.0565167243,
    "incomeTaxExpense": 245000000,
    "netIncome": 729000000,
    "netIncomeRatio": 0.0420415225,
    "eps": 1.04,
    "epsdiluted": 1.03,
    "weightedAverageShsOut": 670800000,
    "weightedAverageShsOutDil": 675000000,
    "link": "https://www.sec.gov/Archives/edgar/data/1099219/000109921925000193/0001099219-25-000193-index.htm",
    "finalLink": "https://www.sec.gov/Archives/edgar/data/1099219/000109921925000193/met-20250630.htm"
  },
  {
    "date": "2025-03-31",
    "symbol": "MET",
    "reportedCurrency": "USD",
    "cik": "0001099219",
    "fillingDate": "2025-05-01",
    "acceptedDate": "2025-05-01 17:21:25",
    "calendarYear": "2025",
    "period": "Q1",
    "revenue": 18569000000,
    "costOfRevenue": 13542000000,
    "grossProfit": 4742000000,
    "grossProfitRatio": 0.2553718563,
    "researchAndDevelopmentExpenses": 0,
    "generalAndAdministrativeExpenses": 1563000000,
    "sellingAndMarketingExpenses": 0,
    "sellingGeneralAndAdministrativeExpenses": 1563000000,
    "otherExpenses": 1825000000,
    "operatingExpenses": 3388000000,
    "costAndExpenses": 16930000000,
    "interestIncome": 0,
    "interestExpense": 258000000,
    "depreciationAndAmortization": 0,
    "ebitda": 1612000000,
    "ebitdaratio": 0.0868113523,
    "operatingIncome": 1612000000,
    "operatingIncomeRatio": 0.0868113523,
    "totalOtherIncomeExpensesNet": -258000000,
    "incomeBeforeTax": 1354000000,
    "incomeBeforeTaxRatio": 0.0729172276,
    "incomeTaxExpense": 404000000,
    "netIncome": 945000000,
    "netIncomeRatio": 0.0508912704,
    "eps": 1.29,
    "epsdiluted": 1.28,
    "weightedAverageShsOut": 682300000,
    "weightedAverageShsOutDil": 687000000,
    "link": "https://www.sec.gov/Archives/edgar/data/1099219/000109921925000135/0001099219-25-000135-index.htm",
    "finalLink": "https://www.sec.gov/Archives/edgar/data/1099219/000109921925000135/met-20250331.htm"
  },
  {
    "date": "2024-12-31",
    "symbol": "MET",
    "reportedCurrency": "USD",
    "cik": "0001099219",
    "fillingDate": "2025-02-21",
    "acceptedDate": "2025-02-20 19:44:56",
    "calendarYear": "2024",
    "period": "Q4",
    "revenue": 18662000000,
    "costOfRevenue": 13576000000,
    "grossProfit": 4800000000,
    "grossProfitRatio": 0.2572071589,
    "researchAndDevelopmentExpenses": 0,
    "generalAndAdministrativeExpenses": 1509000000,
    "sellingAndMarketingExpenses": 0,
    "sellingGeneralAndAdministrativeExpenses": 1509000000,
    "otherExpenses": 1789000000,
    "operatingExpenses": 3298000000,
    "costAndExpenses": 16995000000,
    "interestIncome": 0,
    "interestExpense": 259000000,
    "depreciationAndAmortization": 0,
    "ebitda": 1640000000,
    "ebitdaratio": 0.0878791126,
    "operatingIncome": 1640000000,
    "operatingIncomeRatio": 0.0878791126,
    "totalOtherIncomeExpensesNet": -259000000,
    "incomeBeforeTax": 1381000000,
    "incomeBeforeTaxRatio": 0.074000643,
    "incomeTaxExpense": 106000000,
    "netIncome": 1271000000,
    "netIncomeRatio": 0.0681063123,
    "eps": 1.79,
    "epsdiluted": 1.78,
    "weightedAverageShsOut": 696067416,
    "weightedAverageShsOutDil": 697900000,
    "link": "https://www.sec.gov/Archives/edgar/data/1099219/000109921925000044/0001099219-25-000044-index.htm",
    "finalLink": "https://www.sec.gov/Archives/edgar/data/1099219/000109921925000044/met-20241231.htm"
  },
  {
    "date": "2024-09-30",
    "symbol": "MET",
    "reportedCurrency": "USD",
    "cik": "0001099219",
    "fillingDate": "2024-11-01",
    "acceptedDate": "2024-11-01 17:02:03",
    "calendarYear": "2024",
    "period": "Q3",
    "revenue": 18440000000,
    "costOfRevenue": 12851000000,
    "grossProfit": 5407000000,
    "grossProfitRatio": 0.2932212581,
    "researchAndDevelopmentExpenses": 0,
    "generalAndAdministrativeExpenses": 1490000000,
    "sellingAndMarketingExpenses": 0,
    "sellingGeneralAndAdministrativeExpenses": 1490000000,
    "otherExpenses": 1923000000,
    "operatingExpenses": 3413000000,
    "costAndExpenses": 16264000000,
    "interestIncome": 0,
    "interestExpense": 257000000,
    "depreciationAndAmortization": 0,
    "ebitda": 2251000000,
    "ebitdaratio": 0.1220715835,
    "operatingIncome": 2251000000,
    "operatingIncomeRatio": 0.1220715835,
    "totalOtherIncomeExpensesNet": -257000000,
    "incomeBeforeTax": 1994000000,
    "incomeBeforeTaxRatio": 0.1081344902,
    "incomeTaxExpense": 653000000,
    "netIncome": 1342000000,
    "netIncomeRatio": 0.0727765727,
    "eps": 1.82,
    "epsdiluted": 1.81,
    "weightedAverageShsOut": 699300000,
    "weightedAverageShsOutDil": 703700000,
    "link": "https://www.sec.gov/Archives/edgar/data/1099219/000109921924000257/0001099219-24-000257-index.htm",
    "finalLink": "https://www.sec.gov/Archives/edgar/data/1099219/000109921924000257/met-20240930.htm"
  },
  {
    "date": "2024-06-30",
    "symbol": "MET",
    "reportedCurrency": "USD",
    "cik": "0001099219",
    "fillingDate": "2024-08-01",
    "acceptedDate": "2024-08-01 16:31:54",
    "calendarYear": "2024",
    "period": "Q2",
    "revenue": 17823000000,
    "costOfRevenue": 13103000000,
    "grossProfit": 4379000000,
    "grossProfitRatio": 0.2456937665,
    "researchAndDevelopmentExpenses": 0,
    "generalAndAdministrativeExpenses": 1480000000,
    "sellingAndMarketingExpenses": 0,
    "sellingGeneralAndAdministrativeExpenses": 1480000000,
    "otherExpenses": 1576000000,
    "operatingExpenses": 3056000000,
    "costAndExpenses": 16159000000,
    "interestIncome": 0,
    "interestExpense": 257000000,
    "depreciationAndAmortization": 0,
    "ebitda": 1459000000,
    "ebitdaratio": 0.0818605173,
    "operatingIncome": 1459000000,
    "operatingIncomeRatio": 0.0818605173,
    "totalOtherIncomeExpensesNet": -257000000,
    "incomeBeforeTax": 1202000000,
    "incomeBeforeTaxRatio": 0.0674409471,
    "incomeTaxExpense": 249000000,
    "netIncome": 946000000,
    "netIncomeRatio": 0.0530774841,
    "eps": 1.28,
    "epsdiluted": 1.28,
    "weightedAverageShsOut": 710500000,
    "weightedAverageShsOutDil": 714700000,
    "link": "https://www.sec.gov/Archives/edgar/data/1099219/000109921924000201/0001099219-24-000201-index.htm",
    "finalLink": "https://www.sec.gov/Archives/edgar/data/1099219/000109921924000201/met-20240630.htm"
  },
  {
    "date": "2024-03-31",
    "symbol": "MET",
    "reportedCurrency": "USD",
    "cik": "0001099219",
    "fillingDate": "2024-05-02",
    "acceptedDate": "2024-05-02 17:31:26",
    "calendarYear": "2024",
    "period": "Q1",
    "revenue": 16057000000,
    "costOfRevenue": 11410000000,
    "grossProfit": 4492000000,
    "grossProfitRatio": 0.2797533786,
    "researchAndDevelopmentExpenses": 0,
    "generalAndAdministrativeExpenses": 1512000000,
    "sellingAndMarketingExpenses": 0,
    "sellingGeneralAndAdministrativeExpenses": 1512000000,
    "otherExpenses": 1814000000,
    "operatingExpenses": 3326000000,
    "costAndExpenses": 14736000000,
    "interestIncome": 0,
    "interestExpense": 264000000,
    "depreciationAndAmortization": 0,
    "ebitda": 1309000000,
    "ebitdaratio": 0.0815220776,
    "operatingIncome": 1309000000,
    "operatingIncomeRatio": 0.0815220776,
    "totalOtherIncomeExpensesNet": -264000000,
    "incomeBeforeTax": 1045000000,
    "incomeBeforeTaxRatio": 0.0650806502,
    "incomeTaxExpense": 170000000,
    "netIncome": 867000000,
    "netIncomeRatio": 0.0539951423,
    "eps": 1.11,
    "epsdiluted": 1.1,
    "weightedAverageShsOut": 723200000,
    "weightedAverageShsOutDil": 728400000,
    "link": "https://www.sec.gov/Archives/edgar/data/1099219/000109921924000141/0001099219-24-000141-index.htm",
    "finalLink": "https://www.sec.gov/Archives/edgar/data/1099219/000109921924000141/met-20240331.htm"
  },
  {
    "date": "2023-12-31",
    "symbol": "MET",
    "reportedCurrency": "USD",
    "cik": "0001099219",
    "fillingDate": "2024-02-16",
    "acceptedDate": "2024-02-15 18:42:43",
    "calendarYear": "2023",
    "period": "Q4",
    "revenue": 19028000000,
    "costOfRevenue": 15854000000,
    "grossProfit": 3174000000,
    "grossProfitRatio": 0.166806811,
    "researchAndDevelopmentExpenses": 0,
    "generalAndAdministrativeExpenses": 1652000000,
    "sellingAndMarketingExpenses": 0,
    "sellingGeneralAndAdministrativeExpenses": 1652000000,
    "otherExpenses": 581000000,
    "operatingExpenses": 2233000000,
    "costAndExpenses": 18087000000,
    "interestIncome": 0,
    "interestExpense": 269000000,
    "depreciationAndAmortization": 0,
    "ebitda": 1210000000,
    "ebitdaratio": 0.0635904982,
    "operatingIncome": 941000000,
    "operatingIncomeRatio": 0.049453437,
    "totalOtherIncomeExpensesNet": 0,
    "incomeBeforeTax": 941000000,
    "incomeBeforeTaxRatio": 0.049453437,
    "incomeTaxExpense": 327000000,
    "netIncome": 607000000,
    "netIncomeRatio": 0.0319003574,
    "eps": 0.77,
    "epsdiluted": 0.77,
    "weightedAverageShsOut": 745454545,
    "weightedAverageShsOutDil": 745455000,
    "link": "https://www.sec.gov/Archives/edgar/data/1099219/000109921924000035/0001099219-24-000035-index.htm",
    "finalLink": "https://www.sec.gov/Archives/edgar/data/1099219/000109921924000035/met-20231231.htm"
  },
  {
    "date": "2023-09-30",
    "symbol": "MET",
    "reportedCurrency": "USD",
    "cik": "0001099219",
    "fillingDate": "2023-11-02",
    "acceptedDate": "2023-11-02 16:47:52",
    "calendarYear": "2023",
    "period": "Q3",
    "revenue": 15866000000,
    "costOfRevenue": 13208000000,
    "grossProfit": 2658000000,
    "grossProfitRatio": 0.1675280474,
    "researchAndDevelopmentExpenses": 0,
    "generalAndAdministrativeExpenses": 1544000000,
    "sellingAndMarketingExpenses": 0,
    "sellingGeneralAndAdministrativeExpenses": 1544000000,
    "otherExpenses": 580000000,
    "operatingExpenses": 2124000000,
    "costAndExpenses": 15332000000,
    "interestIncome": 0,
    "interestExpense": 265000000,
    "depreciationAndAmortization": 0,
    "ebitda": 799000000,
    "ebitdaratio": 0.0503592588,
    "operatingIncome": 534000000,
    "operatingIncomeRatio": 0.0336568763,
    "totalOtherIncomeExpensesNet": 0,
    "incomeBeforeTax": 534000000,
    "incomeBeforeTaxRatio": 0.0336568763,
    "incomeTaxExpense": 39000000,
    "netIncome": 489000000,
    "netIncomeRatio": 0.0308206227,
    "eps": 0.56,
    "epsdiluted": 0.56,
    "weightedAverageShsOut": 751400000,
    "weightedAverageShsOutDil": 755500000,
    "link": "https://www.sec.gov/Archives/edgar/data/1099219/000109921923000268/0001099219-23-000268-index.htm",
    "finalLink": "https://www.sec.gov/Archives/edgar/data/1099219/000109921923000268/met-20230930.htm"
  },
  {
    "date": "2023-06-30",
    "symbol": "MET",
    "reportedCurrency": "USD",
    "cik": "0001099219",
    "fillingDate": "2023-08-04",
    "acceptedDate": "2023-08-03 17:36:59",
    "calendarYear": "2023",
    "period": "Q2",
    "revenue": 16623000000,
    "costOfRevenue": 14100000000,
    "grossProfit": 2523000000,
    "grossProfitRatio": 0.1517776575,
    "researchAndDevelopmentExpenses": 0,
    "generalAndAdministrativeExpenses": 1502000000,
    "sellingAndMarketingExpenses": 0,
    "sellingGeneralAndAdministrativeExpenses": 1502000000,
    "otherExpenses": 591000000,
    "operatingExpenses": 2093000000,
    "costAndExpenses": 16193000000,
    "interestIncome": 0,
    "interestExpense": 256000000,
    "depreciationAndAmortization": 0,
    "ebitda": 686000000,
    "ebitdaratio": 0.0412681225,
    "operatingIncome": 430000000,
    "operatingIncomeRatio": 0.0258677736,
    "totalOtherIncomeExpensesNet": 0,
    "incomeBeforeTax": 430000000,
    "incomeBeforeTaxRatio": 0.0258677736,
    "incomeTaxExpense": 22000000,
    "netIncome": 402000000,
    "netIncomeRatio": 0.0241833604,
    "eps": 0.48,
    "epsdiluted": 0.48,
    "weightedAverageShsOut": 765900000,
    "weightedAverageShsOutDil": 769600000,
    "link": "https://www.sec.gov/Archives/edgar/data/1099219/000109921923000209/0001099219-23-000209-index.htm",
    "finalLink": "https://www.sec.gov/Archives/edgar/data/1099219/000109921923000209/met-20230630.htm"
  },
  {
    "date": "2023-03-31",
    "symbol": "MET",
    "reportedCurrency": "USD",
    "cik": "0001099219",
    "fillingDate": "2023-05-04",
    "acceptedDate": "2023-05-04 16:58:19",
    "calendarYear": "2023",
    "period": "Q1",
    "revenue": 15388000000,
    "costOfRevenue": 13077000000,
    "grossProfit": 2311000000,
    "grossProfitRatio": 0.15018196,
    "researchAndDevelopmentExpenses": 0,
    "generalAndAdministrativeExpenses": 1479000000,
    "sellingAndMarketingExpenses": 0,
    "sellingGeneralAndAdministrativeExpenses": 1479000000,
    "otherExpenses": 575000000,
    "operatingExpenses": 2054000000,
    "costAndExpenses": 15131000000,
    "interestIncome": 0,
    "interestExpense": 255000000,
    "depreciationAndAmortization": 0,
    "ebitda": 512000000,
    "ebitdaratio": 0.03327268,
    "operatingIncome": 257000000,
    "operatingIncomeRatio": 0.0167013257,
    "totalOtherIncomeExpensesNet": 0,
    "incomeBeforeTax": 257000000,
    "incomeBeforeTaxRatio": 0.0167013257,
    "incomeTaxExpense": 172000000,
    "netIncome": 80000000,
    "netIncomeRatio": 0.0051988563,
    "eps": 0.0182,
    "epsdiluted": 0.0179,
    "weightedAverageShsOut": 769179074,
    "weightedAverageShsOutDil": 781200000,
    "link": "https://www.sec.gov/Archives/edgar/data/1099219/000109921923000159/0001099219-23-000159-index.htm",
    "finalLink": "https://www.sec.gov/Archives/edgar/data/1099219/000109921923000159/met-20230331.htm"
  },
  {
    "date": "2022-12-31",
    "symbol": "MET",
    "reportedCurrency": "USD",
    "cik": "0001099219",
    "fillingDate": "2023-02-23",
    "acceptedDate": "2023-02-23 17:11:40",
    "calendarYear": "2022",
    "period": "Q4",
    "revenue": 16316000000,
    "costOfRevenue": 12512000000,
    "grossProfit": 3804000000,
    "grossProfitRatio": 0.2331453788,
    "researchAndDevelopmentExpenses": 0,
    "generalAndAdministrativeExpenses": 1569000000,
    "sellingAndMarketingExpenses": 0,
    "sellingGeneralAndAdministrativeExpenses": 1569000000,
    "otherExpenses": 508000000,
    "operatingExpenses": 2077000000,
    "costAndExpenses": 14589000000,
    "interestIncome": 0,
    "interestExpense": 248000000,
    "depreciationAndAmortization": 0,
    "ebitda": 1975000000,
    "ebitdaratio": 0.1210468252,
    "operatingIncome": 1727000000,
    "operatingIncomeRatio": 0.1058470213,
    "totalOtherIncomeExpensesNet": 0,
    "incomeBeforeTax": 1727000000,
    "incomeBeforeTaxRatio": 0.1058470213,
    "incomeTaxExpense": 381000000,
    "netIncome": 1343000000,
    "netIncomeRatio": 0.0823118411,
    "eps": 1.69,
    "epsdiluted": 1.66,
    "weightedAverageShsOut": 779098414,
    "weightedAverageShsOutDil": 790200000,
    "link": "https://www.sec.gov/Archives/edgar/data/1099219/000109921923000045/0001099219-23-000045-index.htm",
    "finalLink": "https://www.sec.gov/Archives/edgar/data/1099219/000109921923000045/met-20221231.htm"
  },
  {
    "date": "2022-09-30",
    "symbol": "MET",
    "reportedCurrency": "USD",
    "cik": "0001099219",
    "fillingDate": "2022-11-03",
    "acceptedDate": "2022-11-03 17:21:33",
    "calendarYear": "2022",
    "period": "Q3",
    "revenue": 22283000000,
    "costOfRevenue": 18864000000,
    "grossProfit": 3419000000,
    "grossProfitRatio": 0.1534353543,
    "researchAndDevelopmentExpenses": 0,
    "generalAndAdministrativeExpenses": 1435000000,
    "sellingAndMarketingExpenses": 0,
    "sellingGeneralAndAdministrativeExpenses": 1435000000,
    "otherExpenses": 569000000,
    "operatingExpenses": 2004000000,
    "costAndExpenses": 20868000000,
    "interestIncome": 0,
    "interestExpense": 239000000,
    "depreciationAndAmortization": 0,
    "ebitda": 1654000000,
    "ebitdaratio": 0.0742269892,
    "operatingIncome": 1415000000,
    "operatingIncomeRatio": 0.0635013239,
    "totalOtherIncomeExpensesNet": 0,
    "incomeBeforeTax": 1415000000,
    "incomeBeforeTaxRatio": 0.0635013239,
    "incomeTaxExpense": 248000000,
    "netIncome": 1162000000,
    "netIncomeRatio": 0.0521473769,
    "eps": 1.38,
    "epsdiluted": 1.37,
    "weightedAverageShsOut": 795800000,
    "weightedAverageShsOutDil": 800700000,
    "link": "https://www.sec.gov/Archives/edgar/data/1099219/000109921922000174/0001099219-22-000174-index.htm",
    "finalLink": "https://www.sec.gov/Archives/edgar/data/1099219/000109921922000174/met-20220930.htm"
  },
  {
    "date": "2022-06-30",
    "symbol": "MET",
    "reportedCurrency": "USD",
    "cik": "0001099219",
    "fillingDate": "2022-08-04",
    "acceptedDate": "2022-08-04 17:04:46",
    "calendarYear": "2022",
    "period": "Q2",
    "revenue": 15473000000,
    "costOfRevenue": 12498000000,
    "grossProfit": 2975000000,
    "grossProfitRatio": 0.1922704065,
    "researchAndDevelopmentExpenses": 0,
    "generalAndAdministrativeExpenses": 1431000000,
    "sellingAndMarketingExpenses": 0,
    "sellingGeneralAndAdministrativeExpenses": 1431000000,
    "otherExpenses": 557000000,
    "operatingExpenses": 1988000000,
    "costAndExpenses": 14486000000,
    "interestIncome": 0,
    "interestExpense": 226000000,
    "depreciationAndAmortization": 0,
    "ebitda": 1214000000,
    "ebitdaratio": 0.0784592516,
    "operatingIncome": 987000000,
    "operatingIncomeRatio": 0.0637885349,
    "totalOtherIncomeExpensesNet": 1000000,
    "incomeBeforeTax": 988000000,
    "incomeBeforeTaxRatio": 0.0638531636,
    "incomeTaxExpense": 73000000,
    "netIncome": 910000000,
    "netIncomeRatio": 0.0588121243,
    "eps": 1.09,
    "epsdiluted": 1.08,
    "weightedAverageShsOut": 809700000,
    "weightedAverageShsOutDil": 814500000,
    "link": "https://www.sec.gov/Archives/edgar/data/1099219/000109921922000116/0001099219-22-000116-index.htm",
    "finalLink": "https://www.sec.gov/Archives/edgar/data/1099219/000109921922000116/met-20220630.htm"
  },
  {
    "date": "2022-03-31",
    "symbol": "MET",
    "reportedCurrency": "USD",
    "cik": "0001099219",
    "fillingDate": "2022-05-05",
    "acceptedDate": "2022-05-05 16:33:59",
    "calendarYear": "2022",
    "period": "Q1",
    "revenue": 15405000000,
    "costOfRevenue": 11465000000,
    "grossProfit": 3940000000,
    "grossProfitRatio": 0.2557611165,
    "researchAndDevelopmentExpenses": 0,
    "generalAndAdministrativeExpenses": 1428000000,
    "sellingAndMarketingExpenses": 0,
    "sellingGeneralAndAdministrativeExpenses": 1428000000,
    "otherExpenses": 577000000,
    "operatingExpenses": 2005000000,
    "costAndExpenses": 13470000000,
    "interestIncome": 0,
    "interestExpense": 225000000,
    "depreciationAndAmortization": 0,
    "ebitda": 2160000000,
    "ebitdaratio": 0.1402142162,
    "operatingIncome": 1935000000,
    "operatingIncomeRatio": 0.1256085686,
    "totalOtherIncomeExpensesNet": 0,
    "incomeBeforeTax": 1935000000,
    "incomeBeforeTaxRatio": 0.1256085686,
    "incomeTaxExpense": 296000000,
    "netIncome": 1634000000,
    "netIncomeRatio": 0.106069458,
    "eps": 1.91,
    "epsdiluted": 1.89,
    "weightedAverageShsOut": 830500000,
    "weightedAverageShsOutDil": 830500000,
    "link": "https://www.sec.gov/Archives/edgar/data/1099219/000109921922000108/0001099219-22-000108-index.htm",
    "finalLink": "https://www.sec.gov/Archives/edgar/data/1099219/000109921922000108/met-20220331.htm"
  },
  {
    "date": "2021-12-31",
    "symbol": "MET",
    "reportedCurrency": "USD",
    "cik": "0001099219",
    "fillingDate": "2022-02-18",
    "acceptedDate": "2022-02-17 19:16:46",
    "calendarYear": "2021",
    "period": "Q4",
    "revenue": 20089000000,
    "costOfRevenue": 16561000000,
    "grossProfit": 3528000000,
    "grossProfitRatio": 0.1756184977,
    "researchAndDevelopmentExpenses": 0,
    "generalAndAdministrativeExpenses": 1645000000,
    "sellingAndMarketingExpenses": 0,
    "sellingGeneralAndAdministrativeExpenses": 1645000000,
    "otherExpenses": 577000000,
    "operatingExpenses": 2222000000,
    "costAndExpenses": 18783000000,
    "interestIncome": 0,
    "interestExpense": 224000000,
    "depreciationAndAmortization": 0,
    "ebitda": 1530000000,
    "ebitdaratio": 0.0761610832,
    "operatingIncome": 1306000000,
    "operatingIncomeRatio": 0.0650107024,
    "totalOtherIncomeExpensesNet": 0,
    "incomeBeforeTax": 1306000000,
    "incomeBeforeTaxRatio": 0.0650107024,
    "incomeTaxExpense": 95000000,
    "netIncome": 1205000000,
    "netIncomeRatio": 0.0599830753,
    "eps": 1.4,
    "epsdiluted": 1.39,
    "weightedAverageShsOut": 838100000,
    "weightedAverageShsOutDil": 845200000,
    "link": "https://www.sec.gov/Archives/edgar/data/1099219/000109921922000014/0001099219-22-000014-index.htm",
    "finalLink": "https://www.sec.gov/Archives/edgar/data/1099219/000109921922000014/met-20211231.htm"
  },
  {
    "date": "2021-09-30",
    "symbol": "MET",
    "reportedCurrency": "USD",
    "cik": "0001099219",
    "fillingDate": "2021-11-09",
    "acceptedDate": "2021-11-08 18:42:57",
    "calendarYear": "2021",
    "period": "Q3",
    "revenue": 16905000000,
    "costOfRevenue": 12888000000,
    "grossProfit": 4017000000,
    "grossProfitRatio": 0.2376220053,
    "researchAndDevelopmentExpenses": 0,
    "generalAndAdministrativeExpenses": 1402000000,
    "sellingAndMarketingExpenses": 0,
    "sellingGeneralAndAdministrativeExpenses": 1402000000,
    "otherExpenses": 573000000,
    "operatingExpenses": 1975000000,
    "costAndExpenses": 14863000000,
    "interestIncome": 0,
    "interestExpense": 240000000,
    "depreciationAndAmortization": 0,
    "ebitda": 2282000000,
    "ebitdaratio": 0.134989648,
    "operatingIncome": 2042000000,
    "operatingIncomeRatio": 0.1207926649,
    "totalOtherIncomeExpensesNet": 0,
    "incomeBeforeTax": 2042000000,
    "incomeBeforeTaxRatio": 0.1207926649,
    "incomeTaxExpense": 453000000,
    "netIncome": 1584000000,
    "netIncomeRatio": 0.0937000887,
    "eps": 1.78,
    "epsdiluted": 1.77,
    "weightedAverageShsOut": 854900000,
    "weightedAverageShsOutDil": 861200000,
    "link": "https://www.sec.gov/Archives/edgar/data/1099219/000109921921000337/0001099219-21-000337-index.htm",
    "finalLink": "https://www.sec.gov/Archives/edgar/data/1099219/000109921921000337/met-20210930.htm"
  },
  {
    "date": "2021-06-30",
    "symbol": "MET",
    "reportedCurrency": "USD",
    "cik": "0001099219",
    "fillingDate": "2021-08-06",
    "acceptedDate": "2021-08-05 19:03:45",
    "calendarYear": "2021",
    "period": "Q2",
    "revenue": 19586000000,
    "costOfRevenue": 12099000000,
    "grossProfit": 7487000000,
    "grossProfitRatio": 0.3822628408,
    "researchAndDevelopmentExpenses": 0,
    "generalAndAdministrativeExpenses": 1305000000,
    "sellingAndMarketingExpenses": 0,
    "sellingGeneralAndAdministrativeExpenses": 1305000000,
    "otherExpenses": 1695000000,
    "operatingExpenses": 3000000000,
    "costAndExpenses": 15099000000,
    "interestIncome": 0,
    "interestExpense": 228000000,
    "depreciationAndAmortization": 0,
    "ebitda": 4715000000,
    "ebitdaratio": 0.2407331768,
    "operatingIncome": 4487000000,
    "operatingIncomeRatio": 0.2290922087,
    "totalOtherIncomeExpensesNet": 0,
    "incomeBeforeTax": 4487000000,
    "incomeBeforeTaxRatio": 0.2290922087,
    "incomeTaxExpense": 1075000000,
    "netIncome": 3407000000,
    "netIncomeRatio": 0.1739507812,
    "eps": 3.85,
    "epsdiluted": 3.83,
    "weightedAverageShsOut": 873300000,
    "weightedAverageShsOutDil": 879700000,
    "link": "https://www.sec.gov/Archives/edgar/data/1099219/000109921921000270/0001099219-21-000270-index.htm",
    "finalLink": "https://www.sec.gov/Archives/edgar/data/1099219/000109921921000270/met-20210630.htm"
  },
  {
    "date": "2021-03-31",
    "symbol": "MET",
    "reportedCurrency": "USD",
    "cik": "0001099219",
    "fillingDate": "2021-05-06",
    "acceptedDate": "2021-05-06 17:24:25",
    "calendarYear": "2021",
    "period": "Q1",
    "revenue": 15562000000,
    "costOfRevenue": 13210000000,
    "grossProfit": 2352000000,
    "grossProfitRatio": 0.1511373859,
    "researchAndDevelopmentExpenses": 0,
    "generalAndAdministrativeExpenses": 1419000000,
    "sellingAndMarketingExpenses": 0,
    "sellingGeneralAndAdministrativeExpenses": 1419000000,
    "otherExpenses": 642000000,
    "operatingExpenses": 2061000000,
    "costAndExpenses": 15271000000,
    "interestIncome": 0,
    "interestExpense": 228000000,
    "depreciationAndAmortization": 0,
    "ebitda": 519000000,
    "ebitdaratio": 0.0333504691,
    "operatingIncome": 291000000,
    "operatingIncomeRatio": 0.018699396,
    "totalOtherIncomeExpensesNet": 0,
    "incomeBeforeTax": 291000000,
    "incomeBeforeTaxRatio": 0.018699396,
    "incomeTaxExpense": -72000000,
    "netIncome": 358000000,
    "netIncomeRatio": 0.0230047552,
    "eps": 0.33,
    "epsdiluted": 0.33,
    "weightedAverageShsOut": 878312175,
    "weightedAverageShsOutDil": 892100000,
    "link": "https://www.sec.gov/Archives/edgar/data/1099219/000109921921000177/0001099219-21-000177-index.htm",
    "finalLink": "https://www.sec.gov/Archives/edgar/data/1099219/000109921921000177/met-20210331.htm"
  },
  {
    "date": "2020-12-31",
    "symbol": "MET",
    "reportedCurrency": "USD",
    "cik": "0001099219",
    "fillingDate": "2021-02-19",
    "acceptedDate": "2021-02-18 19:36:42",
    "calendarYear": "2020",
    "period": "Q4",
    "revenue": 19418000000,
    "costOfRevenue": 16957000000,
    "grossProfit": 2461000000,
    "grossProfitRatio": 0.1267380781,
    "researchAndDevelopmentExpenses": 0,
    "generalAndAdministrativeExpenses": 1564000000,
    "sellingAndMarketingExpenses": 0,
    "sellingGeneralAndAdministrativeExpenses": 1564000000,
    "otherExpenses": 733000000,
    "operatingExpenses": 2297000000,
    "costAndExpenses": 19254000000,
    "interestIncome": 0,
    "interestExpense": 230000000,
    "depreciationAndAmortization": 0,
    "ebitda": 394000000,
    "ebitdaratio": 0.0202904522,
    "operatingIncome": 164000000,
    "operatingIncomeRatio": 0.008445772,
    "totalOtherIncomeExpensesNet": 0,
    "incomeBeforeTax": 164000000,
    "incomeBeforeTaxRatio": 0.008445772,
    "incomeTaxExpense": 6000000,
    "netIncome": 158000000,
    "netIncomeRatio": 0.0081367803,
    "eps": 0.14,
    "epsdiluted": 0.14,
    "weightedAverageShsOut": 899900000,
    "weightedAverageShsOutDil": 906000000,
    "link": "https://www.sec.gov/Archives/edgar/data/1099219/000109921921000050/0001099219-21-000050-index.htm",
    "finalLink": "https://www.sec.gov/Archives/edgar/data/1099219/000109921921000050/met-20201231.htm"
  },
  {
    "date": "2020-09-30",
    "symbol": "MET",
    "reportedCurrency": "USD",
    "cik": "0001099219",
    "fillingDate": "2020-11-09",
    "acceptedDate": "2020-11-06 18:42:03",
    "calendarYear": "2020",
    "period": "Q3",
    "revenue": 16015000000,
    "costOfRevenue": 13079000000,
    "grossProfit": 2936000000,
    "grossProfitRatio": 0.1833281299,
    "researchAndDevelopmentExpenses": 0,
    "generalAndAdministrativeExpenses": 1384000000,
    "sellingAndMarketingExpenses": 0,
    "sellingGeneralAndAdministrativeExpenses": 1384000000,
    "otherExpenses": 629000000,
    "operatingExpenses": 2013000000,
    "costAndExpenses": 15092000000,
    "interestIncome": 0,
    "interestExpense": 229000000,
    "depreciationAndAmortization": 0,
    "ebitda": 1152000000,
    "ebitdaratio": 0.0719325632,
    "operatingIncome": 923000000,
    "operatingIncomeRatio": 0.0576334686,
    "totalOtherIncomeExpensesNet": 0,
    "incomeBeforeTax": 923000000,
    "incomeBeforeTaxRatio": 0.0576334686,
    "incomeTaxExpense": 214000000,
    "netIncome": 706000000,
    "netIncomeRatio": 0.0440836716,
    "eps": 0.7,
    "epsdiluted": 0.69,
    "weightedAverageShsOut": 908700000,
    "weightedAverageShsOutDil": 913700000,
    "link": "https://www.sec.gov/Archives/edgar/data/1099219/000109921920000359/0001099219-20-000359-index.htm",
    "finalLink": "https://www.sec.gov/Archives/edgar/data/1099219/000109921920000359/met-20200930.htm"
  },
  {
    "date": "2020-06-30",
    "symbol": "MET",
    "reportedCurrency": "USD",
    "cik": "0001099219",
    "fillingDate": "2020-08-07",
    "acceptedDate": "2020-08-06 18:14:36",
    "calendarYear": "2020",
    "period": "Q2",
    "revenue": 14099000000,
    "costOfRevenue": 11823000000,
    "grossProfit": 2276000000,
    "grossProfitRatio": 0.1614298886,
    "researchAndDevelopmentExpenses": 0,
    "generalAndAdministrativeExpenses": 1381000000,
    "sellingAndMarketingExpenses": 0,
    "sellingGeneralAndAdministrativeExpenses": 1381000000,
    "otherExpenses": 698000000,
    "operatingExpenses": 2079000000,
    "costAndExpenses": 13902000000,
    "interestIncome": 0,
    "interestExpense": 232000000,
    "depreciationAndAmortization": 0,
    "ebitda": 429000000,
    "ebitdaratio": 0.0304276899,
    "operatingIncome": 197000000,
    "operatingIncomeRatio": 0.0139726222,
    "totalOtherIncomeExpensesNet": 0,
    "incomeBeforeTax": 197000000,
    "incomeBeforeTaxRatio": 0.0139726222,
    "incomeTaxExpense": 47000000,
    "netIncome": 145000000,
    "netIncomeRatio": 0.0102844173,
    "eps": 0.0748,
    "epsdiluted": 0.0745,
    "weightedAverageShsOut": 908800000,
    "weightedAverageShsOutDil": 913100000,
    "link": "https://www.sec.gov/Archives/edgar/data/1099219/000109921920000287/0001099219-20-000287-index.htm",
    "finalLink": "https://www.sec.gov/Archives/edgar/data/1099219/000109921920000287/met-2020630x10q.htm"
  },
  {
    "date": "2020-03-31",
    "symbol": "MET",
    "reportedCurrency": "USD",
    "cik": "0001099219",
    "fillingDate": "2020-05-08",
    "acceptedDate": "2020-05-08 17:07:05",
    "calendarYear": "2020",
    "period": "Q1",
    "revenue": 18310000000,
    "costOfRevenue": 10514000000,
    "grossProfit": 7796000000,
    "grossProfitRatio": 0.4257782632,
    "researchAndDevelopmentExpenses": 0,
    "generalAndAdministrativeExpenses": 1446000000,
    "sellingAndMarketingExpenses": 0,
    "sellingGeneralAndAdministrativeExpenses": 1446000000,
    "otherExpenses": 707000000,
    "operatingExpenses": 2153000000,
    "costAndExpenses": 12667000000,
    "interestIncome": 0,
    "interestExpense": 222000000,
    "depreciationAndAmortization": 0,
    "ebitda": 5865000000,
    "ebitdaratio": 0.3203167668,
    "operatingIncome": 5643000000,
    "operatingIncomeRatio": 0.3081922447,
    "totalOtherIncomeExpensesNet": 0,
    "incomeBeforeTax": 5643000000,
    "incomeBeforeTaxRatio": 0.3081922447,
    "incomeTaxExpense": 1242000000,
    "netIncome": 4398000000,
    "netIncomeRatio": 0.2401966139,
    "eps": 4.78,
    "epsdiluted": 4.75,
    "weightedAverageShsOut": 914100000,
    "weightedAverageShsOutDil": 920000000,
    "link": "https://www.sec.gov/Archives/edgar/data/1099219/000109921920000203/0001099219-20-000203-index.htm",
    "finalLink": "https://www.sec.gov/Archives/edgar/data/1099219/000109921920000203/met-2020331x10q.htm"
  },
  {
    "date": "2019-12-31",
    "symbol": "MET",
    "reportedCurrency": "USD",
    "cik": "0001099219",
    "fillingDate": "2020-02-21",
    "acceptedDate": "2020-02-20 19:45:09",
    "calendarYear": "2019",
    "period": "Q4",
    "revenue": 17143000000,
    "costOfRevenue": 14754000000,
    "grossProfit": 2389000000,
    "grossProfitRatio": 0.139357172,
    "researchAndDevelopmentExpenses": 0,
    "generalAndAdministrativeExpenses": 1723000000,
    "sellingAndMarketingExpenses": 0,
    "sellingGeneralAndAdministrativeExpenses": 1723000000,
    "otherExpenses": 703000000,
    "operatingExpenses": 2426000000,
    "costAndExpenses": 17180000000,
    "interestIncome": 0,
    "interestExpense": 224000000,
    "depreciationAndAmortization": 0,
    "ebitda": 187000000,
    "ebitdaratio": 0.0109082424,
    "operatingIncome": -37000000,
    "operatingIncomeRatio": -0.0021583153,
    "totalOtherIncomeExpensesNet": 0,
    "incomeBeforeTax": -37000000,
    "incomeBeforeTaxRatio": -0.0021583153,
    "incomeTaxExpense": -625000000,
    "netIncome": 593000000,
    "netIncomeRatio": 0.0345913784,
    "eps": 0.58,
    "epsdiluted": 0.58,
    "weightedAverageShsOut": 918700000,
    "weightedAverageShsOutDil": 925700000,
    "link": "https://www.sec.gov/Archives/edgar/data/1099219/000109921920000064/0001099219-20-000064-index.htm",
    "finalLink": "https://www.sec.gov/Archives/edgar/data/1099219/000109921920000064/met-20191231x10k.htm"
  },
  {
    "date": "2019-09-30",
    "symbol": "MET",
    "reportedCurrency": "USD",
    "cik": "0001099219",
    "fillingDate": "2019-11-05",
    "acceptedDate": "2019-11-04 20:36:58",
    "calendarYear": "2019",
    "period": "Q3",
    "revenue": 18678000000,
    "costOfRevenue": 13573000000,
    "grossProfit": 5105000000,
    "grossProfitRatio": 0.2733162009,
    "researchAndDevelopmentExpenses": 0,
    "generalAndAdministrativeExpenses": 1631000000,
    "sellingAndMarketingExpenses": 0,
    "sellingGeneralAndAdministrativeExpenses": 1631000000,
    "otherExpenses": 683000000,
    "operatingExpenses": 2314000000,
    "costAndExpenses": 15887000000,
    "interestIncome": 0,
    "interestExpense": 223000000,
    "depreciationAndAmortization": 0,
    "ebitda": 3014000000,
    "ebitdaratio": 0.1613663133,
    "operatingIncome": 2791000000,
    "operatingIncomeRatio": 0.1494271335,
    "totalOtherIncomeExpensesNet": 0,
    "incomeBeforeTax": 2791000000,
    "incomeBeforeTaxRatio": 0.1494271335,
    "incomeTaxExpense": 601000000,
    "netIncome": 2184000000,
    "netIncomeRatio": 0.1169290074,
    "eps": 2.31,
    "epsdiluted": 2.3,
    "weightedAverageShsOut": 929600000,
    "weightedAverageShsOutDil": 936400000,
    "link": "https://www.sec.gov/Archives/edgar/data/1099219/000109921919000225/0001099219-19-000225-index.htm",
    "finalLink": "https://www.sec.gov/Archives/edgar/data/1099219/000109921919000225/met-2019930x10q.htm"
  },
  {
    "date": "2019-06-30",
    "symbol": "MET",
    "reportedCurrency": "USD",
    "cik": "0001099219",
    "fillingDate": "2019-08-06",
    "acceptedDate": "2019-08-05 20:48:45",
    "calendarYear": "2019",
    "period": "Q2",
    "revenue": 17497000000,
    "costOfRevenue": 12820000000,
    "grossProfit": 4677000000,
    "grossProfitRatio": 0.2673029662,
    "researchAndDevelopmentExpenses": 0,
    "generalAndAdministrativeExpenses": 1630000000,
    "sellingAndMarketingExpenses": 0,
    "sellingGeneralAndAdministrativeExpenses": 1630000000,
    "otherExpenses": 750000000,
    "operatingExpenses": 2380000000,
    "costAndExpenses": 15200000000,
    "interestIncome": 0,
    "interestExpense": 274000000,
    "depreciationAndAmortization": 0,
    "ebitda": 2571000000,
    "ebitdaratio": 0.1469394753,
    "operatingIncome": 2297000000,
    "operatingIncomeRatio": 0.1312796479,
    "totalOtherIncomeExpensesNet": 0,
    "incomeBeforeTax": 2297000000,
    "incomeBeforeTaxRatio": 0.1312796479,
    "incomeTaxExpense": 551000000,
    "netIncome": 1741000000,
    "netIncomeRatio": 0.0995027719,
    "eps": 1.78,
    "epsdiluted": 1.77,
    "weightedAverageShsOut": 946200000,
    "weightedAverageShsOutDil": 952900000,
    "link": "https://www.sec.gov/Archives/edgar/data/1099219/000109921919000138/0001099219-19-000138-index.htm",
    "finalLink": "https://www.sec.gov/Archives/edgar/data/1099219/000109921919000138/met-2019630x10q.htm"
  },
  {
    "date": "2019-03-31",
    "symbol": "MET",
    "reportedCurrency": "USD",
    "cik": "0001099219",
    "fillingDate": "2019-05-08",
    "acceptedDate": "2019-05-07 20:39:04",
    "calendarYear": "2019",
    "period": "Q1",
    "revenue": 16302000000,
    "costOfRevenue": 12284000000,
    "grossProfit": 4018000000,
    "grossProfitRatio": 0.2464728254,
    "researchAndDevelopmentExpenses": 0,
    "generalAndAdministrativeExpenses": 1570000000,
    "sellingAndMarketingExpenses": 0,
    "sellingGeneralAndAdministrativeExpenses": 1570000000,
    "otherExpenses": 704000000,
    "operatingExpenses": 2274000000,
    "costAndExpenses": 14558000000,
    "interestIncome": 0,
    "interestExpense": 234000000,
    "depreciationAndAmortization": 0,
    "ebitda": 1978000000,
    "ebitdaratio": 0.1213348055,
    "operatingIncome": 1744000000,
    "operatingIncomeRatio": 0.1069807386,
    "totalOtherIncomeExpensesNet": 0,
    "incomeBeforeTax": 1744000000,
    "incomeBeforeTaxRatio": 0.1069807386,
    "incomeTaxExpense": 359000000,
    "netIncome": 1381000000,
    "netIncomeRatio": 0.0847135321,
    "eps": 1.41,
    "epsdiluted": 1.4,
    "weightedAverageShsOut": 956500000,
    "weightedAverageShsOutDil": 963300000,
    "link": "https://www.sec.gov/Archives/edgar/data/1099219/000109921919000028/0001099219-19-000028-index.htm",
    "finalLink": "https://www.sec.gov/Archives/edgar/data/1099219/000109921919000028/met-2019331x10q.htm"
  },
  {
    "date": "2018-12-31",
    "symbol": "MET",
    "reportedCurrency": "USD",
    "cik": "0001099219",
    "fillingDate": "2019-02-22",
    "acceptedDate": "2019-02-21 18:02:55",
    "calendarYear": "2018",
    "period": "Q4",
    "revenue": 15662000000,
    "costOfRevenue": 10946000000,
    "grossProfit": 4716000000,
    "grossProfitRatio": 0.3011109692,
    "researchAndDevelopmentExpenses": 0,
    "generalAndAdministrativeExpenses": 1468000000,
    "sellingAndMarketingExpenses": 0,
    "sellingGeneralAndAdministrativeExpenses": 1468000000,
    "otherExpenses": 777000000,
    "operatingExpenses": 2245000000,
    "costAndExpenses": 13191000000,
    "interestIncome": 0,
    "interestExpense": 260000000,
    "depreciationAndAmortization": 0,
    "ebitda": 2731000000,
    "ebitdaratio": 0.1743710893,
    "operatingIncome": 2471000000,
    "operatingIncomeRatio": 0.1577703997,
    "totalOtherIncomeExpensesNet": 0,
    "incomeBeforeTax": 2471000000,
    "incomeBeforeTaxRatio": 0.1577703997,
    "incomeTaxExpense": 409000000,
    "netIncome": 2067000000,
    "netIncomeRatio": 0.1319754821,
    "eps": 2.05,
    "epsdiluted": 2.04,
    "weightedAverageShsOut": 980300000,
    "weightedAverageShsOutDil": 987600000,
    "link": "https://www.sec.gov/Archives/edgar/data/1099219/000109921919000008/0001099219-19-000008-index.htm",
    "finalLink": "https://www.sec.gov/Archives/edgar/data/1099219/000109921919000008/met-20181231x10k.htm"
  },
  {
    "date": "2018-09-30",
    "symbol": "MET",
    "reportedCurrency": "USD",
    "cik": "0001099219",
    "fillingDate": "2018-11-08",
    "acceptedDate": "2018-11-07 18:12:54",
    "calendarYear": "2018",
    "period": "Q3",
    "revenue": 16289000000,
    "costOfRevenue": 12732000000,
    "grossProfit": 3557000000,
    "grossProfitRatio": 0.218368224,
    "researchAndDevelopmentExpenses": 0,
    "generalAndAdministrativeExpenses": 1691000000,
    "sellingAndMarketingExpenses": 0,
    "sellingGeneralAndAdministrativeExpenses": 1691000000,
    "otherExpenses": 787000000,
    "operatingExpenses": 2478000000,
    "costAndExpenses": 15210000000,
    "interestIncome": 0,
    "interestExpense": 267000000,
    "depreciationAndAmortization": 0,
    "ebitda": 1346000000,
    "ebitdaratio": 0.0826324513,
    "operatingIncome": 1079000000,
    "operatingIncomeRatio": 0.0662410215,
    "totalOtherIncomeExpensesNet": 0,
    "incomeBeforeTax": 1079000000,
    "incomeBeforeTaxRatio": 0.0662410215,
    "incomeTaxExpense": 164000000,
    "netIncome": 912000000,
    "netIncomeRatio": 0.055988704,
    "eps": 0.89,
    "epsdiluted": 0.88,
    "weightedAverageShsOut": 986644069,
    "weightedAverageShsOutDil": 1000700000,
    "link": "https://www.sec.gov/Archives/edgar/data/1099219/000093783418000052/0000937834-18-000052-index.htm",
    "finalLink": "https://www.sec.gov/Archives/edgar/data/1099219/000093783418000052/met-2018930x10q.htm"
  },
  {
    "date": "2018-06-30",
    "symbol": "MET",
    "reportedCurrency": "USD",
    "cik": "0001099219",
    "fillingDate": "2018-08-07",
    "acceptedDate": "2018-08-07 17:20:24",
    "calendarYear": "2018",
    "period": "Q2",
    "revenue": 21185000000,
    "costOfRevenue": 17585000000,
    "grossProfit": 3600000000,
    "grossProfitRatio": 0.1699315553,
    "researchAndDevelopmentExpenses": 0,
    "generalAndAdministrativeExpenses": 1694000000,
    "sellingAndMarketingExpenses": 0,
    "sellingGeneralAndAdministrativeExpenses": 1694000000,
    "otherExpenses": 805000000,
    "operatingExpenses": 2499000000,
    "costAndExpenses": 20084000000,
    "interestIncome": 0,
    "interestExpense": 309000000,
    "depreciationAndAmortization": 0,
    "ebitda": 1410000000,
    "ebitdaratio": 0.0665565258,
    "operatingIncome": 1101000000,
    "operatingIncomeRatio": 0.051970734,
    "totalOtherIncomeExpensesNet": 0,
    "incomeBeforeTax": 1101000000,
    "incomeBeforeTaxRatio": 0.051970734,
    "incomeTaxExpense": 207000000,
    "netIncome": 891000000,
    "netIncomeRatio": 0.0420580599,
    "eps": 0.83,
    "epsdiluted": 0.83,
    "weightedAverageShsOut": 1015600000,
    "weightedAverageShsOutDil": 1023800000,
    "link": "https://www.sec.gov/Archives/edgar/data/1099219/000093783418000036/0000937834-18-000036-index.htm",
    "finalLink": "https://www.sec.gov/Archives/edgar/data/1099219/000093783418000036/met-2018630x10q.htm"
  },
  {
    "date": "2018-03-31",
    "symbol": "MET",
    "reportedCurrency": "USD",
    "cik": "0001099219",
    "fillingDate": "2018-05-08",
    "acceptedDate": "2018-05-07 19:58:54",
    "calendarYear": "2018",
    "period": "Q1",
    "revenue": 14805000000,
    "costOfRevenue": 10778000000,
    "grossProfit": 4027000000,
    "grossProfitRatio": 0.2720027018,
    "researchAndDevelopmentExpenses": 0,
    "generalAndAdministrativeExpenses": 1609000000,
    "sellingAndMarketingExpenses": 0,
    "sellingGeneralAndAdministrativeExpenses": 1609000000,
    "otherExpenses": 762000000,
    "operatingExpenses": 2371000000,
    "costAndExpenses": 13149000000,
    "interestIncome": 0,
    "interestExpense": 286000000,
    "depreciationAndAmortization": 0,
    "ebitda": 1942000000,
    "ebitdaratio": 0.1311719014,
    "operatingIncome": 1656000000,
    "operatingIncomeRatio": 0.1118541033,
    "totalOtherIncomeExpensesNet": 0,
    "incomeBeforeTax": 1656000000,
    "incomeBeforeTaxRatio": 0.1118541033,
    "incomeTaxExpense": 399000000,
    "netIncome": 1253000000,
    "netIncomeRatio": 0.0846335697,
    "eps": 1.2,
    "epsdiluted": 1.19,
    "weightedAverageShsOut": 1035900000,
    "weightedAverageShsOutDil": 1044400000,
    "link": "https://www.sec.gov/Archives/edgar/data/1099219/000093783418000022/0000937834-18-000022-index.htm",
    "finalLink": "https://www.sec.gov/Archives/edgar/data/1099219/000093783418000022/met-2018331x10q.htm"
  },
  {
    "date": "2017-12-31",
    "symbol": "MET",
    "reportedCurrency": "USD",
    "cik": "0001099219",
    "fillingDate": "2018-03-01",
    "acceptedDate": "2018-03-01 16:22:57",
    "calendarYear": "2017",
    "period": "Q4",
    "revenue": 15993000000,
    "costOfRevenue": 13399000000,
    "grossProfit": 2594000000,
    "grossProfitRatio": 0.1621959607,
    "researchAndDevelopmentExpenses": 0,
    "generalAndAdministrativeExpenses": 1796000000,
    "sellingAndMarketingExpenses": 0,
    "sellingGeneralAndAdministrativeExpenses": 1796000000,
    "otherExpenses": -256000000,
    "operatingExpenses": 1540000000,
    "costAndExpenses": 14939000000,
    "interestIncome": 0,
    "interestExpense": 278000000,
    "depreciationAndAmortization": 0,
    "ebitda": 1332000000,
    "ebitdaratio": 0.0832864378,
    "operatingIncome": 1054000000,
    "operatingIncomeRatio": 0.0659038329,
    "totalOtherIncomeExpensesNet": 0,
    "incomeBeforeTax": 1054000000,
    "incomeBeforeTaxRatio": 0.0659038329,
    "incomeTaxExpense": -1322000000,
    "netIncome": 2381000000,
    "netIncomeRatio": 0.148877634,
    "eps": 2.16,
    "epsdiluted": 2.14,
    "weightedAverageShsOut": 1052500000,
    "weightedAverageShsOutDil": 1062100000,
    "link": "https://www.sec.gov/Archives/edgar/data/1099219/000093783418000005/0000937834-18-000005-index.htm",
    "finalLink": "https://www.sec.gov/Archives/edgar/data/1099219/000093783418000005/met-20171231x10k.htm"
  },
  {
    "date": "2017-09-30",
    "symbol": "MET",
    "reportedCurrency": "USD",
    "cik": "0001099219",
    "fillingDate": "2017-11-06",
    "acceptedDate": "2017-11-06 06:14:14",
    "calendarYear": "2017",
    "period": "Q3",
    "revenue": 16171000000,
    "costOfRevenue": 13292000000,
    "grossProfit": 2879000000,
    "grossProfitRatio": 0.1780347536,
    "researchAndDevelopmentExpenses": 0,
    "generalAndAdministrativeExpenses": 1663000000,
    "sellingAndMarketingExpenses": 0,
    "sellingGeneralAndAdministrativeExpenses": 1663000000,
    "otherExpenses": 731000000,
    "operatingExpenses": 2394000000,
    "costAndExpenses": 15686000000,
    "interestIncome": 0,
    "interestExpense": 284000000,
    "depreciationAndAmortization": 0,
    "ebitda": 769000000,
    "ebitdaratio": 0.0475542638,
    "operatingIncome": 485000000,
    "operatingIncomeRatio": 0.0299919609,
    "totalOtherIncomeExpensesNet": 0,
    "incomeBeforeTax": 485000000,
    "incomeBeforeTaxRatio": 0.0299919609,
    "incomeTaxExpense": 398000000,
    "netIncome": -91000000,
    "netIncomeRatio": -0.0056273576,
    "eps": -0.0819,
    "epsdiluted": -0.0819,
    "weightedAverageShsOut": 1062300000,
    "weightedAverageShsOutDil": 1071500000,
    "link": "https://www.sec.gov/Archives/edgar/data/1099219/000093783417000031/0000937834-17-000031-index.htm",
    "finalLink": "https://www.sec.gov/Archives/edgar/data/1099219/000093783417000031/met-2017930x10q.htm"
  },
  {
    "date": "2017-06-30",
    "symbol": "MET",
    "reportedCurrency": "USD",
    "cik": "0001099219",
    "fillingDate": "2017-08-04",
    "acceptedDate": "2017-08-03 21:10:26",
    "calendarYear": "2017",
    "period": "Q2",
    "revenue": 15333000000,
    "costOfRevenue": 11899000000,
    "grossProfit": 3434000000,
    "grossProfitRatio": 0.2239613905,
    "researchAndDevelopmentExpenses": 0,
    "generalAndAdministrativeExpenses": 1671000000,
    "sellingAndMarketingExpenses": 0,
    "sellingGeneralAndAdministrativeExpenses": 1671000000,
    "otherExpenses": 745000000,
    "operatingExpenses": 2416000000,
    "costAndExpenses": 14315000000,
    "interestIncome": 11000000,
    "interestExpense": 295000000,
    "depreciationAndAmortization": 0,
    "ebitda": 1302000000,
    "ebitdaratio": 0.0849148895,
    "operatingIncome": 1018000000,
    "operatingIncomeRatio": 0.0663927477,
    "totalOtherIncomeExpensesNet": 0,
    "incomeBeforeTax": 1018000000,
    "incomeBeforeTaxRatio": 0.0663927477,
    "incomeTaxExpense": 162000000,
    "netIncome": 911000000,
    "netIncomeRatio": 0.0594143351,
    "eps": 0.81,
    "epsdiluted": 0.8,
    "weightedAverageShsOut": 1074000000,
    "weightedAverageShsOutDil": 1082100000,
    "link": "https://www.sec.gov/Archives/edgar/data/1099219/000093783417000024/0000937834-17-000024-index.htm",
    "finalLink": "https://www.sec.gov/Archives/edgar/data/1099219/000093783417000024/met-2017630x10q.htm"
  },
  {
    "date": "2017-03-31",
    "symbol": "MET",
    "reportedCurrency": "USD",
    "cik": "0001099219",
    "fillingDate": "2017-05-05",
    "acceptedDate": "2017-05-04 18:36:55",
    "calendarYear": "2017",
    "period": "Q1",
    "revenue": 14964000000,
    "costOfRevenue": 11525000000,
    "grossProfit": 3439000000,
    "grossProfitRatio": 0.2298182304,
    "researchAndDevelopmentExpenses": 0,
    "generalAndAdministrativeExpenses": 1599000000,
    "sellingAndMarketingExpenses": 0,
    "sellingGeneralAndAdministrativeExpenses": 1599000000,
    "otherExpenses": 768000000,
    "operatingExpenses": 2367000000,
    "costAndExpenses": 13892000000,
    "interestIncome": 13000000,
    "interestExpense": 296000000,
    "depreciationAndAmortization": 0,
    "ebitda": 1355000000,
    "ebitdaratio": 0.0905506549,
    "operatingIncome": 1072000000,
    "operatingIncomeRatio": 0.0716385993,
    "totalOtherIncomeExpensesNet": 0,
    "incomeBeforeTax": 1072000000,
    "incomeBeforeTaxRatio": 0.0716385993,
    "incomeTaxExpense": 120000000,
    "netIncome": 873000000,
    "netIncomeRatio": 0.058340016,
    "eps": 0.75,
    "epsdiluted": 0.75,
    "weightedAverageShsOut": 1090400000,
    "weightedAverageShsOutDil": 1098700000,
    "link": "https://www.sec.gov/Archives/edgar/data/1099219/000093783417000012/0000937834-17-000012-index.htm",
    "finalLink": "https://www.sec.gov/Archives/edgar/data/1099219/000093783417000012/met-2017331x10q.htm"
  },
  {
    "date": "2016-12-31",
    "symbol": "MET",
    "reportedCurrency": "USD",
    "cik": "0001099219",
    "fillingDate": "2017-03-01",
    "acceptedDate": "2017-02-28 19:01:06",
    "calendarYear": "2016",
    "period": "Q4",
    "revenue": 12076000000,
    "costOfRevenue": 12537000000,
    "grossProfit": -461000000,
    "grossProfitRatio": -0.0381748923,
    "researchAndDevelopmentExpenses": 0,
    "generalAndAdministrativeExpenses": 1805000000,
    "sellingAndMarketingExpenses": 0,
    "sellingGeneralAndAdministrativeExpenses": 1805000000,
    "otherExpenses": 1299000000,
    "operatingExpenses": 3104000000,
    "costAndExpenses": 15641000000,
    "interestIncome": 0,
    "interestExpense": 291000000,
    "depreciationAndAmortization": 0,
    "ebitda": -3274000000,
    "ebitdaratio": -0.2711162637,
    "operatingIncome": -3565000000,
    "operatingIncomeRatio": -0.2952136469,
    "totalOtherIncomeExpensesNet": 0,
    "incomeBeforeTax": -3565000000,
    "incomeBeforeTaxRatio": -0.2952136469,
    "incomeTaxExpense": -1479000000,
    "netIncome": -2088000000,
    "netIncomeRatio": -0.1729049354,
    "eps": -1.94,
    "epsdiluted": -1.94,
    "weightedAverageShsOut": 1100200000,
    "weightedAverageShsOutDil": 1108800000,
    "link": "https://www.sec.gov/Archives/edgar/data/1099219/000093783417000003/0000937834-17-000003-index.htm",
    "finalLink": "https://www.sec.gov/Archives/edgar/data/1099219/000093783417000003/met-12312016x10k.htm"
  },
  {
    "date": "2016-09-30",
    "symbol": "MET",
    "reportedCurrency": "USD",
    "cik": "0001099219",
    "fillingDate": "2016-11-03",
    "acceptedDate": "2016-11-03 17:02:41",
    "calendarYear": "2016",
    "period": "Q3",
    "revenue": 15573000000,
    "costOfRevenue": 11941000000,
    "grossProfit": 3632000000,
    "grossProfitRatio": 0.23322417,
    "researchAndDevelopmentExpenses": 0,
    "generalAndAdministrativeExpenses": 1641000000,
    "sellingAndMarketingExpenses": 0,
    "sellingGeneralAndAdministrativeExpenses": 1641000000,
    "otherExpenses": 832000000,
    "operatingExpenses": 2473000000,
    "costAndExpenses": 14414000000,
    "interestIncome": 12000000,
    "interestExpense": 292000000,
    "depreciationAndAmortization": 0,
    "ebitda": 1439000000,
    "ebitdaratio": 0.0924035189,
    "operatingIncome": 1159000000,
    "operatingIncomeRatio": 0.074423682,
    "totalOtherIncomeExpensesNet": 0,
    "incomeBeforeTax": 1159000000,
    "incomeBeforeTaxRatio": 0.074423682,
    "incomeTaxExpense": 135000000,
    "netIncome": 577000000,
    "netIncomeRatio": 0.0370513067,
    "eps": 0.52,
    "epsdiluted": 0.51,
    "weightedAverageShsOut": 1100500000,
    "weightedAverageShsOutDil": 1109300000,
    "link": "https://www.sec.gov/Archives/edgar/data/1099219/000093783416000140/0000937834-16-000140-index.htm",
    "finalLink": "https://www.sec.gov/Archives/edgar/data/1099219/000093783416000140/met-2016930x10q.htm"
  },
  {
    "date": "2016-06-30",
    "symbol": "MET",
    "reportedCurrency": "USD",
    "cik": "0001099219",
    "fillingDate": "2016-08-05",
    "acceptedDate": "2016-08-04 21:18:39",
    "calendarYear": "2016",
    "period": "Q2",
    "revenue": 15244000000,
    "costOfRevenue": 12221000000,
    "grossProfit": 3023000000,
    "grossProfitRatio": 0.1983075308,
    "researchAndDevelopmentExpenses": 0,
    "generalAndAdministrativeExpenses": 1788000000,
    "sellingAndMarketingExpenses": 0,
    "sellingGeneralAndAdministrativeExpenses": 1788000000,
    "otherExpenses": 1335000000,
    "operatingExpenses": 3123000000,
    "costAndExpenses": 15344000000,
    "interestIncome": 0,
    "interestExpense": 306000000,
    "depreciationAndAmortization": 0,
    "ebitda": 206000000,
    "ebitdaratio": 0.0135135135,
    "operatingIncome": -100000000,
    "operatingIncomeRatio": -0.006559958,
    "totalOtherIncomeExpensesNet": 0,
    "incomeBeforeTax": -100000000,
    "incomeBeforeTaxRatio": -0.006559958,
    "incomeTaxExpense": -214000000,
    "netIncome": 110000000,
    "netIncomeRatio": 0.0072159538,
    "eps": 0.0582,
    "epsdiluted": 0.9,
    "weightedAverageShsOut": 1100300000,
    "weightedAverageShsOutDil": 250000000,
    "link": "https://www.sec.gov/Archives/edgar/data/1099219/000093783416000121/0000937834-16-000121-index.htm",
    "finalLink": "https://www.sec.gov/Archives/edgar/data/1099219/000093783416000121/met-2016630x10q.htm"
  },
  {
    "date": "2016-03-31",
    "symbol": "MET",
    "reportedCurrency": "USD",
    "cik": "0001099219",
    "fillingDate": "2016-05-06",
    "acceptedDate": "2016-05-05 18:15:45",
    "calendarYear": "2016",
    "period": "Q1",
    "revenue": 18433000000,
    "costOfRevenue": 12319000000,
    "grossProfit": 6114000000,
    "grossProfitRatio": 0.331687734,
    "researchAndDevelopmentExpenses": 0,
    "generalAndAdministrativeExpenses": 1877000000,
    "sellingAndMarketingExpenses": 0,
    "sellingGeneralAndAdministrativeExpenses": 1877000000,
    "otherExpenses": 1315000000,
    "operatingExpenses": 3192000000,
    "costAndExpenses": 15511000000,
    "interestIncome": 0,
    "interestExpense": 312000000,
    "depreciationAndAmortization": 0,
    "ebitda": 3234000000,
    "ebitdaratio": 0.1754462106,
    "operatingIncome": 2922000000,
    "operatingIncomeRatio": 0.1585200456,
    "totalOtherIncomeExpensesNet": 0,
    "incomeBeforeTax": 2922000000,
    "incomeBeforeTaxRatio": 0.1585200456,
    "incomeTaxExpense": 719000000,
    "netIncome": 2201000000,
    "netIncomeRatio": 0.1194054142,
    "eps": 1.99,
    "epsdiluted": 1.98,
    "weightedAverageShsOut": 1100800000,
    "weightedAverageShsOutDil": 1108600000,
    "link": "https://www.sec.gov/Archives/edgar/data/1099219/000093783416000099/0000937834-16-000099-index.htm",
    "finalLink": "https://www.sec.gov/Archives/edgar/data/1099219/000093783416000099/met-2016331x10q.htm"
  },
  {
    "date": "2015-12-31",
    "symbol": "MET",
    "reportedCurrency": "USD",
    "cik": "0001099219",
    "fillingDate": "2016-02-25",
    "acceptedDate": "2016-02-24 21:18:04",
    "calendarYear": "2015",
    "period": "Q4",
    "revenue": 17044000000,
    "costOfRevenue": 12634000000,
    "grossProfit": 4410000000,
    "grossProfitRatio": 0.2587420793,
    "researchAndDevelopmentExpenses": 0,
    "generalAndAdministrativeExpenses": 1850000000,
    "sellingAndMarketingExpenses": 0,
    "sellingGeneralAndAdministrativeExpenses": 1850000000,
    "otherExpenses": 1425000000,
    "operatingExpenses": 3275000000,
    "costAndExpenses": 15909000000,
    "interestIncome": 0,
    "interestExpense": 300000000,
    "depreciationAndAmortization": 0,
    "ebitda": 1435000000,
    "ebitdaratio": 0.0841938512,
    "operatingIncome": 1135000000,
    "operatingIncomeRatio": 0.0665923492,
    "totalOtherIncomeExpensesNet": 0,
    "incomeBeforeTax": 1135000000,
    "incomeBeforeTaxRatio": 0.0665923492,
    "incomeTaxExpense": 293000000,
    "netIncome": 834000000,
    "netIncomeRatio": 0.0489321755,
    "eps": 0.71,
    "epsdiluted": 0.7,
    "weightedAverageShsOut": 1110900000,
    "weightedAverageShsOutDil": 1121400000,
    "link": "https://www.sec.gov/Archives/edgar/data/1099219/000093783416000077/0000937834-16-000077-index.htm",
    "finalLink": "https://www.sec.gov/Archives/edgar/data/1099219/000093783416000077/met-12312015x10k.htm"
  },
  {
    "date": "2015-09-30",
    "symbol": "MET",
    "reportedCurrency": "USD",
    "cik": "0001099219",
    "fillingDate": "2015-11-05",
    "acceptedDate": "2015-11-05 16:24:36",
    "calendarYear": "2015",
    "period": "Q3",
    "revenue": 18031000000,
    "costOfRevenue": 12434000000,
    "grossProfit": 5597000000,
    "grossProfitRatio": 0.3104098497,
    "researchAndDevelopmentExpenses": 0,
    "generalAndAdministrativeExpenses": 1701000000,
    "sellingAndMarketingExpenses": 0,
    "sellingGeneralAndAdministrativeExpenses": 1701000000,
    "otherExpenses": 1733000000,
    "operatingExpenses": 3434000000,
    "costAndExpenses": 15868000000,
    "interestIncome": 0,
    "interestExpense": 302000000,
    "depreciationAndAmortization": 0,
    "ebitda": 2465000000,
    "ebitdaratio": 0.1367090012,
    "operatingIncome": 2163000000,
    "operatingIncomeRatio": 0.1199600688,
    "totalOtherIncomeExpensesNet": 0,
    "incomeBeforeTax": 2163000000,
    "incomeBeforeTaxRatio": 0.1199600688,
    "incomeTaxExpense": 965000000,
    "netIncome": 1203000000,
    "netIncomeRatio": 0.0667184294,
    "eps": 1.07,
    "epsdiluted": 1.06,
    "weightedAverageShsOut": 1118900000,
    "weightedAverageShsOutDil": 1129941081,
    "link": "https://www.sec.gov/Archives/edgar/data/1099219/000093783415000059/0000937834-15-000059-index.htm",
    "finalLink": "https://www.sec.gov/Archives/edgar/data/1099219/000093783415000059/met-2015930x10q.htm"
  },
  {
    "date": "2015-06-30",
    "symbol": "MET",
    "reportedCurrency": "USD",
    "cik": "0001099219",
    "fillingDate": "2015-08-06",
    "acceptedDate": "2015-08-06 16:13:05",
    "calendarYear": "2015",
    "period": "Q2",
    "revenue": 16166000000,
    "costOfRevenue": 11905000000,
    "grossProfit": 4261000000,
    "grossProfitRatio": 0.2635778795,
    "researchAndDevelopmentExpenses": 0,
    "generalAndAdministrativeExpenses": 1830000000,
    "sellingAndMarketingExpenses": 0,
    "sellingGeneralAndAdministrativeExpenses": 1830000000,
    "otherExpenses": 1318000000,
    "operatingExpenses": 3148000000,
    "costAndExpenses": 15053000000,
    "interestIncome": 0,
    "interestExpense": 308000000,
    "depreciationAndAmortization": 0,
    "ebitda": 1421000000,
    "ebitdaratio": 0.087900532,
    "operatingIncome": 1113000000,
    "operatingIncomeRatio": 0.0688481999,
    "totalOtherIncomeExpensesNet": 0,
    "incomeBeforeTax": 1113000000,
    "incomeBeforeTaxRatio": 0.0688481999,
    "incomeTaxExpense": -6000000,
    "netIncome": 1115000000,
    "netIncomeRatio": 0.0689719164,
    "eps": 0.93,
    "epsdiluted": 0.92,
    "weightedAverageShsOut": 1117800000,
    "weightedAverageShsOutDil": 1128391778,
    "link": "https://www.sec.gov/Archives/edgar/data/1099219/000093783415000046/0000937834-15-000046-index.htm",
    "finalLink": "https://www.sec.gov/Archives/edgar/data/1099219/000093783415000046/met-2015630x10q.htm"
  },
  {
    "date": "2015-03-31",
    "symbol": "MET",
    "reportedCurrency": "USD",
    "cik": "0001099219",
    "fillingDate": "2015-05-08",
    "acceptedDate": "2015-05-08 16:27:59",
    "calendarYear": "2015",
    "period": "Q1",
    "revenue": 18710000000,
    "costOfRevenue": 12608000000,
    "grossProfit": 6102000000,
    "grossProfitRatio": 0.3261357563,
    "researchAndDevelopmentExpenses": 0,
    "generalAndAdministrativeExpenses": 1796000000,
    "sellingAndMarketingExpenses": 0,
    "sellingGeneralAndAdministrativeExpenses": 1796000000,
    "otherExpenses": 1247000000,
    "operatingExpenses": 3043000000,
    "costAndExpenses": 15651000000,
    "interestIncome": 0,
    "interestExpense": 298000000,
    "depreciationAndAmortization": 0,
    "ebitda": 3357000000,
    "ebitdaratio": 0.1794227686,
    "operatingIncome": 3059000000,
    "operatingIncomeRatio": 0.163495457,
    "totalOtherIncomeExpensesNet": 0,
    "incomeBeforeTax": 3059000000,
    "incomeBeforeTaxRatio": 0.163495457,
    "incomeTaxExpense": 896000000,
    "netIncome": 2158000000,
    "netIncomeRatio": 0.1153393907,
    "eps": 1.89,
    "epsdiluted": 1.87,
    "weightedAverageShsOut": 1125700000,
    "weightedAverageShsOutDil": 1135761118,
    "link": "https://www.sec.gov/Archives/edgar/data/1099219/000093783415000027/0000937834-15-000027-index.htm",
    "finalLink": "https://www.sec.gov/Archives/edgar/data/1099219/000093783415000027/met-2015331x10q.htm"
  },
  {
    "date": "2014-12-31",
    "symbol": "MET",
    "reportedCurrency": "USD",
    "cik": "0001099219",
    "fillingDate": "2015-02-27",
    "acceptedDate": "2015-02-26 19:20:05",
    "calendarYear": "2014",
    "period": "Q4",
    "revenue": 19119000000,
    "costOfRevenue": 13530000000,
    "grossProfit": 5589000000,
    "grossProfitRatio": 0.2923270046,
    "researchAndDevelopmentExpenses": 0,
    "generalAndAdministrativeExpenses": 1873000000,
    "sellingAndMarketingExpenses": 0,
    "sellingGeneralAndAdministrativeExpenses": 1873000000,
    "otherExpenses": 1640000000,
    "operatingExpenses": 3513000000,
    "costAndExpenses": 17043000000,
    "interestIncome": 0,
    "interestExpense": 297000000,
    "depreciationAndAmortization": 0,
    "ebitda": 2373000000,
    "ebitdaratio": 0.1241173702,
    "operatingIncome": 2076000000,
    "operatingIncomeRatio": 0.1085830849,
    "totalOtherIncomeExpensesNet": 0,
    "incomeBeforeTax": 2076000000,
    "incomeBeforeTaxRatio": 0.1085830849,
    "incomeTaxExpense": 549000000,
    "netIncome": 1521000000,
    "netIncomeRatio": 0.07955437,
    "eps": 1.32,
    "epsdiluted": 1.3,
    "weightedAverageShsOut": 1131900000,
    "weightedAverageShsOutDil": 1147300000,
    "link": "https://www.sec.gov/Archives/edgar/data/1099219/000093783415000009/0000937834-15-000009-index.htm",
    "finalLink": "https://www.sec.gov/Archives/edgar/data/1099219/000093783415000009/met-12312014x10k.htm"
  },
  {
    "date": "2014-09-30",
    "symbol": "MET",
    "reportedCurrency": "USD",
    "cik": "0001099219",
    "fillingDate": "2014-11-06",
    "acceptedDate": "2014-11-06 17:09:52",
    "calendarYear": "2014",
    "period": "Q3",
    "revenue": 18846000000,
    "costOfRevenue": 12726000000,
    "grossProfit": 6120000000,
    "grossProfitRatio": 0.3247373448,
    "researchAndDevelopmentExpenses": 0,
    "generalAndAdministrativeExpenses": 1795000000,
    "sellingAndMarketingExpenses": 0,
    "sellingGeneralAndAdministrativeExpenses": 1795000000,
    "otherExpenses": 1373000000,
    "operatingExpenses": 3168000000,
    "costAndExpenses": 15894000000,
    "interestIncome": 0,
    "interestExpense": 295000000,
    "depreciationAndAmortization": 0,
    "ebitda": 3247000000,
    "ebitdaratio": 0.1722912024,
    "operatingIncome": 2952000000,
    "operatingIncomeRatio": 0.1566380134,
    "totalOtherIncomeExpensesNet": 0,
    "incomeBeforeTax": 2952000000,
    "incomeBeforeTaxRatio": 0.1566380134,
    "incomeTaxExpense": 858000000,
    "netIncome": 2094000000,
    "netIncomeRatio": 0.1111111111,
    "eps": 1.83,
    "epsdiluted": 1.81,
    "weightedAverageShsOut": 1125100000,
    "weightedAverageShsOutDil": 1141047000,
    "link": "https://www.sec.gov/Archives/edgar/data/1099219/000093783414000066/0000937834-14-000066-index.htm",
    "finalLink": "https://www.sec.gov/Archives/edgar/data/1099219/000093783414000066/met-2014930x10q.htm"
  },
  {
    "date": "2014-06-30",
    "symbol": "MET",
    "reportedCurrency": "USD",
    "cik": "0001099219",
    "fillingDate": "2014-08-08",
    "acceptedDate": "2014-08-07 21:05:43",
    "calendarYear": "2014",
    "period": "Q2",
    "revenue": 18266000000,
    "costOfRevenue": 13129000000,
    "grossProfit": 5137000000,
    "grossProfitRatio": 0.2812328917,
    "researchAndDevelopmentExpenses": 0,
    "generalAndAdministrativeExpenses": 1786000000,
    "sellingAndMarketingExpenses": 0,
    "sellingGeneralAndAdministrativeExpenses": 1786000000,
    "otherExpenses": 1401000000,
    "operatingExpenses": 3187000000,
    "costAndExpenses": 16316000000,
    "interestIncome": 0,
    "interestExpense": 312000000,
    "depreciationAndAmortization": 0,
    "ebitda": 2262000000,
    "ebitdaratio": 0.1238366364,
    "operatingIncome": 1950000000,
    "operatingIncomeRatio": 0.106755721,
    "totalOtherIncomeExpensesNet": 0,
    "incomeBeforeTax": 1950000000,
    "incomeBeforeTaxRatio": 0.106755721,
    "incomeTaxExpense": 574000000,
    "netIncome": 1366000000,
    "netIncomeRatio": 0.0747837512,
    "eps": 1.18,
    "epsdiluted": 1.17,
    "weightedAverageShsOut": 1104900000,
    "weightedAverageShsOutDil": 1117300000,
    "link": "https://www.sec.gov/Archives/edgar/data/1099219/000093783414000041/0000937834-14-000041-index.htm",
    "finalLink": "https://www.sec.gov/Archives/edgar/data/1099219/000093783414000041/met-2014630x10q.htm"
  },
  {
    "date": "2014-03-31",
    "symbol": "MET",
    "reportedCurrency": "USD",
    "cik": "0001099219",
    "fillingDate": "2014-05-08",
    "acceptedDate": "2014-05-07 17:39:49",
    "calendarYear": "2014",
    "period": "Q1",
    "revenue": 17085000000,
    "costOfRevenue": 12179000000,
    "grossProfit": 4906000000,
    "grossProfitRatio": 0.2871524729,
    "researchAndDevelopmentExpenses": 0,
    "generalAndAdministrativeExpenses": 1731000000,
    "sellingAndMarketingExpenses": 0,
    "sellingGeneralAndAdministrativeExpenses": 1731000000,
    "otherExpenses": 1349000000,
    "operatingExpenses": 3080000000,
    "costAndExpenses": 15259000000,
    "interestIncome": 0,
    "interestExpense": 312000000,
    "depreciationAndAmortization": 0,
    "ebitda": 2138000000,
    "ebitdaratio": 0.1251390108,
    "operatingIncome": 1826000000,
    "operatingIncomeRatio": 0.1068773778,
    "totalOtherIncomeExpensesNet": 0,
    "incomeBeforeTax": 1826000000,
    "incomeBeforeTaxRatio": 0.1068773778,
    "incomeTaxExpense": 484000000,
    "netIncome": 1328000000,
    "netIncomeRatio": 0.077729002,
    "eps": 1.15,
    "epsdiluted": 1.14,
    "weightedAverageShsOut": 1126900000,
    "weightedAverageShsOutDil": 1140466038,
    "link": "https://www.sec.gov/Archives/edgar/data/1099219/000093783414000029/0000937834-14-000029-index.htm",
    "finalLink": "https://www.sec.gov/Archives/edgar/data/1099219/000093783414000029/met-2014331x10q.htm"
  },
  {
    "date": "2013-12-31",
    "symbol": "MET",
    "reportedCurrency": "USD",
    "cik": "0001099219",
    "fillingDate": "2014-02-27",
    "acceptedDate": "2014-02-26 20:38:57",
    "calendarYear": "2013",
    "period": "Q4",
    "revenue": 18458000000,
    "costOfRevenue": 13584000000,
    "grossProfit": 4874000000,
    "grossProfitRatio": 0.2640589446,
    "researchAndDevelopmentExpenses": 0,
    "generalAndAdministrativeExpenses": 1972000000,
    "sellingAndMarketingExpenses": 0,
    "sellingGeneralAndAdministrativeExpenses": 1972000000,
    "otherExpenses": 1634000000,
    "operatingExpenses": 3606000000,
    "costAndExpenses": 17190000000,
    "interestIncome": 0,
    "interestExpense": 323000000,
    "depreciationAndAmortization": 0,
    "ebitda": 1591000000,
    "ebitdaratio": 0.0861956875,
    "operatingIncome": 1268000000,
    "operatingIncomeRatio": 0.0686965002,
    "totalOtherIncomeExpensesNet": 0,
    "incomeBeforeTax": 1268000000,
    "incomeBeforeTaxRatio": 0.0686965002,
    "incomeTaxExpense": 353000000,
    "netIncome": 908000000,
    "netIncomeRatio": 0.0491927619,
    "eps": 0.78,
    "epsdiluted": 0.77,
    "weightedAverageShsOut": 1123700000,
    "weightedAverageShsOutDil": 1138100000,
    "link": "https://www.sec.gov/Archives/edgar/data/1099219/000093783414000011/0000937834-14-000011-index.htm",
    "finalLink": "https://www.sec.gov/Archives/edgar/data/1099219/000093783414000011/met-12312013x10k.htm"
  },
  {
    "date": "2013-09-30",
    "symbol": "MET",
    "reportedCurrency": "USD",
    "cik": "0001099219",
    "fillingDate": "2013-11-07",
    "acceptedDate": "2013-11-06 19:01:26",
    "calendarYear": "2013",
    "period": "Q3",
    "revenue": 16337000000,
    "costOfRevenue": 12182000000,
    "grossProfit": 4155000000,
    "grossProfitRatio": 0.2543306605,
    "researchAndDevelopmentExpenses": 0,
    "generalAndAdministrativeExpenses": 1870000000,
    "sellingAndMarketingExpenses": 0,
    "sellingGeneralAndAdministrativeExpenses": 1870000000,
    "otherExpenses": 1309000000,
    "operatingExpenses": 3179000000,
    "costAndExpenses": 15361000000,
    "interestIncome": 0,
    "interestExpense": 317000000,
    "depreciationAndAmortization": 0,
    "ebitda": 1293000000,
    "ebitdaratio": 0.0791454979,
    "operatingIncome": 976000000,
    "operatingIncomeRatio": 0.0597416906,
    "totalOtherIncomeExpensesNet": 0,
    "incomeBeforeTax": 976000000,
    "incomeBeforeTaxRatio": 0.0597416906,
    "incomeTaxExpense": 3000000,
    "netIncome": 972000000,
    "netIncomeRatio": 0.0594968476,
    "eps": 0.85,
    "epsdiluted": 0.84,
    "weightedAverageShsOut": 1104900000,
    "weightedAverageShsOutDil": 1117296838,
    "link": "https://www.sec.gov/Archives/edgar/data/1099219/000073702613000010/0000737026-13-000010-index.htm",
    "finalLink": "https://www.sec.gov/Archives/edgar/data/1099219/000073702613000010/met-2013930x10q.htm"
  },
  {
    "date": "2013-06-30",
    "symbol": "MET",
    "reportedCurrency": "USD",
    "cik": "0001099219",
    "fillingDate": "2013-08-07",
    "acceptedDate": "2013-08-07 17:12:54",
    "calendarYear": "2013",
    "period": "Q2",
    "revenue": 15721000000,
    "costOfRevenue": 12321000000,
    "grossProfit": 3400000000,
    "grossProfitRatio": 0.2162712296,
    "researchAndDevelopmentExpenses": 0,
    "generalAndAdministrativeExpenses": 1450000000,
    "sellingAndMarketingExpenses": 0,
    "sellingGeneralAndAdministrativeExpenses": 1450000000,
    "otherExpenses": 1389000000,
    "operatingExpenses": 2839000000,
    "costAndExpenses": 15160000000,
    "interestIncome": 0,
    "interestExpense": 321000000,
    "depreciationAndAmortization": 0,
    "ebitda": 882000000,
    "ebitdaratio": 0.0561033013,
    "operatingIncome": 561000000,
    "operatingIncomeRatio": 0.0356847529,
    "totalOtherIncomeExpensesNet": 0,
    "incomeBeforeTax": 561000000,
    "incomeBeforeTaxRatio": 0.0356847529,
    "incomeTaxExpense": 53000000,
    "netIncome": 502000000,
    "netIncomeRatio": 0.031931811,
    "eps": 0.43,
    "epsdiluted": 0.43,
    "weightedAverageShsOut": 1097900000,
    "weightedAverageShsOutDil": 1106700000,
    "link": "https://www.sec.gov/Archives/edgar/data/1099219/000119312513324494/0001193125-13-324494-index.htm",
    "finalLink": "https://www.sec.gov/Archives/edgar/data/1099219/000119312513324494/d574216d10q.htm"
  },
  {
    "date": "2013-03-31",
    "symbol": "MET",
    "reportedCurrency": "USD",
    "cik": "0001099219",
    "fillingDate": "2013-05-07",
    "acceptedDate": "2013-05-07 17:12:40",
    "calendarYear": "2013",
    "period": "Q1",
    "revenue": 17683000000,
    "costOfRevenue": 12978000000,
    "grossProfit": 4705000000,
    "grossProfitRatio": 0.2660747611,
    "researchAndDevelopmentExpenses": 0,
    "generalAndAdministrativeExpenses": 1810000000,
    "sellingAndMarketingExpenses": 0,
    "sellingGeneralAndAdministrativeExpenses": 1810000000,
    "otherExpenses": 1648000000,
    "operatingExpenses": 3458000000,
    "costAndExpenses": 16436000000,
    "interestIncome": 0,
    "interestExpense": 321000000,
    "depreciationAndAmortization": 0,
    "ebitda": 1568000000,
    "ebitdaratio": 0.0886727365,
    "operatingIncome": 1247000000,
    "operatingIncomeRatio": 0.0705197082,
    "totalOtherIncomeExpensesNet": 0,
    "incomeBeforeTax": 1247000000,
    "incomeBeforeTaxRatio": 0.0705197082,
    "incomeTaxExpense": 252000000,
    "netIncome": 986000000,
    "netIncomeRatio": 0.0557597693,
    "eps": 0.87,
    "epsdiluted": 0.87,
    "weightedAverageShsOut": 1096900000,
    "weightedAverageShsOutDil": 1103900000,
    "link": "https://www.sec.gov/Archives/edgar/data/1099219/000119312513204734/0001193125-13-204734-index.htm",
    "finalLink": "https://www.sec.gov/Archives/edgar/data/1099219/000119312513204734/d518446d10q.htm"
  },
  {
    "date": "2012-12-31",
    "symbol": "MET",
    "reportedCurrency": "USD",
    "cik": "0001099219",
    "fillingDate": "2013-02-27",
    "acceptedDate": "2013-02-26 21:13:26",
    "calendarYear": "2012",
    "period": "Q4",
    "revenue": 13754000000,
    "costOfRevenue": 13077000000,
    "grossProfit": 677000000,
    "grossProfitRatio": 0.0492220445,
    "researchAndDevelopmentExpenses": 0,
    "generalAndAdministrativeExpenses": 1467000000,
    "sellingAndMarketingExpenses": 0,
    "sellingGeneralAndAdministrativeExpenses": -2999000000,
    "otherExpenses": 4153000000,
    "operatingExpenses": 1154000000,
    "costAndExpenses": 14231000000,
    "interestIncome": 0,
    "interestExpense": 348000000,
    "depreciationAndAmortization": 0,
    "ebitda": -129000000,
    "ebitdaratio": -0.0093790897,
    "operatingIncome": -477000000,
    "operatingIncomeRatio": -0.0346808201,
    "totalOtherIncomeExpensesNet": 0,
    "incomeBeforeTax": -477000000,
    "incomeBeforeTaxRatio": -0.0346808201,
    "incomeTaxExpense": -582000000,
    "netIncome": 65000000,
    "netIncomeRatio": 0.0047258979,
    "eps": 0.088,
    "epsdiluted": 0.088,
    "weightedAverageShsOut": 1091000000,
    "weightedAverageShsOutDil": 1097500000,
    "link": "https://www.sec.gov/Archives/edgar/data/1099219/000119312513077792/0001193125-13-077792-index.htm",
    "finalLink": "https://www.sec.gov/Archives/edgar/data/1099219/000119312513077792/d450627d10k.htm"
  },
  {
    "date": "2012-09-30",
    "symbol": "MET",
    "reportedCurrency": "USD",
    "cik": "0001099219",
    "fillingDate": "2012-11-07",
    "acceptedDate": "2012-11-07 17:08:45",
    "calendarYear": "2012",
    "period": "Q3",
    "revenue": 14635000000,
    "costOfRevenue": 12177000000,
    "grossProfit": 2458000000,
    "grossProfitRatio": 0.167953536,
    "researchAndDevelopmentExpenses": 0,
    "generalAndAdministrativeExpenses": 1963000000,
    "sellingAndMarketingExpenses": 0,
    "sellingGeneralAndAdministrativeExpenses": 1963000000,
    "otherExpenses": 1505000000,
    "operatingExpenses": 3468000000,
    "costAndExpenses": 15645000000,
    "interestIncome": 0,
    "interestExpense": 345000000,
    "depreciationAndAmortization": 0,
    "ebitda": -665000000,
    "ebitdaratio": -0.0454390161,
    "operatingIncome": -1010000000,
    "operatingIncomeRatio": -0.0690126409,
    "totalOtherIncomeExpensesNet": 0,
    "incomeBeforeTax": -1010000000,
    "incomeBeforeTaxRatio": -0.0690126409,
    "incomeTaxExpense": -53000000,
    "netIncome": -954000000,
    "netIncomeRatio": -0.0651861975,
    "eps": -0.92,
    "epsdiluted": -0.92,
    "weightedAverageShsOut": 1065000000,
    "weightedAverageShsOutDil": 1071000000,
    "link": "https://www.sec.gov/Archives/edgar/data/1099219/000119312512457730/0001193125-12-457730-index.htm",
    "finalLink": "https://www.sec.gov/Archives/edgar/data/1099219/000119312512457730/d400197d10q.htm"
  },
  {
    "date": "2012-06-30",
    "symbol": "MET",
    "reportedCurrency": "USD",
    "cik": "0001099219",
    "fillingDate": "2012-08-07",
    "acceptedDate": "2012-08-07 17:06:04",
    "calendarYear": "2012",
    "period": "Q2",
    "revenue": 19557000000,
    "costOfRevenue": 11539000000,
    "grossProfit": 8018000000,
    "grossProfitRatio": 0.4099810809,
    "researchAndDevelopmentExpenses": 0,
    "generalAndAdministrativeExpenses": 1980000000,
    "sellingAndMarketingExpenses": 0,
    "sellingGeneralAndAdministrativeExpenses": 1980000000,
    "otherExpenses": 2700000000,
    "operatingExpenses": 4680000000,
    "costAndExpenses": 16219000000,
    "interestIncome": 0,
    "interestExpense": 362000000,
    "depreciationAndAmortization": 0,
    "ebitda": 3700000000,
    "ebitdaratio": 0.1891905712,
    "operatingIncome": 3338000000,
    "operatingIncomeRatio": 0.1706805747,
    "totalOtherIncomeExpensesNet": 0,
    "incomeBeforeTax": 3338000000,
    "incomeBeforeTaxRatio": 0.1706805747,
    "incomeTaxExpense": 1038000000,
    "netIncome": 2295000000,
    "netIncomeRatio": 0.1173492867,
    "eps": 2.13,
    "epsdiluted": 2.12,
    "weightedAverageShsOut": 1064700000,
    "weightedAverageShsOutDil": 1070000000,
    "link": "https://www.sec.gov/Archives/edgar/data/1099219/000119312512341187/0001193125-12-341187-index.htm",
    "finalLink": "https://www.sec.gov/Archives/edgar/data/1099219/000119312512341187/d358786d10q.htm"
  },
  {
    "date": "2012-03-31",
    "symbol": "MET",
    "reportedCurrency": "USD",
    "cik": "0001099219",
    "fillingDate": "2012-05-08",
    "acceptedDate": "2012-05-08 16:47:29",
    "calendarYear": "2012",
    "period": "Q1",
    "revenue": 17188000000,
    "costOfRevenue": 12505000000,
    "grossProfit": 4683000000,
    "grossProfitRatio": 0.2724575285,
    "researchAndDevelopmentExpenses": 0,
    "generalAndAdministrativeExpenses": 2147000000,
    "sellingAndMarketingExpenses": 0,
    "sellingGeneralAndAdministrativeExpenses": 2147000000,
    "otherExpenses": 2945000000,
    "operatingExpenses": 5092000000,
    "costAndExpenses": 17597000000,
    "interestIncome": 0,
    "interestExpense": 379000000,
    "depreciationAndAmortization": 0,
    "ebitda": -30000000,
    "ebitdaratio": -0.0017454038,
    "operatingIncome": -409000000,
    "operatingIncomeRatio": -0.0237956714,
    "totalOtherIncomeExpensesNet": 0,
    "incomeBeforeTax": -409000000,
    "incomeBeforeTaxRatio": -0.0237956714,
    "incomeTaxExpense": -275000000,
    "netIncome": -144000000,
    "netIncomeRatio": -0.0083779381,
    "eps": -0.16,
    "epsdiluted": -0.16,
    "weightedAverageShsOut": 1064300000,
    "weightedAverageShsOutDil": 1070900000,
    "link": "https://www.sec.gov/Archives/edgar/data/1099219/000119312512218690/0001193125-12-218690-index.htm",
    "finalLink": "https://www.sec.gov/Archives/edgar/data/1099219/000119312512218690/d294978d10q.htm"
  },
  {
    "date": "2011-12-31",
    "symbol": "MET",
    "reportedCurrency": "USD",
    "cik": "0001099219",
    "fillingDate": "2012-02-28",
    "acceptedDate": "2012-02-28 17:09:43",
    "calendarYear": "2011",
    "period": "Q4",
    "revenue": 16745000000,
    "costOfRevenue": 10589000000,
    "grossProfit": 6156000000,
    "grossProfitRatio": 0.367632129,
    "researchAndDevelopmentExpenses": 0,
    "generalAndAdministrativeExpenses": 2164000000,
    "sellingAndMarketingExpenses": 1604000000,
    "sellingGeneralAndAdministrativeExpenses": 3768000000,
    "otherExpenses": 868000000,
    "operatingExpenses": 4636000000,
    "costAndExpenses": 15225000000,
    "interestIncome": 0,
    "interestExpense": 0,
    "depreciationAndAmortization": 0,
    "ebitda": 1258000000,
    "ebitdaratio": 0.0751269036,
    "operatingIncome": 1520000000,
    "operatingIncomeRatio": 0.0907733652,
    "totalOtherIncomeExpensesNet": 0,
    "incomeBeforeTax": 1520000000,
    "incomeBeforeTaxRatio": 0.0907733652,
    "incomeTaxExpense": 394000000,
    "netIncome": 1156000000,
    "netIncomeRatio": 0.069035533,
    "eps": 0,
    "epsdiluted": -0.18,
    "weightedAverageShsOut": 0,
    "weightedAverageShsOutDil": 1064300000,
    "link": "https://www.sec.gov/Archives/edgar/data/1099219/000119312512085720/0001193125-12-085720-index.htm",
    "finalLink": "https://www.sec.gov/Archives/edgar/data/1099219/000119312512085720/d302570d10k.htm"
  },
  {
    "date": "2011-09-30",
    "symbol": "MET",
    "reportedCurrency": "USD",
    "cik": "0001099219",
    "fillingDate": "2011-11-04",
    "acceptedDate": "2011-11-04 17:20:10",
    "calendarYear": "2011",
    "period": "Q3",
    "revenue": 21871000000,
    "costOfRevenue": 9756000000,
    "grossProfit": 12115000000,
    "grossProfitRatio": 0.5539298615,
    "researchAndDevelopmentExpenses": 0,
    "generalAndAdministrativeExpenses": 2066000000,
    "sellingAndMarketingExpenses": 1771000000,
    "sellingGeneralAndAdministrativeExpenses": 3837000000,
    "otherExpenses": 3163000000,
    "operatingExpenses": 7000000000,
    "costAndExpenses": 16756000000,
    "interestIncome": 0,
    "interestExpense": 451000000,
    "depreciationAndAmortization": 0,
    "ebitda": 5566000000,
    "ebitdaratio": 0.25449225,
    "operatingIncome": 5115000000,
    "operatingIncomeRatio": 0.2338713365,
    "totalOtherIncomeExpensesNet": 0,
    "incomeBeforeTax": 5115000000,
    "incomeBeforeTaxRatio": 0.2338713365,
    "incomeTaxExpense": 1673000000,
    "netIncome": 3456000000,
    "netIncomeRatio": 0.1580174661,
    "eps": 3.35,
    "epsdiluted": 3.33,
    "weightedAverageShsOut": 1060200000,
    "weightedAverageShsOutDil": 1066200000,
    "link": "https://www.sec.gov/Archives/edgar/data/1099219/000095012311095417/0000950123-11-095417-index.htm",
    "finalLink": "https://www.sec.gov/Archives/edgar/data/1099219/000095012311095417/y91773e10vq.htm"
  },
  {
    "date": "2011-06-30",
    "symbol": "MET",
    "reportedCurrency": "USD",
    "cik": "0001099219",
    "fillingDate": "2011-08-05",
    "acceptedDate": "2011-08-05 07:33:02",
    "calendarYear": "2011",
    "period": "Q2",
    "revenue": 18422000000,
    "costOfRevenue": 10563000000,
    "grossProfit": 7859000000,
    "grossProfitRatio": 0.4266094887,
    "researchAndDevelopmentExpenses": 0,
    "generalAndAdministrativeExpenses": 2079000000,
    "sellingAndMarketingExpenses": 1587000000,
    "sellingGeneralAndAdministrativeExpenses": 3666000000,
    "otherExpenses": 2683000000,
    "operatingExpenses": 6349000000,
    "costAndExpenses": 16912000000,
    "interestIncome": 0,
    "interestExpense": 443000000,
    "depreciationAndAmortization": 0,
    "ebitda": 1953000000,
    "ebitdaratio": 0.1060145478,
    "operatingIncome": 1510000000,
    "operatingIncomeRatio": 0.0819672131,
    "totalOtherIncomeExpensesNet": 0,
    "incomeBeforeTax": 1510000000,
    "incomeBeforeTaxRatio": 0.0819672131,
    "incomeTaxExpense": 448000000,
    "netIncome": 1100000000,
    "netIncomeRatio": 0.0597112149,
    "eps": 1.14,
    "epsdiluted": 1.13,
    "weightedAverageShsOut": 1057391000,
    "weightedAverageShsOutDil": 1071000000,
    "link": "https://www.sec.gov/Archives/edgar/data/1099219/000095012311073255/0000950123-11-073255-index.htm",
    "finalLink": "https://www.sec.gov/Archives/edgar/data/1099219/000095012311073255/y91293e10vq.htm"
  },
  {
    "date": "2011-03-31",
    "symbol": "MET",
    "reportedCurrency": "USD",
    "cik": "0001099219",
    "fillingDate": "2011-05-10",
    "acceptedDate": "2011-05-09 19:30:24",
    "calendarYear": "2011",
    "period": "Q1",
    "revenue": 17089000000,
    "costOfRevenue": 10161000000,
    "grossProfit": 6928000000,
    "grossProfitRatio": 0.405406987,
    "researchAndDevelopmentExpenses": 0,
    "generalAndAdministrativeExpenses": 1947000000,
    "sellingAndMarketingExpenses": 1416000000,
    "sellingGeneralAndAdministrativeExpenses": 3363000000,
    "otherExpenses": 2280000000,
    "operatingExpenses": 5643000000,
    "costAndExpenses": 15804000000,
    "interestIncome": 0,
    "interestExpense": 438000000,
    "depreciationAndAmortization": 0,
    "ebitda": 1723000000,
    "ebitdaratio": 0.1008250922,
    "operatingIncome": 1285000000,
    "operatingIncomeRatio": 0.0751945696,
    "totalOtherIncomeExpensesNet": 0,
    "incomeBeforeTax": 1285000000,
    "incomeBeforeTaxRatio": 0.0751945696,
    "incomeTaxExpense": 361000000,
    "netIncome": 877000000,
    "netIncomeRatio": 0.0513195623,
    "eps": 0.78,
    "epsdiluted": 0.78,
    "weightedAverageShsOut": 1056082512,
    "weightedAverageShsOutDil": 1069500000,
    "link": "https://www.sec.gov/Archives/edgar/data/1099219/000095012311047631/0000950123-11-047631-index.htm",
    "finalLink": "https://www.sec.gov/Archives/edgar/data/1099219/000095012311047631/y90044te10vq.htm"
  },
  {
    "date": "2010-12-31",
    "symbol": "MET",
    "reportedCurrency": "USD",
    "cik": "0001099219",
    "fillingDate": "2011-02-25",
    "acceptedDate": "2011-02-24 20:25:14",
    "calendarYear": "2010",
    "period": "Q4",
    "revenue": 12837000000,
    "costOfRevenue": 59880000000,
    "grossProfit": -47043000000,
    "grossProfitRatio": -3.6646412713,
    "researchAndDevelopmentExpenses": 0,
    "generalAndAdministrativeExpenses": 2563000000,
    "sellingAndMarketingExpenses": 1108000000,
    "sellingGeneralAndAdministrativeExpenses": 3671000000,
    "otherExpenses": -50717000000,
    "operatingExpenses": -47046000000,
    "costAndExpenses": 12834000000,
    "interestIncome": 0,
    "interestExpense": 0,
    "depreciationAndAmortization": 0,
    "ebitda": -308000000,
    "ebitdaratio": -0.0239931448,
    "operatingIncome": 3000000,
    "operatingIncomeRatio": 0.0002336995,
    "totalOtherIncomeExpensesNet": 0,
    "incomeBeforeTax": 3000000,
    "incomeBeforeTaxRatio": 0.0002336995,
    "incomeTaxExpense": -78000000,
    "netIncome": 82000000,
    "netIncomeRatio": 0.0063877853,
    "eps": 0,
    "epsdiluted": 0.82,
    "weightedAverageShsOut": 0,
    "weightedAverageShsOutDil": 1056082512,
    "link": "https://www.sec.gov/Archives/edgar/data/1099219/000095012311018077/0000950123-11-018077-index.htm",
    "finalLink": "https://www.sec.gov/Archives/edgar/data/1099219/000095012311018077/y87657e10vk.htm"
  },
  {
    "date": "2010-09-30",
    "symbol": "MET",
    "reportedCurrency": "USD",
    "cik": "0001099219",
    "fillingDate": "2010-11-04",
    "acceptedDate": "2010-11-04 16:54:33",
    "calendarYear": "2010",
    "period": "Q3",
    "revenue": 12338000000,
    "costOfRevenue": 8573000000,
    "grossProfit": 3765000000,
    "grossProfitRatio": 0.3051548063,
    "researchAndDevelopmentExpenses": 0,
    "generalAndAdministrativeExpenses": 1259000000,
    "sellingAndMarketingExpenses": 870000000,
    "sellingGeneralAndAdministrativeExpenses": 2129000000,
    "otherExpenses": 1251000000,
    "operatingExpenses": 3380000000,
    "costAndExpenses": 11953000000,
    "interestIncome": 0,
    "interestExpense": 430000000,
    "depreciationAndAmortization": 0,
    "ebitda": 815000000,
    "ebitdaratio": 0.0660560869,
    "operatingIncome": 385000000,
    "operatingIncomeRatio": 0.0312044091,
    "totalOtherIncomeExpensesNet": 0,
    "incomeBeforeTax": 385000000,
    "incomeBeforeTaxRatio": 0.0312044091,
    "incomeTaxExpense": 68000000,
    "netIncome": 316000000,
    "netIncomeRatio": 0.0256119306,
    "eps": 0.32,
    "epsdiluted": 0.32,
    "weightedAverageShsOut": 906909597,
    "weightedAverageShsOutDil": 906909597,
    "link": "https://www.sec.gov/Archives/edgar/data/1099219/000095012310100992/0000950123-10-100992-index.htm",
    "finalLink": "https://www.sec.gov/Archives/edgar/data/1099219/000095012310100992/y86084qe10vq.htm"
  },
  {
    "date": "2010-06-30",
    "symbol": "MET",
    "reportedCurrency": "USD",
    "cik": "0001099219",
    "fillingDate": "2010-08-02",
    "acceptedDate": "2010-08-02 06:11:33",
    "calendarYear": "2010",
    "period": "Q2",
    "revenue": 14138000000,
    "costOfRevenue": 7978000000,
    "grossProfit": 6160000000,
    "grossProfitRatio": 0.4357051917,
    "researchAndDevelopmentExpenses": 0,
    "generalAndAdministrativeExpenses": 1274000000,
    "sellingAndMarketingExpenses": 835000000,
    "sellingGeneralAndAdministrativeExpenses": 2109000000,
    "otherExpenses": 1688000000,
    "operatingExpenses": 3797000000,
    "costAndExpenses": 11775000000,
    "interestIncome": 0,
    "interestExpense": 405000000,
    "depreciationAndAmortization": 0,
    "ebitda": 2768000000,
    "ebitdaratio": 0.1957844108,
    "operatingIncome": 2363000000,
    "operatingIncomeRatio": 0.1671382091,
    "totalOtherIncomeExpensesNet": 0,
    "incomeBeforeTax": 2363000000,
    "incomeBeforeTaxRatio": 0.1671382091,
    "incomeTaxExpense": 827000000,
    "netIncome": 1557000000,
    "netIncomeRatio": 0.1101287311,
    "eps": 1.85,
    "epsdiluted": 1.84,
    "weightedAverageShsOut": 822654945,
    "weightedAverageShsOutDil": 830500000,
    "link": "https://www.sec.gov/Archives/edgar/data/1099219/000095012310070688/0000950123-10-070688-index.htm",
    "finalLink": "https://www.sec.gov/Archives/edgar/data/1099219/000095012310070688/y84676e10vq.htm"
  },
  {
    "date": "2010-03-31",
    "symbol": "MET",
    "reportedCurrency": "USD",
    "cik": "0001099219",
    "fillingDate": "2010-05-05",
    "acceptedDate": "2010-05-05 16:09:13",
    "calendarYear": "2010",
    "period": "Q1",
    "revenue": 13100000000,
    "costOfRevenue": 8606000000,
    "grossProfit": 4494000000,
    "grossProfitRatio": 0.3430534351,
    "researchAndDevelopmentExpenses": 0,
    "generalAndAdministrativeExpenses": 1210000000,
    "sellingAndMarketingExpenses": 804000000,
    "sellingGeneralAndAdministrativeExpenses": 2014000000,
    "otherExpenses": 1295000000,
    "operatingExpenses": 3309000000,
    "costAndExpenses": 11915000000,
    "interestIncome": 0,
    "interestExpense": 409000000,
    "depreciationAndAmortization": 0,
    "ebitda": 1594000000,
    "ebitdaratio": 0.1216793893,
    "operatingIncome": 1185000000,
    "operatingIncomeRatio": 0.0904580153,
    "totalOtherIncomeExpensesNet": 0,
    "incomeBeforeTax": 1185000000,
    "incomeBeforeTaxRatio": 0.0904580153,
    "incomeTaxExpense": 356000000,
    "netIncome": 835000000,
    "netIncomeRatio": 0.063740458,
    "eps": 0.98,
    "epsdiluted": 0.97,
    "weightedAverageShsOut": 819393009,
    "weightedAverageShsOutDil": 828600000,
    "link": "https://www.sec.gov/Archives/edgar/data/1099219/000095012310044487/0000950123-10-044487-index.htm",
    "finalLink": "https://www.sec.gov/Archives/edgar/data/1099219/000095012310044487/y83751e10vq.htm"
  },
  {
    "date": "2009-12-31",
    "symbol": "MET",
    "reportedCurrency": "USD",
    "cik": "0001099219",
    "fillingDate": "2010-02-26",
    "acceptedDate": "2010-02-26 17:02:31",
    "calendarYear": "2009",
    "period": "Q4",
    "revenue": 12341000000,
    "costOfRevenue": 57541000000,
    "grossProfit": -45200000000,
    "grossProfitRatio": -3.6625881209,
    "researchAndDevelopmentExpenses": 0,
    "generalAndAdministrativeExpenses": 0,
    "sellingAndMarketingExpenses": 0,
    "sellingGeneralAndAdministrativeExpenses": 0,
    "otherExpenses": -45379000000,
    "operatingExpenses": -45379000000,
    "costAndExpenses": 12162000000,
    "interestIncome": 0,
    "interestExpense": 1044000000,
    "depreciationAndAmortization": 0,
    "ebitda": 179000000,
    "ebitdaratio": 0.0145044972,
    "operatingIncome": 179000000,
    "operatingIncomeRatio": 0.0145044972,
    "totalOtherIncomeExpensesNet": 0,
    "incomeBeforeTax": 179000000,
    "incomeBeforeTaxRatio": 0.0145044972,
    "incomeTaxExpense": -131000000,
    "netIncome": 320000000,
    "netIncomeRatio": 0.0259298274,
    "eps": 0,
    "epsdiluted": 0.35,
    "weightedAverageShsOut": 0,
    "weightedAverageShsOutDil": 819393009,
    "link": "https://www.sec.gov/Archives/edgar/data/1099219/000095012310018284/0000950123-10-018284-index.htm",
    "finalLink": "https://www.sec.gov/Archives/edgar/data/1099219/000095012310018284/y81517e10vk.htm"
  },
  {
    "date": "2009-09-30",
    "symbol": "MET",
    "reportedCurrency": "USD",
    "cik": "0001099219",
    "fillingDate": "2009-11-04",
    "acceptedDate": "2009-11-03 21:45:54",
    "calendarYear": "2009",
    "period": "Q3",
    "revenue": 10238000000,
    "costOfRevenue": -8431000000,
    "grossProfit": 18669000000,
    "grossProfitRatio": 1.8235006837,
    "researchAndDevelopmentExpenses": 0,
    "generalAndAdministrativeExpenses": 942000000,
    "sellingAndMarketingExpenses": 815000000,
    "sellingGeneralAndAdministrativeExpenses": 1757000000,
    "otherExpenses": 18087000000,
    "operatingExpenses": 19844000000,
    "costAndExpenses": 11413000000,
    "interestIncome": 0,
    "interestExpense": 321000000,
    "depreciationAndAmortization": 0,
    "ebitda": -854000000,
    "ebitdaratio": -0.0834147294,
    "operatingIncome": -1175000000,
    "operatingIncomeRatio": -0.1147685095,
    "totalOtherIncomeExpensesNet": 0,
    "incomeBeforeTax": -1175000000,
    "incomeBeforeTaxRatio": -0.1147685095,
    "incomeTaxExpense": -551000000,
    "netIncome": -620000000,
    "netIncomeRatio": -0.0605587029,
    "eps": -0.79,
    "epsdiluted": -0.79,
    "weightedAverageShsOut": 815068638,
    "weightedAverageShsOutDil": 821800000,
    "link": "https://www.sec.gov/Archives/edgar/data/1099219/000095012309057114/0000950123-09-057114-index.htm",
    "finalLink": "https://www.sec.gov/Archives/edgar/data/1099219/000095012309057114/y79748e10vq.htm"
  },
  {
    "date": "2009-06-30",
    "symbol": "MET",
    "reportedCurrency": "USD",
    "cik": "0001099219",
    "fillingDate": "2009-08-04",
    "acceptedDate": "2009-08-04 06:16:05",
    "calendarYear": "2009",
    "period": "Q2",
    "revenue": 8265000000,
    "costOfRevenue": -8175000000,
    "grossProfit": 16440000000,
    "grossProfitRatio": 1.9891107078,
    "researchAndDevelopmentExpenses": 0,
    "generalAndAdministrativeExpenses": 0,
    "sellingAndMarketingExpenses": 0,
    "sellingGeneralAndAdministrativeExpenses": 0,
    "otherExpenses": 18815000000,
    "operatingExpenses": 18815000000,
    "costAndExpenses": 10640000000,
    "interestIncome": 0,
    "interestExpense": 0,
    "depreciationAndAmortization": 130000000,
    "ebitda": -2245000000,
    "ebitdaratio": -0.2716273442,
    "operatingIncome": -2375000000,
    "operatingIncomeRatio": -0.2873563218,
    "totalOtherIncomeExpensesNet": 0,
    "incomeBeforeTax": -2375000000,
    "incomeBeforeTaxRatio": -0.2873563218,
    "incomeTaxExpense": -956000000,
    "netIncome": -1402000000,
    "netIncomeRatio": -0.169630974,
    "eps": -1.74,
    "epsdiluted": -1.74,
    "weightedAverageShsOut": 821594380,
    "weightedAverageShsOutDil": 821594380,
    "link": "https://www.sec.gov/Archives/edgar/data/1099219/000095012309029190/0000950123-09-029190-index.htm",
    "finalLink": "https://www.sec.gov/Archives/edgar/data/1099219/000095012309029190/y78491e10vq.htm"
  },
  {
    "date": "2009-03-31",
    "symbol": "MET",
    "reportedCurrency": "USD",
    "cik": "0001099219",
    "fillingDate": "2009-05-07",
    "acceptedDate": "2009-05-07 06:05:53",
    "calendarYear": "2009",
    "period": "Q1",
    "revenue": 10214000000,
    "costOfRevenue": -7750000000,
    "grossProfit": 17964000000,
    "grossProfitRatio": 1.7587624829,
    "researchAndDevelopmentExpenses": 0,
    "generalAndAdministrativeExpenses": 0,
    "sellingAndMarketingExpenses": 0,
    "sellingGeneralAndAdministrativeExpenses": 0,
    "otherExpenses": 18926000000,
    "operatingExpenses": 18926000000,
    "costAndExpenses": 11176000000,
    "interestIncome": 0,
    "interestExpense": 0,
    "depreciationAndAmortization": 129000000,
    "ebitda": -833000000,
    "ebitdaratio": -0.0815547288,
    "operatingIncome": -962000000,
    "operatingIncomeRatio": -0.0941844527,
    "totalOtherIncomeExpensesNet": 0,
    "incomeBeforeTax": -962000000,
    "incomeBeforeTaxRatio": -0.0941844527,
    "incomeTaxExpense": -377000000,
    "netIncome": -548000000,
    "netIncomeRatio": -0.0536518504,
    "eps": -0.71,
    "epsdiluted": -0.71,
    "weightedAverageShsOut": 809101944,
    "weightedAverageShsOutDil": 809101944,
    "link": "https://www.sec.gov/Archives/edgar/data/1099219/000095012309008183/0000950123-09-008183-index.htm",
    "finalLink": "https://www.sec.gov/Archives/edgar/data/1099219/000095012309008183/y76874e10vq.htm"
  },
  {
    "date": "2008-12-31",
    "symbol": "MET",
    "reportedCurrency": "USD",
    "cik": "0001099219",
    "fillingDate": "2009-03-02",
    "acceptedDate": "2009-02-27 20:20:55",
    "calendarYear": "2008",
    "period": "Q4",
    "revenue": 13885000000,
    "costOfRevenue": 8176000000,
    "grossProfit": 5709000000,
    "grossProfitRatio": 0.4111631257,
    "researchAndDevelopmentExpenses": 0,
    "generalAndAdministrativeExpenses": 852000000,
    "sellingAndMarketingExpenses": 0,
    "sellingGeneralAndAdministrativeExpenses": 0,
    "otherExpenses": 4260000000,
    "operatingExpenses": 4260000000,
    "costAndExpenses": 12436000000,
    "interestIncome": 0,
    "interestExpense": 0,
    "depreciationAndAmortization": 0,
    "ebitda": 1182000000,
    "ebitdaratio": 0.0851278358,
    "operatingIncome": 1449000000,
    "operatingIncomeRatio": 0.10435722,
    "totalOtherIncomeExpensesNet": 0,
    "incomeBeforeTax": 1449000000,
    "incomeBeforeTaxRatio": 0.10435722,
    "incomeTaxExpense": 502000000,
    "netIncome": 985000000,
    "netIncomeRatio": 0.0709398632,
    "eps": 0,
    "epsdiluted": 0.96,
    "weightedAverageShsOut": 0,
    "weightedAverageShsOutDil": 809101944,
    "link": "https://www.sec.gov/Archives/edgar/data/1099219/000095012309003725/0000950123-09-003725-index.htm",
    "finalLink": "https://www.sec.gov/Archives/edgar/data/1099219/000095012309003725/y74655e10vk.htm"
  },
  {
    "date": "2008-09-30",
    "symbol": "MET",
    "reportedCurrency": "USD",
    "cik": "0001099219",
    "fillingDate": "2008-11-07",
    "acceptedDate": "2008-11-06 21:56:23",
    "calendarYear": "2008",
    "period": "Q3",
    "revenue": 13351000000,
    "costOfRevenue": -8393000000,
    "grossProfit": 21744000000,
    "grossProfitRatio": 1.6286420493,
    "researchAndDevelopmentExpenses": 0,
    "generalAndAdministrativeExpenses": 0,
    "sellingAndMarketingExpenses": 0,
    "sellingGeneralAndAdministrativeExpenses": 0,
    "otherExpenses": 20165000000,
    "operatingExpenses": 20165000000,
    "costAndExpenses": 11772000000,
    "interestIncome": 0,
    "interestExpense": 263000000,
    "depreciationAndAmortization": 0,
    "ebitda": 1852000000,
    "ebitdaratio": 0.138716201,
    "operatingIncome": 1579000000,
    "operatingIncomeRatio": 0.1182682945,
    "totalOtherIncomeExpensesNet": 0,
    "incomeBeforeTax": 1579000000,
    "incomeBeforeTaxRatio": 0.1182682945,
    "incomeTaxExpense": 529000000,
    "netIncome": 630000000,
    "netIncomeRatio": 0.0471874766,
    "eps": 0.84,
    "epsdiluted": 0.83,
    "weightedAverageShsOut": 716011791,
    "weightedAverageShsOutDil": 726900000,
    "link": "https://www.sec.gov/Archives/edgar/data/1099219/000095012308014622/0000950123-08-014622-index.htm",
    "finalLink": "https://www.sec.gov/Archives/edgar/data/1099219/000095012308014622/y72177e10vq.htm"
  },
  {
    "date": "2008-06-30",
    "symbol": "MET",
    "reportedCurrency": "USD",
    "cik": "0001099219",
    "fillingDate": "2008-08-04",
    "acceptedDate": "2008-08-04 06:21:10",
    "calendarYear": "2008",
    "period": "Q2",
    "revenue": 12049000000,
    "costOfRevenue": -7775000000,
    "grossProfit": 19824000000,
    "grossProfitRatio": 1.6452817661,
    "researchAndDevelopmentExpenses": 0,
    "generalAndAdministrativeExpenses": 0,
    "sellingAndMarketingExpenses": 0,
    "sellingGeneralAndAdministrativeExpenses": 0,
    "otherExpenses": 18603000000,
    "operatingExpenses": 18603000000,
    "costAndExpenses": 10828000000,
    "interestIncome": 0,
    "interestExpense": 0,
    "depreciationAndAmortization": 113000000,
    "ebitda": 1334000000,
    "ebitdaratio": 0.1107145821,
    "operatingIncome": 1221000000,
    "operatingIncomeRatio": 0.1013362105,
    "totalOtherIncomeExpensesNet": 0,
    "incomeBeforeTax": 1221000000,
    "incomeBeforeTaxRatio": 0.1013362105,
    "incomeTaxExpense": 342000000,
    "netIncome": 946000000,
    "netIncomeRatio": 0.0785127396,
    "eps": 1.28,
    "epsdiluted": 1.26,
    "weightedAverageShsOut": 712837796,
    "weightedAverageShsOutDil": 726534514,
    "link": "https://www.sec.gov/Archives/edgar/data/1099219/000095012308008734/0000950123-08-008734-index.htm",
    "finalLink": "https://www.sec.gov/Archives/edgar/data/1099219/000095012308008734/y63995e10vq.htm"
  },
  {
    "date": "2008-03-31",
    "symbol": "MET",
    "reportedCurrency": "USD",
    "cik": "0001099219",
    "fillingDate": "2008-05-09",
    "acceptedDate": "2008-05-09 06:07:51",
    "calendarYear": "2008",
    "period": "Q1",
    "revenue": 11624000000,
    "costOfRevenue": -7816000000,
    "grossProfit": 19440000000,
    "grossProfitRatio": 1.672401927,
    "researchAndDevelopmentExpenses": 0,
    "generalAndAdministrativeExpenses": 852000000,
    "sellingAndMarketingExpenses": 0,
    "sellingGeneralAndAdministrativeExpenses": 852000000,
    "otherExpenses": 17756000000,
    "operatingExpenses": 18608000000,
    "costAndExpenses": 10792000000,
    "interestIncome": 0,
    "interestExpense": 1630000000,
    "depreciationAndAmortization": 221000000,
    "ebitda": 2718000000,
    "ebitdaratio": 0.2338265657,
    "operatingIncome": 832000000,
    "operatingIncomeRatio": 0.0715760496,
    "totalOtherIncomeExpensesNet": 0,
    "incomeBeforeTax": 832000000,
    "incomeBeforeTaxRatio": 0.0715760496,
    "incomeTaxExpense": 207000000,
    "netIncome": 660000000,
    "netIncomeRatio": 0.0567790778,
    "eps": 0.85,
    "epsdiluted": 0.84,
    "weightedAverageShsOut": 720392991,
    "weightedAverageShsOutDil": 732722142,
    "link": "https://www.sec.gov/Archives/edgar/data/1099219/000095012308005372/0000950123-08-005372-index.htm",
    "finalLink": "https://www.sec.gov/Archives/edgar/data/1099219/000095012308005372/y57313e10vq.htm"
  },
  {
    "date": "2007-12-31",
    "symbol": "MET",
    "reportedCurrency": "USD",
    "cik": "0001099219",
    "fillingDate": "2008-02-28",
    "acceptedDate": "2008-02-28 17:01:18",
    "calendarYear": "2007",
    "period": "Q4",
    "revenue": 13821000000,
    "costOfRevenue": 9914000000,
    "grossProfit": 3907000000,
    "grossProfitRatio": 0.282685768,
    "researchAndDevelopmentExpenses": 0,
    "generalAndAdministrativeExpenses": 902000000,
    "sellingAndMarketingExpenses": 0,
    "sellingGeneralAndAdministrativeExpenses": 902000000,
    "otherExpenses": 1429000000,
    "operatingExpenses": 2331000000,
    "costAndExpenses": 12245000000,
    "interestIncome": 0,
    "interestExpense": 310000000,
    "depreciationAndAmortization": 0,
    "ebitda": 1886000000,
    "ebitdaratio": 0.1364590116,
    "operatingIncome": 1576000000,
    "operatingIncomeRatio": 0.1140293756,
    "totalOtherIncomeExpensesNet": 0,
    "incomeBeforeTax": 1576000000,
    "incomeBeforeTaxRatio": 0.1140293756,
    "incomeTaxExpense": 464000000,
    "netIncome": 1118000000,
    "netIncomeRatio": 0.0808913971,
    "eps": 0,
    "epsdiluted": 1.43,
    "weightedAverageShsOut": 0,
    "weightedAverageShsOutDil": 723529412,
    "link": "https://www.sec.gov/Archives/edgar/data/1099219/000095012308002274/0000950123-08-002274-index.htm",
    "finalLink": "https://www.sec.gov/Archives/edgar/data/1099219/000095012308002274/y48170e10vk.htm"
  },
  {
    "date": "2007-09-30",
    "symbol": "MET",
    "reportedCurrency": "USD",
    "cik": "0001099219",
    "fillingDate": "2007-11-05",
    "acceptedDate": "2007-11-05 16:13:22",
    "calendarYear": "2007",
    "period": "Q3",
    "revenue": 11678000000,
    "costOfRevenue": 8465000000,
    "grossProfit": 3213000000,
    "grossProfitRatio": 0.2751327282,
    "researchAndDevelopmentExpenses": 0,
    "generalAndAdministrativeExpenses": 890000000,
    "sellingAndMarketingExpenses": 0,
    "sellingGeneralAndAdministrativeExpenses": 890000000,
    "otherExpenses": 1000000000,
    "operatingExpenses": 1890000000,
    "costAndExpenses": 10355000000,
    "interestIncome": 0,
    "interestExpense": 264000000,
    "depreciationAndAmortization": 0,
    "ebitda": 1587000000,
    "ebitdaratio": 0.1358965576,
    "operatingIncome": 1323000000,
    "operatingIncomeRatio": 0.1132899469,
    "totalOtherIncomeExpensesNet": 0,
    "incomeBeforeTax": 1323000000,
    "incomeBeforeTaxRatio": 0.1132899469,
    "incomeTaxExpense": 380000000,
    "netIncome": 1019000000,
    "netIncomeRatio": 0.0872580921,
    "eps": 1.32,
    "epsdiluted": 1.29,
    "weightedAverageShsOut": 743958113,
    "weightedAverageShsOutDil": 762693073,
    "link": "https://www.sec.gov/Archives/edgar/data/1099219/000095012307014869/0000950123-07-014869-index.htm",
    "finalLink": "https://www.sec.gov/Archives/edgar/data/1099219/000095012307014869/y41440e10vq.htm"
  },
  {
    "date": "2007-06-30",
    "symbol": "MET",
    "reportedCurrency": "USD",
    "cik": "0001099219",
    "fillingDate": "2007-08-03",
    "acceptedDate": "2007-08-03 17:21:56",
    "calendarYear": "2007",
    "period": "Q2",
    "revenue": 13217000000,
    "costOfRevenue": -7333000000,
    "grossProfit": 20550000000,
    "grossProfitRatio": 1.5548157676,
    "researchAndDevelopmentExpenses": 0,
    "generalAndAdministrativeExpenses": 898000000,
    "sellingAndMarketingExpenses": 0,
    "sellingGeneralAndAdministrativeExpenses": 898000000,
    "otherExpenses": 18021000000,
    "operatingExpenses": 18919000000,
    "costAndExpenses": 11586000000,
    "interestIncome": 0,
    "interestExpense": 267000000,
    "depreciationAndAmortization": 0,
    "ebitda": 1900000000,
    "ebitdaratio": 0.1437542559,
    "operatingIncome": 1631000000,
    "operatingIncomeRatio": 0.1234016797,
    "totalOtherIncomeExpensesNet": 0,
    "incomeBeforeTax": 1631000000,
    "incomeBeforeTaxRatio": 0.1234016797,
    "incomeTaxExpense": 476000000,
    "netIncome": 1163000000,
    "netIncomeRatio": 0.0879927366,
    "eps": 1.52,
    "epsdiluted": 1.48,
    "weightedAverageShsOut": 744491940,
    "weightedAverageShsOutDil": 763556310,
    "link": "https://www.sec.gov/Archives/edgar/data/1099219/000095012307010822/0000950123-07-010822-index.htm",
    "finalLink": "https://www.sec.gov/Archives/edgar/data/1099219/000095012307010822/y37646e10vq.htm"
  },
  {
    "date": "2007-03-31",
    "symbol": "MET",
    "reportedCurrency": "USD",
    "cik": "0001099219",
    "fillingDate": "2007-05-04",
    "acceptedDate": "2007-05-04 17:12:09",
    "calendarYear": "2007",
    "period": "Q1",
    "revenue": 12912000000,
    "costOfRevenue": 8149000000,
    "grossProfit": 4763000000,
    "grossProfitRatio": 0.3688816605,
    "researchAndDevelopmentExpenses": 0,
    "generalAndAdministrativeExpenses": 866000000,
    "sellingAndMarketingExpenses": 0,
    "sellingGeneralAndAdministrativeExpenses": 866000000,
    "otherExpenses": 2454000000,
    "operatingExpenses": 3320000000,
    "costAndExpenses": 11469000000,
    "interestIncome": 0,
    "interestExpense": 1628000000,
    "depreciationAndAmortization": 0,
    "ebitda": 3071000000,
    "ebitdaratio": 0.2378407683,
    "operatingIncome": 1443000000,
    "operatingIncomeRatio": 0.1117565056,
    "totalOtherIncomeExpensesNet": 0,
    "incomeBeforeTax": 1443000000,
    "incomeBeforeTaxRatio": 0.1117565056,
    "incomeTaxExpense": 416000000,
    "netIncome": 1017000000,
    "netIncomeRatio": 0.0787639405,
    "eps": 1.31,
    "epsdiluted": 1.28,
    "weightedAverageShsOut": 750381679,
    "weightedAverageShsOutDil": 767968750,
    "link": "https://www.sec.gov/Archives/edgar/data/1099219/000095012307006803/0000950123-07-006803-index.htm",
    "finalLink": "https://www.sec.gov/Archives/edgar/data/1099219/000095012307006803/y33629e10vq.htm"
  },
  {
    "date": "2006-12-31",
    "symbol": "MET",
    "reportedCurrency": "USD",
    "cik": "0001099219",
    "fillingDate": "2007-03-01",
    "acceptedDate": "2007-03-01 16:58:25",
    "calendarYear": "2006",
    "period": "Q4",
    "revenue": 12893000000,
    "costOfRevenue": 9368000000,
    "grossProfit": 3525000000,
    "grossProfitRatio": 0.2734041728,
    "researchAndDevelopmentExpenses": 0,
    "generalAndAdministrativeExpenses": 951000000,
    "sellingAndMarketingExpenses": 0,
    "sellingGeneralAndAdministrativeExpenses": 951000000,
    "otherExpenses": 1507000000,
    "operatingExpenses": 2458000000,
    "costAndExpenses": 11826000000,
    "interestIncome": 0,
    "interestExpense": 229000000,
    "depreciationAndAmortization": 0,
    "ebitda": 1296000000,
    "ebitdaratio": 0.1005196618,
    "operatingIncome": 1067000000,
    "operatingIncomeRatio": 0.0827580858,
    "totalOtherIncomeExpensesNet": 0,
    "incomeBeforeTax": 1067000000,
    "incomeBeforeTaxRatio": 0.0827580858,
    "incomeTaxExpense": 261000000,
    "netIncome": 3863000000,
    "netIncomeRatio": 0.2996199488,
    "eps": 0,
    "epsdiluted": 4.97,
    "weightedAverageShsOut": 0,
    "weightedAverageShsOutDil": 750381679,
    "link": "https://www.sec.gov/Archives/edgar/data/1099219/000095012307003039/0000950123-07-003039-index.htm",
    "finalLink": "https://www.sec.gov/Archives/edgar/data/1099219/000095012307003039/y30660e10vk.htm"
  },
  {
    "date": "2006-09-30",
    "symbol": "MET",
    "reportedCurrency": "USD",
    "cik": "0001099219",
    "fillingDate": "2006-11-08",
    "acceptedDate": "2006-11-07 21:55:45",
    "calendarYear": "2006",
    "period": "Q3",
    "revenue": 12528000000,
    "costOfRevenue": 8983000000,
    "grossProfit": 3545000000,
    "grossProfitRatio": 0.2829661558,
    "researchAndDevelopmentExpenses": 0,
    "generalAndAdministrativeExpenses": 847000000,
    "sellingAndMarketingExpenses": 0,
    "sellingGeneralAndAdministrativeExpenses": 858000000,
    "otherExpenses": 1371000000,
    "operatingExpenses": 2229000000,
    "costAndExpenses": 11212000000,
    "interestIncome": 0,
    "interestExpense": 246000000,
    "depreciationAndAmortization": 0,
    "ebitda": 1560000000,
    "ebitdaratio": 0.1245210728,
    "operatingIncome": 1316000000,
    "operatingIncomeRatio": 0.1050446999,
    "totalOtherIncomeExpensesNet": 0,
    "incomeBeforeTax": 1316000000,
    "incomeBeforeTaxRatio": 0.1050446999,
    "incomeTaxExpense": 357000000,
    "netIncome": 1033000000,
    "netIncomeRatio": 0.0824553001,
    "eps": 1.31,
    "epsdiluted": 1.29,
    "weightedAverageShsOut": 762595420,
    "weightedAverageShsOutDil": 774418605,
    "link": "https://www.sec.gov/Archives/edgar/data/1099219/000095012306013657/0000950123-06-013657-index.htm",
    "finalLink": "https://www.sec.gov/Archives/edgar/data/1099219/000095012306013657/y26079e10vq.htm"
  },
  {
    "date": "2006-06-30",
    "symbol": "MET",
    "reportedCurrency": "USD",
    "cik": "0001099219",
    "fillingDate": "2006-08-08",
    "acceptedDate": "2006-08-08 17:19:50",
    "calendarYear": "2006",
    "period": "Q2",
    "revenue": 11351000000,
    "costOfRevenue": 8499000000,
    "grossProfit": 2852000000,
    "grossProfitRatio": 0.251255396,
    "researchAndDevelopmentExpenses": 0,
    "generalAndAdministrativeExpenses": 832000000,
    "sellingAndMarketingExpenses": 0,
    "sellingGeneralAndAdministrativeExpenses": 842000000,
    "otherExpenses": 1212000000,
    "operatingExpenses": 2054000000,
    "costAndExpenses": 10553000000,
    "interestIncome": 0,
    "interestExpense": 214000000,
    "depreciationAndAmortization": 0,
    "ebitda": 1050000000,
    "ebitdaratio": 0.0925028632,
    "operatingIncome": 798000000,
    "operatingIncomeRatio": 0.070302176,
    "totalOtherIncomeExpensesNet": 0,
    "incomeBeforeTax": 798000000,
    "incomeBeforeTaxRatio": 0.070302176,
    "incomeTaxExpense": 205000000,
    "netIncome": 650000000,
    "netIncomeRatio": 0.0572636772,
    "eps": 0.81,
    "epsdiluted": 0.8,
    "weightedAverageShsOut": 761728395,
    "weightedAverageShsOutDil": 771250000,
    "link": "https://www.sec.gov/Archives/edgar/data/1099219/000095012306010140/0000950123-06-010140-index.htm",
    "finalLink": "https://www.sec.gov/Archives/edgar/data/1099219/000095012306010140/y23754e10vq.txt"
  },
  {
    "date": "2006-03-31",
    "symbol": "MET",
    "reportedCurrency": "USD",
    "cik": "0001099219",
    "fillingDate": "2006-05-09",
    "acceptedDate": "2006-05-08 19:50:45",
    "calendarYear": "2006",
    "period": "Q1",
    "revenue": 11532000000,
    "costOfRevenue": 8448000000,
    "grossProfit": 3084000000,
    "grossProfitRatio": 0.2674297607,
    "researchAndDevelopmentExpenses": 0,
    "generalAndAdministrativeExpenses": 800000000,
    "sellingAndMarketingExpenses": 0,
    "sellingGeneralAndAdministrativeExpenses": 800000000,
    "otherExpenses": 1270000000,
    "operatingExpenses": 2070000000,
    "costAndExpenses": 10518000000,
    "interestIncome": 0,
    "interestExpense": 211000000,
    "depreciationAndAmortization": 0,
    "ebitda": 1257000000,
    "ebitdaratio": 0.1090010406,
    "operatingIncome": 1014000000,
    "operatingIncomeRatio": 0.0879292404,
    "totalOtherIncomeExpensesNet": 0,
    "incomeBeforeTax": 1014000000,
    "incomeBeforeTaxRatio": 0.0879292404,
    "incomeTaxExpense": 284000000,
    "netIncome": 747000000,
    "netIncomeRatio": 0.0647762747,
    "eps": 0.94,
    "epsdiluted": 0.93,
    "weightedAverageShsOut": 759574468,
    "weightedAverageShsOutDil": 767741935,
    "link": "https://www.sec.gov/Archives/edgar/data/1099219/000095012306005901/0000950123-06-005901-index.htm",
    "finalLink": "https://www.sec.gov/Archives/edgar/data/1099219/000095012306005901/y20450e10vq.txt"
  },
  {
    "date": "2005-12-31",
    "symbol": "MET",
    "reportedCurrency": "USD",
    "cik": "0001099219",
    "fillingDate": "2006-02-28",
    "acceptedDate": "2006-02-28 17:16:22",
    "calendarYear": "2005",
    "period": "Q4",
    "revenue": 11546000000,
    "costOfRevenue": 8631000000,
    "grossProfit": 2915000000,
    "grossProfitRatio": 0.2524683873,
    "researchAndDevelopmentExpenses": 0,
    "generalAndAdministrativeExpenses": 879000000,
    "sellingAndMarketingExpenses": 0,
    "sellingGeneralAndAdministrativeExpenses": 879000000,
    "otherExpenses": 1233000000,
    "operatingExpenses": 2112000000,
    "costAndExpenses": 10743000000,
    "interestIncome": 0,
    "interestExpense": 197000000,
    "depreciationAndAmortization": 0,
    "ebitda": 1000000000,
    "ebitdaratio": 0.0866100814,
    "operatingIncome": 803000000,
    "operatingIncomeRatio": 0.0695478954,
    "totalOtherIncomeExpensesNet": 0,
    "incomeBeforeTax": 803000000,
    "incomeBeforeTaxRatio": 0.0695478954,
    "incomeTaxExpense": 211000000,
    "netIncome": 709000000,
    "netIncomeRatio": 0.0614065477,
    "eps": 0,
    "epsdiluted": 0.84,
    "weightedAverageShsOut": 0,
    "weightedAverageShsOutDil": 759574468,
    "link": "https://www.sec.gov/Archives/edgar/data/1099219/000095012306002375/0000950123-06-002375-index.htm",
    "finalLink": "https://www.sec.gov/Archives/edgar/data/1099219/000095012306002375/y16723e10vk.txt"
  },
  {
    "date": "2005-09-30",
    "symbol": "MET",
    "reportedCurrency": "USD",
    "cik": "0001099219",
    "fillingDate": "2005-11-09",
    "acceptedDate": "2005-11-09 09:27:40",
    "calendarYear": "2005",
    "period": "Q3",
    "revenue": 11988000000,
    "costOfRevenue": 9005000000,
    "grossProfit": 2983000000,
    "grossProfitRatio": 0.2488321655,
    "researchAndDevelopmentExpenses": 0,
    "generalAndAdministrativeExpenses": 861000000,
    "sellingAndMarketingExpenses": 0,
    "sellingGeneralAndAdministrativeExpenses": 861000000,
    "otherExpenses": 1161000000,
    "operatingExpenses": 2022000000,
    "costAndExpenses": 11027000000,
    "interestIncome": 0,
    "interestExpense": 194000000,
    "depreciationAndAmortization": 0,
    "ebitda": 1155000000,
    "ebitdaratio": 0.0963463463,
    "operatingIncome": 961000000,
    "operatingIncomeRatio": 0.0801634968,
    "totalOtherIncomeExpensesNet": 0,
    "incomeBeforeTax": 961000000,
    "incomeBeforeTaxRatio": 0.0801634968,
    "incomeTaxExpense": 238000000,
    "netIncome": 773000000,
    "netIncomeRatio": 0.0644811478,
    "eps": 0.98,
    "epsdiluted": 0.97,
    "weightedAverageShsOut": 757142857,
    "weightedAverageShsOutDil": 764948454,
    "link": "https://www.sec.gov/Archives/edgar/data/1099219/000095012305013332/0000950123-05-013332-index.htm",
    "finalLink": "https://www.sec.gov/Archives/edgar/data/1099219/000095012305013332/y14358e10vq.txt"
  },
  {
    "date": "2005-06-30",
    "symbol": "MET",
    "reportedCurrency": "USD",
    "cik": "0001099219",
    "fillingDate": "2005-08-03",
    "acceptedDate": "2005-08-02 19:11:29",
    "calendarYear": "2005",
    "period": "Q2",
    "revenue": 10955000000,
    "costOfRevenue": 7806000000,
    "grossProfit": 3149000000,
    "grossProfitRatio": 0.2874486536,
    "researchAndDevelopmentExpenses": 0,
    "generalAndAdministrativeExpenses": 748000000,
    "sellingAndMarketingExpenses": 0,
    "sellingGeneralAndAdministrativeExpenses": 748000000,
    "otherExpenses": 946000000,
    "operatingExpenses": 1694000000,
    "costAndExpenses": 9500000000,
    "interestIncome": 0,
    "interestExpense": 137000000,
    "depreciationAndAmortization": 0,
    "ebitda": 1592000000,
    "ebitdaratio": 0.1453217709,
    "operatingIncome": 1455000000,
    "operatingIncomeRatio": 0.1328160657,
    "totalOtherIncomeExpensesNet": 0,
    "incomeBeforeTax": 1455000000,
    "incomeBeforeTaxRatio": 0.1328160657,
    "incomeTaxExpense": 450000000,
    "netIncome": 2245000000,
    "netIncomeRatio": 0.204929256,
    "eps": 3.05,
    "epsdiluted": 3.02,
    "weightedAverageShsOut": 736065574,
    "weightedAverageShsOutDil": 743377483,
    "link": "https://www.sec.gov/Archives/edgar/data/1099219/000095012305009298/0000950123-05-009298-index.htm",
    "finalLink": "https://www.sec.gov/Archives/edgar/data/1099219/000095012305009298/y11332e10vq.txt"
  },
  {
    "date": "2005-03-31",
    "symbol": "MET",
    "reportedCurrency": "USD",
    "cik": "0001099219",
    "fillingDate": "2005-05-06",
    "acceptedDate": "2005-05-06 16:05:32",
    "calendarYear": "2005",
    "period": "Q1",
    "revenue": 10257000000,
    "costOfRevenue": 7411000000,
    "grossProfit": 2846000000,
    "grossProfitRatio": 0.2774690455,
    "researchAndDevelopmentExpenses": 0,
    "generalAndAdministrativeExpenses": 675000000,
    "sellingAndMarketingExpenses": 0,
    "sellingGeneralAndAdministrativeExpenses": 675000000,
    "otherExpenses": 1021000000,
    "operatingExpenses": 1696000000,
    "costAndExpenses": 9107000000,
    "interestIncome": 0,
    "interestExpense": 131000000,
    "depreciationAndAmortization": 0,
    "ebitda": 1281000000,
    "ebitdaratio": 0.1248903188,
    "operatingIncome": 1150000000,
    "operatingIncomeRatio": 0.1121185532,
    "totalOtherIncomeExpensesNet": 0,
    "incomeBeforeTax": 1150000000,
    "incomeBeforeTaxRatio": 0.1121185532,
    "incomeTaxExpense": 350000000,
    "netIncome": 987000000,
    "netIncomeRatio": 0.0962269669,
    "eps": 1.34,
    "epsdiluted": 1.33,
    "weightedAverageShsOut": 736567164,
    "weightedAverageShsOutDil": 742105263,
    "link": "https://www.sec.gov/Archives/edgar/data/1099219/000095012305005789/0000950123-05-005789-index.htm",
    "finalLink": "https://www.sec.gov/Archives/edgar/data/1099219/000095012305005789/y08560e10vq.txt"
  },
  {
    "date": "2004-12-31",
    "symbol": "MET",
    "reportedCurrency": "USD",
    "cik": "0001099219",
    "fillingDate": "2005-03-07",
    "acceptedDate": "2005-03-07 08:34:19",
    "calendarYear": "2004",
    "period": "Q4",
    "revenue": 10053000000,
    "costOfRevenue": 6727000000,
    "grossProfit": 3326000000,
    "grossProfitRatio": 0.3308465135,
    "researchAndDevelopmentExpenses": 0,
    "generalAndAdministrativeExpenses": 0,
    "sellingAndMarketingExpenses": 0,
    "sellingGeneralAndAdministrativeExpenses": 0,
    "otherExpenses": 2600000000,
    "operatingExpenses": 2600000000,
    "costAndExpenses": 9327000000,
    "interestIncome": 0,
    "interestExpense": 124000000,
    "depreciationAndAmortization": 0,
    "ebitda": 726000000,
    "ebitdaratio": 0.0722172486,
    "operatingIncome": 726000000,
    "operatingIncomeRatio": 0.0722172486,
    "totalOtherIncomeExpensesNet": 0,
    "incomeBeforeTax": 726000000,
    "incomeBeforeTaxRatio": 0.0722172486,
    "incomeTaxExpense": 220000000,
    "netIncome": 511000000,
    "netIncomeRatio": 0.0508305978,
    "eps": 0,
    "epsdiluted": 0.68,
    "weightedAverageShsOut": 0,
    "weightedAverageShsOutDil": 736567164,
    "link": "https://www.sec.gov/Archives/edgar/data/1099219/000095012305002679/0000950123-05-002679-index.htm",
    "finalLink": "https://www.sec.gov/Archives/edgar/data/1099219/000095012305002679/y06100e10vk.txt"
  },
  {
    "date": "2004-09-30",
    "symbol": "MET",
    "reportedCurrency": "USD",
    "cik": "0001099219",
    "fillingDate": "2004-11-05",
    "acceptedDate": "2004-11-05 16:02:53",
    "calendarYear": "2004",
    "period": "Q3",
    "revenue": 9972000000,
    "costOfRevenue": 7368000000,
    "grossProfit": 2604000000,
    "grossProfitRatio": 0.2611311673,
    "researchAndDevelopmentExpenses": 0,
    "generalAndAdministrativeExpenses": 706000000,
    "sellingAndMarketingExpenses": 0,
    "sellingGeneralAndAdministrativeExpenses": 706000000,
    "otherExpenses": 929000000,
    "operatingExpenses": 1635000000,
    "costAndExpenses": 9003000000,
    "interestIncome": 0,
    "interestExpense": 123000000,
    "depreciationAndAmortization": 0,
    "ebitda": 1092000000,
    "ebitdaratio": 0.1095066185,
    "operatingIncome": 969000000,
    "operatingIncomeRatio": 0.0971720818,
    "totalOtherIncomeExpensesNet": 0,
    "incomeBeforeTax": 969000000,
    "incomeBeforeTaxRatio": 0.0971720818,
    "incomeTaxExpense": 290000000,
    "netIncome": 695000000,
    "netIncomeRatio": 0.0696951464,
    "eps": 0.93,
    "epsdiluted": 0.92,
    "weightedAverageShsOut": 747311828,
    "weightedAverageShsOutDil": 755434783,
    "link": "https://www.sec.gov/Archives/edgar/data/1099219/000095012304013068/0000950123-04-013068-index.htm",
    "finalLink": "https://www.sec.gov/Archives/edgar/data/1099219/000095012304013068/y67850e10vq.txt"
  },
  {
    "date": "2004-06-30",
    "symbol": "MET",
    "reportedCurrency": "USD",
    "cik": "0001099219",
    "fillingDate": "2004-08-03",
    "acceptedDate": "2004-08-03 17:18:03",
    "calendarYear": "2004",
    "period": "Q2",
    "revenue": 9471000000,
    "costOfRevenue": 6879000000,
    "grossProfit": 2592000000,
    "grossProfitRatio": 0.273677542,
    "researchAndDevelopmentExpenses": 0,
    "generalAndAdministrativeExpenses": 705000000,
    "sellingAndMarketingExpenses": 0,
    "sellingGeneralAndAdministrativeExpenses": 705000000,
    "otherExpenses": 822000000,
    "operatingExpenses": 1527000000,
    "costAndExpenses": 8406000000,
    "interestIncome": 0,
    "interestExpense": 93000000,
    "depreciationAndAmortization": 0,
    "ebitda": 1158000000,
    "ebitdaratio": 0.1222679759,
    "operatingIncome": 1065000000,
    "operatingIncomeRatio": 0.1124485271,
    "totalOtherIncomeExpensesNet": 0,
    "incomeBeforeTax": 1065000000,
    "incomeBeforeTaxRatio": 0.1124485271,
    "incomeTaxExpense": 237000000,
    "netIncome": 954000000,
    "netIncomeRatio": 0.1007285398,
    "eps": 1.26,
    "epsdiluted": 1.26,
    "weightedAverageShsOut": 757142857,
    "weightedAverageShsOutDil": 757142857,
    "link": "https://www.sec.gov/Archives/edgar/data/1099219/000095012304009182/0000950123-04-009182-index.htm",
    "finalLink": "https://www.sec.gov/Archives/edgar/data/1099219/000095012304009182/y99162e10vq.txt"
  },
  {
    "date": "2004-03-31",
    "symbol": "MET",
    "reportedCurrency": "USD",
    "cik": "0001099219",
    "fillingDate": "2004-05-05",
    "acceptedDate": "2004-05-05 17:24:09",
    "calendarYear": "2004",
    "period": "Q1",
    "revenue": 9417000000,
    "costOfRevenue": 6904000000,
    "grossProfit": 2513000000,
    "grossProfitRatio": 0.2668578103,
    "researchAndDevelopmentExpenses": 0,
    "generalAndAdministrativeExpenses": 678000000,
    "sellingAndMarketingExpenses": 0,
    "sellingGeneralAndAdministrativeExpenses": 678000000,
    "otherExpenses": 907000000,
    "operatingExpenses": 1585000000,
    "costAndExpenses": 8489000000,
    "interestIncome": 0,
    "interestExpense": 68000000,
    "depreciationAndAmortization": 0,
    "ebitda": 996000000,
    "ebitdaratio": 0.1057661676,
    "operatingIncome": 928000000,
    "operatingIncomeRatio": 0.0985451842,
    "totalOtherIncomeExpensesNet": 0,
    "incomeBeforeTax": 928000000,
    "incomeBeforeTaxRatio": 0.0985451842,
    "incomeTaxExpense": 290000000,
    "netIncome": 598000000,
    "netIncomeRatio": 0.0635021769,
    "eps": 0.79,
    "epsdiluted": 0.79,
    "weightedAverageShsOut": 756962025,
    "weightedAverageShsOutDil": 756962025,
    "link": "https://www.sec.gov/Archives/edgar/data/1099219/000095012304005797/0000950123-04-005797-index.htm",
    "finalLink": "https://www.sec.gov/Archives/edgar/data/1099219/000095012304005797/y96672qe10vq.txt"
  },
  {
    "date": "2003-12-31",
    "symbol": "MET",
    "reportedCurrency": "USD",
    "cik": "0001099219",
    "fillingDate": "2004-03-05",
    "acceptedDate": "2004-03-05 17:24:50",
    "calendarYear": "2003",
    "period": "Q4",
    "revenue": 9746000000,
    "costOfRevenue": 6512000000,
    "grossProfit": 3234000000,
    "grossProfitRatio": 0.3318284424,
    "researchAndDevelopmentExpenses": 0,
    "generalAndAdministrativeExpenses": 0,
    "sellingAndMarketingExpenses": 0,
    "sellingGeneralAndAdministrativeExpenses": 0,
    "otherExpenses": 2507000000,
    "operatingExpenses": 2507000000,
    "costAndExpenses": 9019000000,
    "interestIncome": 0,
    "interestExpense": 0,
    "depreciationAndAmortization": 0,
    "ebitda": 727000000,
    "ebitdaratio": 0.0745947055,
    "operatingIncome": 727000000,
    "operatingIncomeRatio": 0.0745947055,
    "totalOtherIncomeExpensesNet": 0,
    "incomeBeforeTax": 727000000,
    "incomeBeforeTaxRatio": 0.0745947055,
    "incomeTaxExpense": 211000000,
    "netIncome": 701000000,
    "netIncomeRatio": 0.0719269444,
    "eps": 0,
    "epsdiluted": 0.93,
    "weightedAverageShsOut": 0,
    "weightedAverageShsOutDil": 757971014,
    "link": "https://www.sec.gov/Archives/edgar/data/1099219/000095012304002912/0000950123-04-002912-index.htm",
    "finalLink": "https://www.sec.gov/Archives/edgar/data/1099219/000095012304002912/y94438e10vk.txt"
  },
  {
    "date": "2003-09-30",
    "symbol": "MET",
    "reportedCurrency": "USD",
    "cik": "0001099219",
    "fillingDate": "2003-11-07",
    "acceptedDate": "2003-11-07 17:25:09",
    "calendarYear": "2003",
    "period": "Q3",
    "revenue": 8721000000,
    "costOfRevenue": 5916000000,
    "grossProfit": 2805000000,
    "grossProfitRatio": 0.3216374269,
    "researchAndDevelopmentExpenses": 0,
    "generalAndAdministrativeExpenses": 0,
    "sellingAndMarketingExpenses": 0,
    "sellingGeneralAndAdministrativeExpenses": 0,
    "otherExpenses": 2111000000,
    "operatingExpenses": 2111000000,
    "costAndExpenses": 8027000000,
    "interestIncome": 0,
    "interestExpense": 0,
    "depreciationAndAmortization": 0,
    "ebitda": 694000000,
    "ebitdaratio": 0.07957803,
    "operatingIncome": 694000000,
    "operatingIncomeRatio": 0.07957803,
    "totalOtherIncomeExpensesNet": 0,
    "incomeBeforeTax": 694000000,
    "incomeBeforeTaxRatio": 0.07957803,
    "incomeTaxExpense": 143000000,
    "netIncome": 574000000,
    "netIncomeRatio": 0.0658181401,
    "eps": 0.75,
    "epsdiluted": 0.75,
    "weightedAverageShsOut": 765333333,
    "weightedAverageShsOutDil": 765333333,
    "link": "https://www.sec.gov/Archives/edgar/data/1099219/000095012303012333/0000950123-03-012333-index.htm",
    "finalLink": "https://www.sec.gov/Archives/edgar/data/1099219/000095012303012333/y91191e10vq.txt"
  },
  {
    "date": "2003-06-30",
    "symbol": "MET",
    "reportedCurrency": "USD",
    "cik": "0001099219",
    "fillingDate": "2003-08-13",
    "acceptedDate": "2003-08-13 13:48:24",
    "calendarYear": "2003",
    "period": "Q2",
    "revenue": 8863000000,
    "costOfRevenue": 5731000000,
    "grossProfit": 3132000000,
    "grossProfitRatio": 0.353379217,
    "researchAndDevelopmentExpenses": 0,
    "generalAndAdministrativeExpenses": 0,
    "sellingAndMarketingExpenses": 0,
    "sellingGeneralAndAdministrativeExpenses": 0,
    "otherExpenses": 2348000000,
    "operatingExpenses": 2348000000,
    "costAndExpenses": 8079000000,
    "interestIncome": 0,
    "interestExpense": 0,
    "depreciationAndAmortization": 0,
    "ebitda": 784000000,
    "ebitdaratio": 0.0884576329,
    "operatingIncome": 784000000,
    "operatingIncomeRatio": 0.0884576329,
    "totalOtherIncomeExpensesNet": 0,
    "incomeBeforeTax": 784000000,
    "incomeBeforeTaxRatio": 0.0884576329,
    "incomeTaxExpense": 212000000,
    "netIncome": 580000000,
    "netIncomeRatio": 0.0654405957,
    "eps": 0.79,
    "epsdiluted": 0.79,
    "weightedAverageShsOut": 734177215,
    "weightedAverageShsOutDil": 734177215,
    "link": "https://www.sec.gov/Archives/edgar/data/1099219/000095012303009363/0000950123-03-009363-index.htm",
    "finalLink": "https://www.sec.gov/Archives/edgar/data/1099219/000095012303009363/y87663e10vq.txt"
  },
  {
    "date": "2003-03-31",
    "symbol": "MET",
    "reportedCurrency": "USD",
    "cik": "0001099219",
    "fillingDate": "2003-05-14",
    "acceptedDate": "2003-05-13 21:10:44",
    "calendarYear": "2003",
    "period": "Q1",
    "revenue": 8362000000,
    "costOfRevenue": 5700000000,
    "grossProfit": 2662000000,
    "grossProfitRatio": 0.3183448936,
    "researchAndDevelopmentExpenses": 0,
    "generalAndAdministrativeExpenses": 0,
    "sellingAndMarketingExpenses": 0,
    "sellingGeneralAndAdministrativeExpenses": 0,
    "otherExpenses": 2252000000,
    "operatingExpenses": 2252000000,
    "costAndExpenses": 7952000000,
    "interestIncome": 0,
    "interestExpense": 0,
    "depreciationAndAmortization": 0,
    "ebitda": 410000000,
    "ebitdaratio": 0.0490313322,
    "operatingIncome": 410000000,
    "operatingIncomeRatio": 0.0490313322,
    "totalOtherIncomeExpensesNet": 0,
    "incomeBeforeTax": 410000000,
    "incomeBeforeTaxRatio": 0.0490313322,
    "incomeTaxExpense": 115000000,
    "netIncome": 362000000,
    "netIncomeRatio": 0.0432910787,
    "eps": 0.49,
    "epsdiluted": 0.47,
    "weightedAverageShsOut": 738775510,
    "weightedAverageShsOutDil": 770212766,
    "link": "https://www.sec.gov/Archives/edgar/data/1099219/000095012303005825/0000950123-03-005825-index.htm",
    "finalLink": "https://www.sec.gov/Archives/edgar/data/1099219/000095012303005825/y85845e10vq.txt"
  },
  {
    "date": "2002-12-31",
    "symbol": "MET",
    "reportedCurrency": "USD",
    "cik": "0001099219",
    "fillingDate": "2003-03-19",
    "acceptedDate": "2003-03-19 17:15:18",
    "calendarYear": "2002",
    "period": "Q4",
    "revenue": 8801000000,
    "costOfRevenue": 6057000000,
    "grossProfit": 2744000000,
    "grossProfitRatio": 0.311782752,
    "researchAndDevelopmentExpenses": 0,
    "generalAndAdministrativeExpenses": 0,
    "sellingAndMarketingExpenses": 0,
    "sellingGeneralAndAdministrativeExpenses": 0,
    "otherExpenses": 2536000000,
    "operatingExpenses": 2536000000,
    "costAndExpenses": 8593000000,
    "interestIncome": 0,
    "interestExpense": 0,
    "depreciationAndAmortization": 0,
    "ebitda": 208000000,
    "ebitdaratio": 0.023633678,
    "operatingIncome": 208000000,
    "operatingIncomeRatio": 0.023633678,
    "totalOtherIncomeExpensesNet": 0,
    "incomeBeforeTax": 208000000,
    "incomeBeforeTaxRatio": 0.023633678,
    "incomeTaxExpense": 43000000,
    "netIncome": 561000000,
    "netIncomeRatio": 0.0637427565,
    "eps": 0,
    "epsdiluted": 0.8,
    "weightedAverageShsOut": 0,
    "weightedAverageShsOutDil": 738775510,
    "link": "https://www.sec.gov/Archives/edgar/data/1099219/000095012303002997/0000950123-03-002997-index.htm",
    "finalLink": "https://www.sec.gov/Archives/edgar/data/1099219/000095012303002997/y84177e10vk.txt"
  },
  {
    "date": "2002-09-30",
    "symbol": "MET",
    "reportedCurrency": "USD",
    "cik": "0001099219",
    "fillingDate": "2002-11-14",
    "acceptedDate": "2002-11-14 16:01:14",
    "calendarYear": "2002",
    "period": "Q3",
    "revenue": 8124000000,
    "costOfRevenue": 5475000000,
    "grossProfit": 2649000000,
    "grossProfitRatio": 0.326070901,
    "researchAndDevelopmentExpenses": 0,
    "generalAndAdministrativeExpenses": 0,
    "sellingAndMarketingExpenses": 0,
    "sellingGeneralAndAdministrativeExpenses": 0,
    "otherExpenses": 2211000000,
    "operatingExpenses": 2211000000,
    "costAndExpenses": 7686000000,
    "interestIncome": 0,
    "interestExpense": 0,
    "depreciationAndAmortization": 0,
    "ebitda": 438000000,
    "ebitdaratio": 0.0539143279,
    "operatingIncome": 438000000,
    "operatingIncomeRatio": 0.0539143279,
    "totalOtherIncomeExpensesNet": 0,
    "incomeBeforeTax": 438000000,
    "incomeBeforeTaxRatio": 0.0539143279,
    "incomeTaxExpense": 124000000,
    "netIncome": 328000000,
    "netIncomeRatio": 0.0403741999,
    "eps": 0.47,
    "epsdiluted": 0.45,
    "weightedAverageShsOut": 697872340,
    "weightedAverageShsOutDil": 728888889,
    "link": "https://www.sec.gov/Archives/edgar/data/1099219/000095012302010936/0000950123-02-010936-index.htm",
    "finalLink": "https://www.sec.gov/Archives/edgar/data/1099219/000095012302010936/y65151e10vq.txt"
  },
  {
    "date": "2002-06-30",
    "symbol": "MET",
    "reportedCurrency": "USD",
    "cik": "0001099219",
    "fillingDate": "2002-08-14",
    "acceptedDate": "2002-08-14 18:08:31",
    "calendarYear": "2002",
    "period": "Q2",
    "revenue": 8201000000,
    "costOfRevenue": 5609000000,
    "grossProfit": 2592000000,
    "grossProfitRatio": 0.3160590172,
    "researchAndDevelopmentExpenses": 0,
    "generalAndAdministrativeExpenses": 0,
    "sellingAndMarketingExpenses": 0,
    "sellingGeneralAndAdministrativeExpenses": 0,
    "otherExpenses": 2106000000,
    "operatingExpenses": 2106000000,
    "costAndExpenses": 7715000000,
    "interestIncome": 0,
    "interestExpense": 0,
    "depreciationAndAmortization": 0,
    "ebitda": 486000000,
    "ebitdaratio": 0.0592610657,
    "operatingIncome": 486000000,
    "operatingIncomeRatio": 0.0592610657,
    "totalOtherIncomeExpensesNet": 46000000,
    "incomeBeforeTax": 532000000,
    "incomeBeforeTaxRatio": 0.0648701378,
    "incomeTaxExpense": 161000000,
    "netIncome": 387000000,
    "netIncomeRatio": 0.0471893672,
    "eps": 0.53,
    "epsdiluted": 0.51,
    "weightedAverageShsOut": 704674529,
    "weightedAverageShsOutDil": 733935770,
    "link": "https://www.sec.gov/Archives/edgar/data/1099219/000095012302008071/0000950123-02-008071-index.htm",
    "finalLink": "https://www.sec.gov/Archives/edgar/data/1099219/000095012302008071/y62792e10vq.txt"
  },
  {
    "date": "2002-03-31",
    "symbol": "MET",
    "reportedCurrency": "USD",
    "cik": "0001099219",
    "fillingDate": "2002-05-14",
    "acceptedDate": "2002-05-14 17:14:06",
    "calendarYear": "2002",
    "period": "Q1",
    "revenue": 7975000000,
    "costOfRevenue": 5332000000,
    "grossProfit": 2643000000,
    "grossProfitRatio": 0.3314106583,
    "researchAndDevelopmentExpenses": 0,
    "generalAndAdministrativeExpenses": 0,
    "sellingAndMarketingExpenses": 0,
    "sellingGeneralAndAdministrativeExpenses": 0,
    "otherExpenses": 2150000000,
    "operatingExpenses": 2150000000,
    "costAndExpenses": 7482000000,
    "interestIncome": 0,
    "interestExpense": 0,
    "depreciationAndAmortization": 0,
    "ebitda": 493000000,
    "ebitdaratio": 0.0618181818,
    "operatingIncome": 493000000,
    "operatingIncomeRatio": 0.0618181818,
    "totalOtherIncomeExpensesNet": 0,
    "incomeBeforeTax": 493000000,
    "incomeBeforeTaxRatio": 0.0618181818,
    "incomeTaxExpense": 196000000,
    "netIncome": 329000000,
    "netIncomeRatio": 0.0412539185,
    "eps": 0.46,
    "epsdiluted": 0.44,
    "weightedAverageShsOut": 712065191,
    "weightedAverageShsOutDil": 739466001,
    "link": "https://www.sec.gov/Archives/edgar/data/1099219/000095012302005148/0000950123-02-005148-index.htm",
    "finalLink": "https://www.sec.gov/Archives/edgar/data/1099219/000095012302005148/y60545e10-q.txt"
  },
  {
    "date": "2001-12-31",
    "symbol": "MET",
    "reportedCurrency": "USD",
    "cik": "0001099219",
    "fillingDate": "2002-03-18",
    "acceptedDate": "2002-03-18 00:00:00",
    "calendarYear": "2001",
    "period": "Q4",
    "revenue": 8176000000,
    "costOfRevenue": 5863000000,
    "grossProfit": 2313000000,
    "grossProfitRatio": 0.2829011742,
    "researchAndDevelopmentExpenses": 0,
    "generalAndAdministrativeExpenses": 0,
    "sellingAndMarketingExpenses": 0,
    "sellingGeneralAndAdministrativeExpenses": 0,
    "otherExpenses": 2733000000,
    "operatingExpenses": 2733000000,
    "costAndExpenses": 8596000000,
    "interestIncome": 0,
    "interestExpense": 0,
    "depreciationAndAmortization": 0,
    "ebitda": -420000000,
    "ebitdaratio": -0.051369863,
    "operatingIncome": -420000000,
    "operatingIncomeRatio": -0.051369863,
    "totalOtherIncomeExpensesNet": 0,
    "incomeBeforeTax": -420000000,
    "incomeBeforeTaxRatio": -0.051369863,
    "incomeTaxExpense": -124000000,
    "netIncome": -296000000,
    "netIncomeRatio": -0.0362035225,
    "eps": 0,
    "epsdiluted": -0.37,
    "weightedAverageShsOut": 0,
    "weightedAverageShsOutDil": 715217391,
    "link": "https://www.sec.gov/Archives/edgar/data/1099219/000095012302002601/0000950123-02-002601-index.htm",
    "finalLink": "https://www.sec.gov/Archives/edgar/data/1099219/000095012302002601/e54297e10-k405.txt"
  },
  {
    "date": "2001-09-30",
    "symbol": "MET",
    "reportedCurrency": "USD",
    "cik": "0001099219",
    "fillingDate": "2001-11-13",
    "acceptedDate": "2001-11-13 00:00:00",
    "calendarYear": "2001",
    "period": "Q3",
    "revenue": 7817000000,
    "costOfRevenue": 5468000000,
    "grossProfit": 2349000000,
    "grossProfitRatio": 0.3004989126,
    "researchAndDevelopmentExpenses": 0,
    "generalAndAdministrativeExpenses": 0,
    "sellingAndMarketingExpenses": 0,
    "sellingGeneralAndAdministrativeExpenses": 0,
    "otherExpenses": 2263000000,
    "operatingExpenses": 2263000000,
    "costAndExpenses": 7731000000,
    "interestIncome": 0,
    "interestExpense": 0,
    "depreciationAndAmortization": 0,
    "ebitda": 86000000,
    "ebitdaratio": 0.011001663,
    "operatingIncome": 86000000,
    "operatingIncomeRatio": 0.011001663,
    "totalOtherIncomeExpensesNet": 128000000,
    "incomeBeforeTax": 214000000,
    "incomeBeforeTaxRatio": 0.0273762313,
    "incomeTaxExpense": 69000000,
    "netIncome": 162000000,
    "netIncomeRatio": 0.0207240629,
    "eps": 0.22,
    "epsdiluted": 0.21,
    "weightedAverageShsOut": 735662211,
    "weightedAverageShsOutDil": 761215620,
    "link": "https://www.sec.gov/Archives/edgar/data/1099219/000095012301508328/0000950123-01-508328-index.htm",
    "finalLink": "https://www.sec.gov/Archives/edgar/data/1099219/000095012301508328/y54417e10-q.txt"
  },
  {
    "date": "2001-06-30",
    "symbol": "MET",
    "reportedCurrency": "USD",
    "cik": "0001099219",
    "fillingDate": "2001-08-16",
    "acceptedDate": "2001-08-16 00:00:00",
    "calendarYear": "2001",
    "period": "Q2",
    "revenue": 7811000000,
    "costOfRevenue": 5012000000,
    "grossProfit": 2799000000,
    "grossProfitRatio": 0.3583408014,
    "researchAndDevelopmentExpenses": 0,
    "generalAndAdministrativeExpenses": 0,
    "sellingAndMarketingExpenses": 0,
    "sellingGeneralAndAdministrativeExpenses": 0,
    "otherExpenses": 2306000000,
    "operatingExpenses": 2306000000,
    "costAndExpenses": 7318000000,
    "interestIncome": 0,
    "interestExpense": 0,
    "depreciationAndAmortization": 0,
    "ebitda": 493000000,
    "ebitdaratio": 0.0631161183,
    "operatingIncome": 493000000,
    "operatingIncomeRatio": 0.0631161183,
    "totalOtherIncomeExpensesNet": 0,
    "incomeBeforeTax": 493000000,
    "incomeBeforeTaxRatio": 0.0631161183,
    "incomeTaxExpense": 173000000,
    "netIncome": 320000000,
    "netIncomeRatio": 0.0409678658,
    "eps": 0.43,
    "epsdiluted": 0.41,
    "weightedAverageShsOut": 744186047,
    "weightedAverageShsOutDil": 780487805,
    "link": "https://www.sec.gov/Archives/edgar/data/1099219/000095012301505755/0000950123-01-505755-index.htm",
    "finalLink": "https://www.sec.gov/Archives/edgar/data/1099219/000095012301505755/y52530ae10-qa.txt"
  },
  {
    "date": "2001-03-31",
    "symbol": "MET",
    "reportedCurrency": "USD",
    "cik": "0001099219",
    "fillingDate": "2001-05-15",
    "acceptedDate": "2001-05-15 00:00:00",
    "calendarYear": "2001",
    "period": "Q1",
    "revenue": 7790000000,
    "costOfRevenue": 5195000000,
    "grossProfit": 2595000000,
    "grossProfitRatio": 0.3331193838,
    "researchAndDevelopmentExpenses": 0,
    "generalAndAdministrativeExpenses": 0,
    "sellingAndMarketingExpenses": 0,
    "sellingGeneralAndAdministrativeExpenses": 0,
    "otherExpenses": 2349000000,
    "operatingExpenses": 2349000000,
    "costAndExpenses": 7544000000,
    "interestIncome": 0,
    "interestExpense": 0,
    "depreciationAndAmortization": 0,
    "ebitda": 246000000,
    "ebitdaratio": 0.0315789474,
    "operatingIncome": 246000000,
    "operatingIncomeRatio": 0.0315789474,
    "totalOtherIncomeExpensesNet": 181000000,
    "incomeBeforeTax": 427000000,
    "incomeBeforeTaxRatio": 0.0548138639,
    "incomeTaxExpense": 140000000,
    "netIncome": 287000000,
    "netIncomeRatio": 0.0368421053,
    "eps": 0.38,
    "epsdiluted": 0.37,
    "weightedAverageShsOut": 757568016,
    "weightedAverageShsOutDil": 785265735,
    "link": "https://www.sec.gov/Archives/edgar/data/1099219/000095012301502609/0000950123-01-502609-index.htm",
    "finalLink": "https://www.sec.gov/Archives/edgar/data/1099219/000095012301502609/y48891e10-q.txt"
  },
  {
    "date": "2000-12-31",
    "symbol": "MET",
    "reportedCurrency": "USD",
    "cik": "0001099219",
    "fillingDate": "2001-03-14",
    "acceptedDate": "2001-03-14 00:00:00",
    "calendarYear": "2000",
    "period": "Q4",
    "revenue": 11458000000,
    "costOfRevenue": 7113000000,
    "grossProfit": 4345000000,
    "grossProfitRatio": 0.3792110316,
    "researchAndDevelopmentExpenses": 0,
    "generalAndAdministrativeExpenses": 0,
    "sellingAndMarketingExpenses": 0,
    "sellingGeneralAndAdministrativeExpenses": 0,
    "otherExpenses": 3908000000,
    "operatingExpenses": 3908000000,
    "costAndExpenses": 11021000000,
    "interestIncome": 0,
    "interestExpense": 0,
    "depreciationAndAmortization": 0,
    "ebitda": 437000000,
    "ebitdaratio": 0.0381392913,
    "operatingIncome": 437000000,
    "operatingIncomeRatio": 0.0381392913,
    "totalOtherIncomeExpensesNet": 0,
    "incomeBeforeTax": 437000000,
    "incomeBeforeTaxRatio": 0.0381392913,
    "incomeTaxExpense": 16000000,
    "netIncome": 591000000,
    "netIncomeRatio": 0.0515796823,
    "eps": 0,
    "epsdiluted": 1.03,
    "weightedAverageShsOut": 0,
    "weightedAverageShsOutDil": 755263158,
    "link": "https://www.sec.gov/Archives/edgar/data/1099219/000095012301500230/0000950123-01-500230-index.htm",
    "finalLink": "https://www.sec.gov/Archives/edgar/data/1099219/000095012301500230/y45204e10-k405.txt"
  },
  {
    "date": "2000-09-30",
    "symbol": "MET",
    "reportedCurrency": "USD",
    "cik": "0001099219",
    "fillingDate": "2000-11-14",
    "acceptedDate": "2000-11-14 00:00:00",
    "calendarYear": "2000",
    "period": "Q3",
    "revenue": 7672000000,
    "costOfRevenue": 3958000000,
    "grossProfit": 3714000000,
    "grossProfitRatio": 0.4840980188,
    "researchAndDevelopmentExpenses": 0,
    "generalAndAdministrativeExpenses": 0,
    "sellingAndMarketingExpenses": 0,
    "sellingGeneralAndAdministrativeExpenses": 0,
    "otherExpenses": 1983000000,
    "operatingExpenses": 1983000000,
    "costAndExpenses": 5941000000,
    "interestIncome": 0,
    "interestExpense": 0,
    "depreciationAndAmortization": 0,
    "ebitda": 1731000000,
    "ebitdaratio": 0.2256256517,
    "operatingIncome": 1731000000,
    "operatingIncomeRatio": 0.2256256517,
    "totalOtherIncomeExpensesNet": -1419000000,
    "incomeBeforeTax": 312000000,
    "incomeBeforeTaxRatio": 0.0406673618,
    "incomeTaxExpense": 71000000,
    "netIncome": 241000000,
    "netIncomeRatio": 0.0314129301,
    "eps": 0.31,
    "epsdiluted": 0.31,
    "weightedAverageShsOut": 773302147,
    "weightedAverageShsOutDil": 789259988,
    "link": "https://www.sec.gov/Archives/edgar/data/1099219/000095012300010601/0000950123-00-010601-index.htm",
    "finalLink": "https://www.sec.gov/Archives/edgar/data/1099219/000095012300010601/y42537e10-q.txt"
  },
  {
    "date": "2000-06-30",
    "symbol": "MET",
    "reportedCurrency": "USD",
    "cik": "0001099219",
    "fillingDate": "2000-08-14",
    "acceptedDate": "2000-08-14 00:00:00",
    "calendarYear": "2000",
    "period": "Q2",
    "revenue": 6570000000,
    "costOfRevenue": 4013000000,
    "grossProfit": 2557000000,
    "grossProfitRatio": 0.3891933029,
    "researchAndDevelopmentExpenses": 0,
    "generalAndAdministrativeExpenses": 0,
    "sellingAndMarketingExpenses": 0,
    "sellingGeneralAndAdministrativeExpenses": 0,
    "otherExpenses": 2365000000,
    "operatingExpenses": 2365000000,
    "costAndExpenses": 6378000000,
    "interestIncome": 0,
    "interestExpense": 0,
    "depreciationAndAmortization": 0,
    "ebitda": 192000000,
    "ebitdaratio": 0.0292237443,
    "operatingIncome": 192000000,
    "operatingIncomeRatio": 0.0292237443,
    "totalOtherIncomeExpensesNet": 0,
    "incomeBeforeTax": 192000000,
    "incomeBeforeTaxRatio": 0.0292237443,
    "incomeTaxExpense": 178000000,
    "netIncome": -115000000,
    "netIncomeRatio": -0.0175038052,
    "eps": -0.15,
    "epsdiluted": -0.15,
    "weightedAverageShsOut": 774940979,
    "weightedAverageShsOutDil": 774940979,
    "link": "https://www.sec.gov/Archives/edgar/data/1099219/000095012300007623/0000950123-00-007623-index.htm",
    "finalLink": "https://www.sec.gov/Archives/edgar/data/1099219/000095012300007623/e10-q.txt"
  },
  {
    "date": "2000-03-31",
    "symbol": "MET",
    "reportedCurrency": "USD",
    "cik": "0001099219",
    "fillingDate": "2000-05-19",
    "acceptedDate": "2000-05-19 00:00:00",
    "calendarYear": "2000",
    "period": "Q1",
    "revenue": 7666000000,
    "costOfRevenue": 4744000000,
    "grossProfit": 2922000000,
    "grossProfitRatio": 0.3811635794,
    "researchAndDevelopmentExpenses": 0,
    "generalAndAdministrativeExpenses": 0,
    "sellingAndMarketingExpenses": 0,
    "sellingGeneralAndAdministrativeExpenses": 0,
    "otherExpenses": 2447000000,
    "operatingExpenses": 2447000000,
    "costAndExpenses": 7191000000,
    "interestIncome": 0,
    "interestExpense": 0,
    "depreciationAndAmortization": 0,
    "ebitda": 475000000,
    "ebitdaratio": 0.0619619097,
    "operatingIncome": 475000000,
    "operatingIncomeRatio": 0.0619619097,
    "totalOtherIncomeExpensesNet": 0,
    "incomeBeforeTax": 475000000,
    "incomeBeforeTaxRatio": 0.0619619097,
    "incomeTaxExpense": 198000000,
    "netIncome": 236000000,
    "netIncomeRatio": 0.0307852857,
    "eps": 0.3,
    "epsdiluted": 0.3,
    "weightedAverageShsOut": 782391173,
    "weightedAverageShsOutDil": 782391173,
    "link": "https://www.sec.gov/Archives/edgar/data/1099219/000095012300005286/0000950123-00-005286-index.html",
    "finalLink": "https://www.sec.gov/Archives/edgar/data/1099219/000095012300005286/0000950123-00-005286.txt"
  },
  {
    "date": "1999-12-31",
    "symbol": "MET",
    "reportedCurrency": "USD",
    "cik": "0001099219",
    "fillingDate": "1999-12-31",
    "acceptedDate": "1999-12-30 19:00:00",
    "calendarYear": "1999",
    "period": "Q4",
    "revenue": 23729000000,
    "costOfRevenue": 0,
    "grossProfit": 419000000,
    "grossProfitRatio": 0.0176577184,
    "researchAndDevelopmentExpenses": 0,
    "generalAndAdministrativeExpenses": 453000000,
    "sellingAndMarketingExpenses": 5947000000,
    "sellingGeneralAndAdministrativeExpenses": 6400000000,
    "otherExpenses": -252000000,
    "operatingExpenses": 6148000000,
    "costAndExpenses": 6148000000,
    "interestIncome": 0,
    "interestExpense": 0,
    "depreciationAndAmortization": -148000000,
    "ebitda": 506000000,
    "ebitdaratio": 0.0213241182,
    "operatingIncome": 654000000,
    "operatingIncomeRatio": 0.027561212,
    "totalOtherIncomeExpensesNet": 0,
    "incomeBeforeTax": 654000000,
    "incomeBeforeTaxRatio": 0.027561212,
    "incomeTaxExpense": 240000000,
    "netIncome": 266000000,
    "netIncomeRatio": 0.0112099119,
    "eps": 0.36,
    "epsdiluted": 0.36,
    "weightedAverageShsOut": 745000000,
    "weightedAverageShsOutDil": 745000000,
    "link": "",
    "finalLink": ""
  },
  {
    "date": "1999-09-30",
    "symbol": "MET",
    "reportedCurrency": "USD",
    "cik": "0001099219",
    "fillingDate": "1999-09-30",
    "acceptedDate": "1999-09-29 20:00:00",
    "calendarYear": "1999",
    "period": "Q3",
    "revenue": 23678000000,
    "costOfRevenue": 0,
    "grossProfit": 368000000,
    "grossProfitRatio": 0.0155418532,
    "researchAndDevelopmentExpenses": 0,
    "generalAndAdministrativeExpenses": 453000000,
    "sellingAndMarketingExpenses": 5288000000,
    "sellingGeneralAndAdministrativeExpenses": 5741000000,
    "otherExpenses": -252000000,
    "operatingExpenses": 5489000000,
    "costAndExpenses": 5489000000,
    "interestIncome": 0,
    "interestExpense": 0,
    "depreciationAndAmortization": -33000000,
    "ebitda": 424000000,
    "ebitdaratio": 0.0179069178,
    "operatingIncome": 457000000,
    "operatingIncomeRatio": 0.0193006166,
    "totalOtherIncomeExpensesNet": 0,
    "incomeBeforeTax": 457000000,
    "incomeBeforeTaxRatio": 0.0193006166,
    "incomeTaxExpense": 182000000,
    "netIncome": 242000000,
    "netIncomeRatio": 0.0102204578,
    "eps": 0.32,
    "epsdiluted": 0.32,
    "weightedAverageShsOut": 745000000,
    "weightedAverageShsOutDil": 745000000,
    "link": "",
    "finalLink": ""
  },
  {
    "date": "1999-06-30",
    "symbol": "MET",
    "reportedCurrency": "USD",
    "cik": "0001099219",
    "fillingDate": "1999-06-30",
    "acceptedDate": "1999-06-29 20:00:00",
    "calendarYear": "1999",
    "period": "Q2",
    "revenue": 23622000000,
    "costOfRevenue": 0,
    "grossProfit": 312000000,
    "grossProfitRatio": 0.0132080264,
    "researchAndDevelopmentExpenses": 0,
    "generalAndAdministrativeExpenses": 402000000,
    "sellingAndMarketingExpenses": 5857000000,
    "sellingGeneralAndAdministrativeExpenses": 6259000000,
    "otherExpenses": -252000000,
    "operatingExpenses": 6007000000,
    "costAndExpenses": 6007000000,
    "interestIncome": 0,
    "interestExpense": 0,
    "depreciationAndAmortization": -36000000,
    "ebitda": -123000000,
    "ebitdaratio": -0.0052070104,
    "operatingIncome": -87000000,
    "operatingIncomeRatio": -0.0036830074,
    "totalOtherIncomeExpensesNet": 0,
    "incomeBeforeTax": -87000000,
    "incomeBeforeTaxRatio": -0.0036830074,
    "incomeTaxExpense": -3000000,
    "netIncome": -120000000,
    "netIncomeRatio": -0.0050800102,
    "eps": -0.16,
    "epsdiluted": -0.16,
    "weightedAverageShsOut": 745000000,
    "weightedAverageShsOutDil": 745000000,
    "link": "",
    "finalLink": ""
  },
  {
    "date": "1999-03-31",
    "symbol": "MET",
    "reportedCurrency": "USD",
    "cik": "0001099219",
    "fillingDate": "1999-03-31",
    "acceptedDate": "1999-03-30 19:00:00",
    "calendarYear": "1999",
    "period": "Q1",
    "revenue": 23649000000,
    "costOfRevenue": 0,
    "grossProfit": 339000000,
    "grossProfitRatio": 0.0143346442,
    "researchAndDevelopmentExpenses": 0,
    "generalAndAdministrativeExpenses": 382000000,
    "sellingAndMarketingExpenses": 5171000000,
    "sellingGeneralAndAdministrativeExpenses": 5553000000,
    "otherExpenses": -252000000,
    "operatingExpenses": 5301000000,
    "costAndExpenses": 5301000000,
    "interestIncome": 0,
    "interestExpense": 0,
    "depreciationAndAmortization": -8000000,
    "ebitda": 403000000,
    "ebitdaratio": 0.0170408897,
    "operatingIncome": 411000000,
    "operatingIncomeRatio": 0.0173791704,
    "totalOtherIncomeExpensesNet": 0,
    "incomeBeforeTax": 411000000,
    "incomeBeforeTaxRatio": 0.0173791704,
    "incomeTaxExpense": 174000000,
    "netIncome": 229000000,
    "netIncomeRatio": 0.0096832847,
    "eps": 0.31,
    "epsdiluted": 0.31,
    "weightedAverageShsOut": 745000000,
    "weightedAverageShsOutDil": 745000000,
    "link": "",
    "finalLink": ""
  },
  {
    "date": "1998-12-31",
    "symbol": "MET",
    "reportedCurrency": "USD",
    "cik": "0001099219",
    "fillingDate": "1998-12-31",
    "acceptedDate": "1998-12-30 19:00:00",
    "calendarYear": "1998",
    "period": "Q4",
    "revenue": 250000000,
    "costOfRevenue": 0,
    "grossProfit": 250000000,
    "grossProfitRatio": 1,
    "researchAndDevelopmentExpenses": 0,
    "generalAndAdministrativeExpenses": 436000000,
    "sellingAndMarketingExpenses": 7092000000,
    "sellingGeneralAndAdministrativeExpenses": 7528000000,
    "otherExpenses": 0,
    "operatingExpenses": 7528000000,
    "costAndExpenses": 7528000000,
    "interestIncome": 0,
    "interestExpense": 0,
    "depreciationAndAmortization": -4000000,
    "ebitda": -236000000,
    "ebitdaratio": -0.944,
    "operatingIncome": -232000000,
    "operatingIncomeRatio": -0.928,
    "totalOtherIncomeExpensesNet": 0,
    "incomeBeforeTax": -232000000,
    "incomeBeforeTaxRatio": -0.928,
    "incomeTaxExpense": -106000000,
    "netIncome": -130000000,
    "netIncomeRatio": -0.52,
    "eps": -0.17,
    "epsdiluted": -0.17,
    "weightedAverageShsOut": 745000000,
    "weightedAverageShsOutDil": 745000000,
    "link": "",
    "finalLink": ""
  }
]