[
  {
    "date": "2025-06-30",
    "symbol": "META",
    "reportedCurrency": "USD",
    "cik": "0001326801",
    "fillingDate": "2025-07-31",
    "acceptedDate": "2025-07-30 20:02:12",
    "calendarYear": "2025",
    "period": "Q2",
    "revenue": 47516000000,
    "costOfRevenue": 8491000000,
    "grossProfit": 39025000000,
    "grossProfitRatio": 0.8213022982,
    "researchAndDevelopmentExpenses": 12942000000,
    "generalAndAdministrativeExpenses": 2663000000,
    "sellingAndMarketingExpenses": 2979000000,
    "sellingGeneralAndAdministrativeExpenses": 5642000000,
    "otherExpenses": 0,
    "operatingExpenses": 18584000000,
    "costAndExpenses": 27075000000,
    "interestIncome": 93000000,
    "interestExpense": 0,
    "depreciationAndAmortization": 4342000000,
    "ebitda": 24876000000,
    "ebitdaratio": 0.5235289166,
    "operatingIncome": 20441000000,
    "operatingIncomeRatio": 0.4301919353,
    "totalOtherIncomeExpensesNet": 93000000,
    "incomeBeforeTax": 20534000000,
    "incomeBeforeTaxRatio": 0.4321491708,
    "incomeTaxExpense": 2197000000,
    "netIncome": 18337000000,
    "netIncomeRatio": 0.3859121138,
    "eps": 7.28,
    "epsdiluted": 7.14,
    "weightedAverageShsOut": 2518000000,
    "weightedAverageShsOutDil": 2570000000,
    "link": "https://www.sec.gov/Archives/edgar/data/1326801/000162828025036791/0001628280-25-036791-index.htm",
    "finalLink": "https://www.sec.gov/Archives/edgar/data/1326801/000162828025036791/meta-20250630.htm"
  },
  {
    "date": "2025-03-31",
    "symbol": "META",
    "reportedCurrency": "USD",
    "cik": "0001326801",
    "fillingDate": "2025-05-01",
    "acceptedDate": "2025-04-30 20:03:18",
    "calendarYear": "2025",
    "period": "Q1",
    "revenue": 42314000000,
    "costOfRevenue": 7572000000,
    "grossProfit": 34742000000,
    "grossProfitRatio": 0.821052134,
    "researchAndDevelopmentExpenses": 12150000000,
    "generalAndAdministrativeExpenses": 2280000000,
    "sellingAndMarketingExpenses": 2757000000,
    "sellingGeneralAndAdministrativeExpenses": 5037000000,
    "otherExpenses": 0,
    "operatingExpenses": 17187000000,
    "costAndExpenses": 24759000000,
    "interestIncome": 658000000,
    "interestExpense": 240000000,
    "depreciationAndAmortization": 3900000000,
    "ebitda": 22522000000,
    "ebitdaratio": 0.5322588269,
    "operatingIncome": 17555000000,
    "operatingIncomeRatio": 0.4148745096,
    "totalOtherIncomeExpensesNet": 827000000,
    "incomeBeforeTax": 18382000000,
    "incomeBeforeTaxRatio": 0.4344188685,
    "incomeTaxExpense": 1738000000,
    "netIncome": 16644000000,
    "netIncomeRatio": 0.3933449922,
    "eps": 6.59,
    "epsdiluted": 6.43,
    "weightedAverageShsOut": 2527000000,
    "weightedAverageShsOutDil": 2590000000,
    "link": "https://www.sec.gov/Archives/edgar/data/1326801/000132680125000054/0001326801-25-000054-index.htm",
    "finalLink": "https://www.sec.gov/Archives/edgar/data/1326801/000132680125000054/meta-20250331.htm"
  },
  {
    "date": "2024-12-31",
    "symbol": "META",
    "reportedCurrency": "USD",
    "cik": "0001326801",
    "fillingDate": "2025-01-30",
    "acceptedDate": "2025-01-29 20:00:50",
    "calendarYear": "2024",
    "period": "Q4",
    "revenue": 48385000000,
    "costOfRevenue": 8839000000,
    "grossProfit": 39546000000,
    "grossProfitRatio": 0.8173194172,
    "researchAndDevelopmentExpenses": 12180000000,
    "generalAndAdministrativeExpenses": 762000000,
    "sellingAndMarketingExpenses": 3240000000,
    "sellingGeneralAndAdministrativeExpenses": 4002000000,
    "otherExpenses": 0,
    "operatingExpenses": 16182000000,
    "costAndExpenses": 25021000000,
    "interestIncome": 731000000,
    "interestExpense": 251000000,
    "depreciationAndAmortization": 4460000000,
    "ebitda": 28263000000,
    "ebitdaratio": 0.5841273122,
    "operatingIncome": 23364000000,
    "operatingIncomeRatio": 0.4828769247,
    "totalOtherIncomeExpensesNet": 188000000,
    "incomeBeforeTax": 23552000000,
    "incomeBeforeTaxRatio": 0.4867624264,
    "incomeTaxExpense": 2714000000,
    "netIncome": 20838000000,
    "netIncomeRatio": 0.4306706624,
    "eps": 8.22,
    "epsdiluted": 8.02,
    "weightedAverageShsOut": 2534000000,
    "weightedAverageShsOutDil": 2614000000,
    "link": "https://www.sec.gov/Archives/edgar/data/1326801/000132680125000017/0001326801-25-000017-index.htm",
    "finalLink": "https://www.sec.gov/Archives/edgar/data/1326801/000132680125000017/meta-20241231.htm"
  },
  {
    "date": "2024-09-30",
    "symbol": "META",
    "reportedCurrency": "USD",
    "cik": "0001326801",
    "fillingDate": "2024-10-31",
    "acceptedDate": "2024-10-30 19:54:51",
    "calendarYear": "2024",
    "period": "Q3",
    "revenue": 40589000000,
    "costOfRevenue": 7375000000,
    "grossProfit": 33214000000,
    "grossProfitRatio": 0.8183005248,
    "researchAndDevelopmentExpenses": 11177000000,
    "generalAndAdministrativeExpenses": 1865000000,
    "sellingAndMarketingExpenses": 2822000000,
    "sellingGeneralAndAdministrativeExpenses": 4687000000,
    "otherExpenses": 0,
    "operatingExpenses": 15864000000,
    "costAndExpenses": 23239000000,
    "interestIncome": 661000000,
    "interestExpense": 208000000,
    "depreciationAndAmortization": 4027000000,
    "ebitda": 22057000000,
    "ebitdaratio": 0.5434230949,
    "operatingIncome": 17350000000,
    "operatingIncomeRatio": 0.4274557146,
    "totalOtherIncomeExpensesNet": 472000000,
    "incomeBeforeTax": 17822000000,
    "incomeBeforeTaxRatio": 0.439084481,
    "incomeTaxExpense": 2134000000,
    "netIncome": 15688000000,
    "netIncomeRatio": 0.38650866,
    "eps": 6.2,
    "epsdiluted": 6.03,
    "weightedAverageShsOut": 2529000000,
    "weightedAverageShsOutDil": 2600000000,
    "link": "https://www.sec.gov/Archives/edgar/data/1326801/000132680124000081/0001326801-24-000081-index.htm",
    "finalLink": "https://www.sec.gov/Archives/edgar/data/1326801/000132680124000081/meta-20240930.htm"
  },
  {
    "date": "2024-06-30",
    "symbol": "META",
    "reportedCurrency": "USD",
    "cik": "0001326801",
    "fillingDate": "2024-08-01",
    "acceptedDate": "2024-07-31 20:14:40",
    "calendarYear": "2024",
    "period": "Q2",
    "revenue": 39071000000,
    "costOfRevenue": 7308000000,
    "grossProfit": 31763000000,
    "grossProfitRatio": 0.8129559008,
    "researchAndDevelopmentExpenses": 10537000000,
    "generalAndAdministrativeExpenses": 3658000000,
    "sellingAndMarketingExpenses": 2721000000,
    "sellingGeneralAndAdministrativeExpenses": 6379000000,
    "otherExpenses": 0,
    "operatingExpenses": 16916000000,
    "costAndExpenses": 24224000000,
    "interestIncome": 540000000,
    "interestExpense": 128000000,
    "depreciationAndAmortization": 3637000000,
    "ebitda": 18871000000,
    "ebitdaratio": 0.4829925008,
    "operatingIncome": 14847000000,
    "operatingIncomeRatio": 0.3800005119,
    "totalOtherIncomeExpensesNet": 259000000,
    "incomeBeforeTax": 15106000000,
    "incomeBeforeTaxRatio": 0.3866294694,
    "incomeTaxExpense": 1641000000,
    "netIncome": 13465000000,
    "netIncomeRatio": 0.3446290087,
    "eps": 5.31,
    "epsdiluted": 5.16,
    "weightedAverageShsOut": 2534000000,
    "weightedAverageShsOutDil": 2610000000,
    "link": "https://www.sec.gov/Archives/edgar/data/1326801/000132680124000069/0001326801-24-000069-index.htm",
    "finalLink": "https://www.sec.gov/Archives/edgar/data/1326801/000132680124000069/meta-20240630.htm"
  },
  {
    "date": "2024-03-31",
    "symbol": "META",
    "reportedCurrency": "USD",
    "cik": "0001326801",
    "fillingDate": "2024-04-25",
    "acceptedDate": "2024-04-24 20:14:19",
    "calendarYear": "2024",
    "period": "Q1",
    "revenue": 36455000000,
    "costOfRevenue": 6640000000,
    "grossProfit": 29815000000,
    "grossProfitRatio": 0.8178576327,
    "researchAndDevelopmentExpenses": 9978000000,
    "generalAndAdministrativeExpenses": 3455000000,
    "sellingAndMarketingExpenses": 2564000000,
    "sellingGeneralAndAdministrativeExpenses": 6019000000,
    "otherExpenses": 0,
    "operatingExpenses": 15997000000,
    "costAndExpenses": 22637000000,
    "interestIncome": 585000000,
    "interestExpense": 127000000,
    "depreciationAndAmortization": 3374000000,
    "ebitda": 17684000000,
    "ebitdaratio": 0.4850912083,
    "operatingIncome": 13818000000,
    "operatingIncomeRatio": 0.3790426553,
    "totalOtherIncomeExpensesNet": 365000000,
    "incomeBeforeTax": 14183000000,
    "incomeBeforeTaxRatio": 0.3890549993,
    "incomeTaxExpense": 1814000000,
    "netIncome": 12369000000,
    "netIncomeRatio": 0.3392950213,
    "eps": 4.86,
    "epsdiluted": 4.71,
    "weightedAverageShsOut": 2545000000,
    "weightedAverageShsOutDil": 2625000000,
    "link": "https://www.sec.gov/Archives/edgar/data/1326801/000132680124000049/0001326801-24-000049-index.htm",
    "finalLink": "https://www.sec.gov/Archives/edgar/data/1326801/000132680124000049/meta-20240331.htm"
  },
  {
    "date": "2023-12-31",
    "symbol": "META",
    "reportedCurrency": "USD",
    "cik": "0001326801",
    "fillingDate": "2024-02-02",
    "acceptedDate": "2024-02-01 19:39:02",
    "calendarYear": "2023",
    "period": "Q4",
    "revenue": 40111000000,
    "costOfRevenue": 7695000000,
    "grossProfit": 32416000000,
    "grossProfitRatio": 0.8081573633,
    "researchAndDevelopmentExpenses": 10517000000,
    "generalAndAdministrativeExpenses": 2289000000,
    "sellingAndMarketingExpenses": 3226000000,
    "sellingGeneralAndAdministrativeExpenses": 5515000000,
    "otherExpenses": 0,
    "operatingExpenses": 16032000000,
    "costAndExpenses": 23727000000,
    "interestIncome": 588000000,
    "interestExpense": 136000000,
    "depreciationAndAmortization": 3172000000,
    "ebitda": 20115000000,
    "ebitdaratio": 0.5014833836,
    "operatingIncome": 16384000000,
    "operatingIncomeRatio": 0.4084665054,
    "totalOtherIncomeExpensesNet": 423000000,
    "incomeBeforeTax": 16807000000,
    "incomeBeforeTaxRatio": 0.419012241,
    "incomeTaxExpense": 2790000000,
    "netIncome": 14017000000,
    "netIncomeRatio": 0.3494552616,
    "eps": 5.46,
    "epsdiluted": 5.33,
    "weightedAverageShsOut": 2566000000,
    "weightedAverageShsOutDil": 2630000000,
    "link": "https://www.sec.gov/Archives/edgar/data/1326801/000132680124000012/0001326801-24-000012-index.htm",
    "finalLink": "https://www.sec.gov/Archives/edgar/data/1326801/000132680124000012/meta-20231231.htm"
  },
  {
    "date": "2023-09-30",
    "symbol": "META",
    "reportedCurrency": "USD",
    "cik": "0001326801",
    "fillingDate": "2023-10-26",
    "acceptedDate": "2023-10-25 20:07:27",
    "calendarYear": "2023",
    "period": "Q3",
    "revenue": 34146000000,
    "costOfRevenue": 6210000000,
    "grossProfit": 27936000000,
    "grossProfitRatio": 0.8181338956,
    "researchAndDevelopmentExpenses": 9241000000,
    "generalAndAdministrativeExpenses": 2070000000,
    "sellingAndMarketingExpenses": 2877000000,
    "sellingGeneralAndAdministrativeExpenses": 4947000000,
    "otherExpenses": 0,
    "operatingExpenses": 14188000000,
    "costAndExpenses": 20398000000,
    "interestIncome": 534000000,
    "interestExpense": 139000000,
    "depreciationAndAmortization": 2859000000,
    "ebitda": 17018000000,
    "ebitdaratio": 0.4983892696,
    "operatingIncome": 13748000000,
    "operatingIncomeRatio": 0.4026240262,
    "totalOtherIncomeExpensesNet": 272000000,
    "incomeBeforeTax": 14020000000,
    "incomeBeforeTaxRatio": 0.4105898202,
    "incomeTaxExpense": 2437000000,
    "netIncome": 11583000000,
    "netIncomeRatio": 0.3392198208,
    "eps": 4.5,
    "epsdiluted": 4.39,
    "weightedAverageShsOut": 2576000000,
    "weightedAverageShsOutDil": 2641000000,
    "link": "https://www.sec.gov/Archives/edgar/data/1326801/000132680123000103/0001326801-23-000103-index.htm",
    "finalLink": "https://www.sec.gov/Archives/edgar/data/1326801/000132680123000103/meta-20230930.htm"
  },
  {
    "date": "2023-06-30",
    "symbol": "META",
    "reportedCurrency": "USD",
    "cik": "0001326801",
    "fillingDate": "2023-07-27",
    "acceptedDate": "2023-07-26 20:11:08",
    "calendarYear": "2023",
    "period": "Q2",
    "revenue": 31999000000,
    "costOfRevenue": 5945000000,
    "grossProfit": 26054000000,
    "grossProfitRatio": 0.8142129442,
    "researchAndDevelopmentExpenses": 9344000000,
    "generalAndAdministrativeExpenses": 4164000000,
    "sellingAndMarketingExpenses": 3154000000,
    "sellingGeneralAndAdministrativeExpenses": 7318000000,
    "otherExpenses": 0,
    "operatingExpenses": 16662000000,
    "costAndExpenses": 22607000000,
    "interestIncome": 323000000,
    "interestExpense": 116000000,
    "depreciationAndAmortization": 2623000000,
    "ebitda": 12032000000,
    "ebitdaratio": 0.3760117504,
    "operatingIncome": 9392000000,
    "operatingIncomeRatio": 0.2935091722,
    "totalOtherIncomeExpensesNet": -99000000,
    "incomeBeforeTax": 9293000000,
    "incomeBeforeTaxRatio": 0.2904153255,
    "incomeTaxExpense": 1505000000,
    "netIncome": 7788000000,
    "netIncomeRatio": 0.2433826057,
    "eps": 3.03,
    "epsdiluted": 2.98,
    "weightedAverageShsOut": 2568000000,
    "weightedAverageShsOutDil": 2612000000,
    "link": "https://www.sec.gov/Archives/edgar/data/1326801/000132680123000093/0001326801-23-000093-index.htm",
    "finalLink": "https://www.sec.gov/Archives/edgar/data/1326801/000132680123000093/meta-20230630.htm"
  },
  {
    "date": "2023-03-31",
    "symbol": "META",
    "reportedCurrency": "USD",
    "cik": "0001326801",
    "fillingDate": "2023-04-27",
    "acceptedDate": "2023-04-26 20:56:18",
    "calendarYear": "2023",
    "period": "Q1",
    "revenue": 28645000000,
    "costOfRevenue": 6108000000,
    "grossProfit": 22537000000,
    "grossProfitRatio": 0.7867690696,
    "researchAndDevelopmentExpenses": 9381000000,
    "generalAndAdministrativeExpenses": 2885000000,
    "sellingAndMarketingExpenses": 3044000000,
    "sellingGeneralAndAdministrativeExpenses": 5929000000,
    "otherExpenses": 0,
    "operatingExpenses": 15310000000,
    "costAndExpenses": 21418000000,
    "interestIncome": 193000000,
    "interestExpense": 55000000,
    "depreciationAndAmortization": 2524000000,
    "ebitda": 9886000000,
    "ebitdaratio": 0.3451213126,
    "operatingIncome": 7227000000,
    "operatingIncomeRatio": 0.2522953395,
    "totalOtherIncomeExpensesNet": 80000000,
    "incomeBeforeTax": 7307000000,
    "incomeBeforeTaxRatio": 0.255088148,
    "incomeTaxExpense": 1598000000,
    "netIncome": 5709000000,
    "netIncomeRatio": 0.1993017979,
    "eps": 2.21,
    "epsdiluted": 2.2,
    "weightedAverageShsOut": 2587000000,
    "weightedAverageShsOutDil": 2596000000,
    "link": "https://www.sec.gov/Archives/edgar/data/1326801/000132680123000067/0001326801-23-000067-index.htm",
    "finalLink": "https://www.sec.gov/Archives/edgar/data/1326801/000132680123000067/meta-20230331.htm"
  },
  {
    "date": "2022-12-31",
    "symbol": "META",
    "reportedCurrency": "USD",
    "cik": "0001326801",
    "fillingDate": "2023-02-02",
    "acceptedDate": "2023-02-01 20:26:31",
    "calendarYear": "2022",
    "period": "Q4",
    "revenue": 32165000000,
    "costOfRevenue": 8336000000,
    "grossProfit": 23829000000,
    "grossProfitRatio": 0.7408363128,
    "researchAndDevelopmentExpenses": 9771000000,
    "generalAndAdministrativeExpenses": 3085000000,
    "sellingAndMarketingExpenses": 4574000000,
    "sellingGeneralAndAdministrativeExpenses": 7659000000,
    "otherExpenses": 0,
    "operatingExpenses": 17430000000,
    "costAndExpenses": 25766000000,
    "interestIncome": 32000000,
    "interestExpense": 0,
    "depreciationAndAmortization": 2376000000,
    "ebitda": 8775000000,
    "ebitdaratio": 0.2728120628,
    "operatingIncome": 6399000000,
    "operatingIncomeRatio": 0.1989429504,
    "totalOtherIncomeExpensesNet": -250000000,
    "incomeBeforeTax": 6149000000,
    "incomeBeforeTaxRatio": 0.191170527,
    "incomeTaxExpense": 1496000000,
    "netIncome": 4653000000,
    "netIncomeRatio": 0.1446603451,
    "eps": 1.76,
    "epsdiluted": 1.76,
    "weightedAverageShsOut": 2638000000,
    "weightedAverageShsOutDil": 2640000000,
    "link": "https://www.sec.gov/Archives/edgar/data/1326801/000132680123000013/0001326801-23-000013-index.htm",
    "finalLink": "https://www.sec.gov/Archives/edgar/data/1326801/000132680123000013/meta-20221231.htm"
  },
  {
    "date": "2022-09-30",
    "symbol": "META",
    "reportedCurrency": "USD",
    "cik": "0001326801",
    "fillingDate": "2022-10-27",
    "acceptedDate": "2022-10-26 20:26:36",
    "calendarYear": "2022",
    "period": "Q3",
    "revenue": 27714000000,
    "costOfRevenue": 5716000000,
    "grossProfit": 21998000000,
    "grossProfitRatio": 0.793750451,
    "researchAndDevelopmentExpenses": 9170000000,
    "generalAndAdministrativeExpenses": 3384000000,
    "sellingAndMarketingExpenses": 3780000000,
    "sellingGeneralAndAdministrativeExpenses": 7164000000,
    "otherExpenses": 0,
    "operatingExpenses": 16334000000,
    "costAndExpenses": 22050000000,
    "interestIncome": 142000000,
    "interestExpense": 65000000,
    "depreciationAndAmortization": 2175000000,
    "ebitda": 7839000000,
    "ebitdaratio": 0.2828534315,
    "operatingIncome": 5664000000,
    "operatingIncomeRatio": 0.204373241,
    "totalOtherIncomeExpensesNet": -88000000,
    "incomeBeforeTax": 5576000000,
    "incomeBeforeTaxRatio": 0.2011979505,
    "incomeTaxExpense": 1181000000,
    "netIncome": 4395000000,
    "netIncomeRatio": 0.1585841091,
    "eps": 1.64,
    "epsdiluted": 1.64,
    "weightedAverageShsOut": 2682000000,
    "weightedAverageShsOutDil": 2687000000,
    "link": "https://www.sec.gov/Archives/edgar/data/1326801/000132680122000108/0001326801-22-000108-index.htm",
    "finalLink": "https://www.sec.gov/Archives/edgar/data/1326801/000132680122000108/meta-20220930.htm"
  },
  {
    "date": "2022-06-30",
    "symbol": "META",
    "reportedCurrency": "USD",
    "cik": "0001326801",
    "fillingDate": "2022-07-28",
    "acceptedDate": "2022-07-27 20:44:34",
    "calendarYear": "2022",
    "period": "Q2",
    "revenue": 28822000000,
    "costOfRevenue": 5192000000,
    "grossProfit": 23630000000,
    "grossProfitRatio": 0.8198598293,
    "researchAndDevelopmentExpenses": 8690000000,
    "generalAndAdministrativeExpenses": 2987000000,
    "sellingAndMarketingExpenses": 3595000000,
    "sellingGeneralAndAdministrativeExpenses": 6582000000,
    "otherExpenses": 0,
    "operatingExpenses": 15272000000,
    "costAndExpenses": 20464000000,
    "interestIncome": 96000000,
    "interestExpense": 5000000,
    "depreciationAndAmortization": 1979000000,
    "ebitda": 10170000000,
    "ebitdaratio": 0.3528554576,
    "operatingIncome": 8358000000,
    "operatingIncomeRatio": 0.2899868156,
    "totalOtherIncomeExpensesNet": -172000000,
    "incomeBeforeTax": 8186000000,
    "incomeBeforeTaxRatio": 0.284019152,
    "incomeTaxExpense": 1499000000,
    "netIncome": 6687000000,
    "netIncomeRatio": 0.2320102699,
    "eps": 2.47,
    "epsdiluted": 2.46,
    "weightedAverageShsOut": 2704000000,
    "weightedAverageShsOutDil": 2713000000,
    "link": "https://www.sec.gov/Archives/edgar/data/1326801/000132680122000082/0001326801-22-000082-index.htm",
    "finalLink": "https://www.sec.gov/Archives/edgar/data/1326801/000132680122000082/meta-20220630.htm"
  },
  {
    "date": "2022-03-31",
    "symbol": "META",
    "reportedCurrency": "USD",
    "cik": "0001326801",
    "fillingDate": "2022-04-28",
    "acceptedDate": "2022-04-27 20:42:59",
    "calendarYear": "2022",
    "period": "Q1",
    "revenue": 27908000000,
    "costOfRevenue": 6005000000,
    "grossProfit": 21903000000,
    "grossProfitRatio": 0.7848287229,
    "researchAndDevelopmentExpenses": 7707000000,
    "generalAndAdministrativeExpenses": 2360000000,
    "sellingAndMarketingExpenses": 3312000000,
    "sellingGeneralAndAdministrativeExpenses": 5672000000,
    "otherExpenses": 0,
    "operatingExpenses": 13379000000,
    "costAndExpenses": 19384000000,
    "interestIncome": 81000000,
    "interestExpense": 5000000,
    "depreciationAndAmortization": 2156000000,
    "ebitda": 11069000000,
    "ebitdaratio": 0.3966246238,
    "operatingIncome": 8524000000,
    "operatingIncomeRatio": 0.3054321342,
    "totalOtherIncomeExpensesNet": 384000000,
    "incomeBeforeTax": 8908000000,
    "incomeBeforeTaxRatio": 0.3191916296,
    "incomeTaxExpense": 1443000000,
    "netIncome": 7465000000,
    "netIncomeRatio": 0.2674860255,
    "eps": 2.74,
    "epsdiluted": 2.72,
    "weightedAverageShsOut": 2725000000,
    "weightedAverageShsOutDil": 2742000000,
    "link": "https://www.sec.gov/Archives/edgar/data/1326801/000132680122000057/0001326801-22-000057-index.htm",
    "finalLink": "https://www.sec.gov/Archives/edgar/data/1326801/000132680122000057/meta-20220331.htm"
  },
  {
    "date": "2021-12-31",
    "symbol": "META",
    "reportedCurrency": "USD",
    "cik": "0001326801",
    "fillingDate": "2022-02-03",
    "acceptedDate": "2022-02-02 21:11:04",
    "calendarYear": "2021",
    "period": "Q4",
    "revenue": 33671000000,
    "costOfRevenue": 6348000000,
    "grossProfit": 27323000000,
    "grossProfitRatio": 0.8114698108,
    "researchAndDevelopmentExpenses": 7046000000,
    "generalAndAdministrativeExpenses": 3305000000,
    "sellingAndMarketingExpenses": 4387000000,
    "sellingGeneralAndAdministrativeExpenses": 7692000000,
    "otherExpenses": 0,
    "operatingExpenses": 14738000000,
    "costAndExpenses": 21086000000,
    "interestIncome": 102000000,
    "interestExpense": 0,
    "depreciationAndAmortization": 2014000000,
    "ebitda": 14599000000,
    "ebitdaratio": 0.4335778563,
    "operatingIncome": 12585000000,
    "operatingIncomeRatio": 0.373763773,
    "totalOtherIncomeExpensesNet": 118000000,
    "incomeBeforeTax": 12703000000,
    "incomeBeforeTaxRatio": 0.3772682724,
    "incomeTaxExpense": 2418000000,
    "netIncome": 10285000000,
    "netIncomeRatio": 0.3054557334,
    "eps": 3.72,
    "epsdiluted": 3.68,
    "weightedAverageShsOut": 2797078000,
    "weightedAverageShsOutDil": 2799000000,
    "link": "https://www.sec.gov/Archives/edgar/data/1326801/000132680122000018/0001326801-22-000018-index.htm",
    "finalLink": "https://www.sec.gov/Archives/edgar/data/1326801/000132680122000018/fb-20211231.htm"
  },
  {
    "date": "2021-09-30",
    "symbol": "META",
    "reportedCurrency": "USD",
    "cik": "0001326801",
    "fillingDate": "2021-10-26",
    "acceptedDate": "2021-10-25 20:44:20",
    "calendarYear": "2021",
    "period": "Q3",
    "revenue": 29010000000,
    "costOfRevenue": 5771000000,
    "grossProfit": 23239000000,
    "grossProfitRatio": 0.801068597,
    "researchAndDevelopmentExpenses": 6316000000,
    "generalAndAdministrativeExpenses": 2946000000,
    "sellingAndMarketingExpenses": 3554000000,
    "sellingGeneralAndAdministrativeExpenses": 6500000000,
    "otherExpenses": 0,
    "operatingExpenses": 12816000000,
    "costAndExpenses": 18587000000,
    "interestIncome": 120000000,
    "interestExpense": 0,
    "depreciationAndAmortization": 1995000000,
    "ebitda": 12418000000,
    "ebitdaratio": 0.4280592899,
    "operatingIncome": 10423000000,
    "operatingIncomeRatio": 0.3592899,
    "totalOtherIncomeExpensesNet": 142000000,
    "incomeBeforeTax": 10565000000,
    "incomeBeforeTaxRatio": 0.3641847639,
    "incomeTaxExpense": 1371000000,
    "netIncome": 9194000000,
    "netIncomeRatio": 0.3169251982,
    "eps": 3.27,
    "epsdiluted": 3.22,
    "weightedAverageShsOut": 2855280000,
    "weightedAverageShsOutDil": 2859000000,
    "link": "https://www.sec.gov/Archives/edgar/data/1326801/000132680121000065/0001326801-21-000065-index.htm",
    "finalLink": "https://www.sec.gov/Archives/edgar/data/1326801/000132680121000065/fb-20210930.htm"
  },
  {
    "date": "2021-06-30",
    "symbol": "META",
    "reportedCurrency": "USD",
    "cik": "0001326801",
    "fillingDate": "2021-07-29",
    "acceptedDate": "2021-07-28 20:13:08",
    "calendarYear": "2021",
    "period": "Q2",
    "revenue": 29077000000,
    "costOfRevenue": 5399000000,
    "grossProfit": 23678000000,
    "grossProfitRatio": 0.814320597,
    "researchAndDevelopmentExpenses": 6096000000,
    "generalAndAdministrativeExpenses": 1956000000,
    "sellingAndMarketingExpenses": 3259000000,
    "sellingGeneralAndAdministrativeExpenses": 5215000000,
    "otherExpenses": 0,
    "operatingExpenses": 11311000000,
    "costAndExpenses": 16710000000,
    "interestIncome": 121000000,
    "interestExpense": 0,
    "depreciationAndAmortization": 1986000000,
    "ebitda": 14353000000,
    "ebitdaratio": 0.4936203872,
    "operatingIncome": 12367000000,
    "operatingIncomeRatio": 0.4253189806,
    "totalOtherIncomeExpensesNet": 146000000,
    "incomeBeforeTax": 12513000000,
    "incomeBeforeTaxRatio": 0.4303401314,
    "incomeTaxExpense": 2119000000,
    "netIncome": 10394000000,
    "netIncomeRatio": 0.3574646628,
    "eps": 3.67,
    "epsdiluted": 3.61,
    "weightedAverageShsOut": 2877000000,
    "weightedAverageShsOutDil": 2879224000,
    "link": "https://www.sec.gov/Archives/edgar/data/1326801/000132680121000049/0001326801-21-000049-index.htm",
    "finalLink": "https://www.sec.gov/Archives/edgar/data/1326801/000132680121000049/fb-20210630.htm"
  },
  {
    "date": "2021-03-31",
    "symbol": "META",
    "reportedCurrency": "USD",
    "cik": "0001326801",
    "fillingDate": "2021-04-29",
    "acceptedDate": "2021-04-28 20:12:05",
    "calendarYear": "2021",
    "period": "Q1",
    "revenue": 26171000000,
    "costOfRevenue": 5131000000,
    "grossProfit": 21040000000,
    "grossProfitRatio": 0.803943296,
    "researchAndDevelopmentExpenses": 5197000000,
    "generalAndAdministrativeExpenses": 1622000000,
    "sellingAndMarketingExpenses": 2843000000,
    "sellingGeneralAndAdministrativeExpenses": 4465000000,
    "otherExpenses": 0,
    "operatingExpenses": 9662000000,
    "costAndExpenses": 14793000000,
    "interestIncome": 118000000,
    "interestExpense": 0,
    "depreciationAndAmortization": 1972000000,
    "ebitda": 13350000000,
    "ebitdaratio": 0.5101066065,
    "operatingIncome": 11378000000,
    "operatingIncomeRatio": 0.4347560277,
    "totalOtherIncomeExpensesNet": 125000000,
    "incomeBeforeTax": 11503000000,
    "incomeBeforeTaxRatio": 0.4395323068,
    "incomeTaxExpense": 2006000000,
    "netIncome": 9497000000,
    "netIncomeRatio": 0.36288258,
    "eps": 3.34,
    "epsdiluted": 3.3,
    "weightedAverageShsOut": 2877879000,
    "weightedAverageShsOutDil": 2882000000,
    "link": "https://www.sec.gov/Archives/edgar/data/1326801/000132680121000033/0001326801-21-000033-index.htm",
    "finalLink": "https://www.sec.gov/Archives/edgar/data/1326801/000132680121000033/fb-20210331.htm"
  },
  {
    "date": "2020-12-31",
    "symbol": "META",
    "reportedCurrency": "USD",
    "cik": "0001326801",
    "fillingDate": "2021-01-28",
    "acceptedDate": "2021-01-27 21:13:48",
    "calendarYear": "2020",
    "period": "Q4",
    "revenue": 28072000000,
    "costOfRevenue": 5210000000,
    "grossProfit": 22862000000,
    "grossProfitRatio": 0.8144058136,
    "researchAndDevelopmentExpenses": 5208000000,
    "generalAndAdministrativeExpenses": 1599000000,
    "sellingAndMarketingExpenses": 3280000000,
    "sellingGeneralAndAdministrativeExpenses": 4879000000,
    "otherExpenses": 0,
    "operatingExpenses": 10087000000,
    "costAndExpenses": 15297000000,
    "interestIncome": 136000000,
    "interestExpense": 0,
    "depreciationAndAmortization": 1863000000,
    "ebitda": 14638000000,
    "ebitdaratio": 0.5214448561,
    "operatingIncome": 12775000000,
    "operatingIncomeRatio": 0.4550797948,
    "totalOtherIncomeExpensesNet": 280000000,
    "incomeBeforeTax": 13055000000,
    "incomeBeforeTaxRatio": 0.4650541465,
    "incomeTaxExpense": 1836000000,
    "netIncome": 11219000000,
    "netIncomeRatio": 0.3996508977,
    "eps": 3.94,
    "epsdiluted": 3.88,
    "weightedAverageShsOut": 2890000000,
    "weightedAverageShsOutDil": 2892924000,
    "link": "https://www.sec.gov/Archives/edgar/data/1326801/000132680121000014/0001326801-21-000014-index.htm",
    "finalLink": "https://www.sec.gov/Archives/edgar/data/1326801/000132680121000014/fb-20201231.htm"
  },
  {
    "date": "2020-09-30",
    "symbol": "META",
    "reportedCurrency": "USD",
    "cik": "0001326801",
    "fillingDate": "2020-10-30",
    "acceptedDate": "2020-10-29 21:29:56",
    "calendarYear": "2020",
    "period": "Q3",
    "revenue": 21470000000,
    "costOfRevenue": 4194000000,
    "grossProfit": 17276000000,
    "grossProfitRatio": 0.8046576619,
    "researchAndDevelopmentExpenses": 4763000000,
    "generalAndAdministrativeExpenses": 1790000000,
    "sellingAndMarketingExpenses": 2683000000,
    "sellingGeneralAndAdministrativeExpenses": 4473000000,
    "otherExpenses": 0,
    "operatingExpenses": 9236000000,
    "costAndExpenses": 13430000000,
    "interestIncome": 146000000,
    "interestExpense": 0,
    "depreciationAndAmortization": 1698000000,
    "ebitda": 9738000000,
    "ebitdaratio": 0.4535631113,
    "operatingIncome": 8040000000,
    "operatingIncomeRatio": 0.374476013,
    "totalOtherIncomeExpensesNet": 93000000,
    "incomeBeforeTax": 8133000000,
    "incomeBeforeTaxRatio": 0.3788076386,
    "incomeTaxExpense": 287000000,
    "netIncome": 7846000000,
    "netIncomeRatio": 0.365440149,
    "eps": 2.75,
    "epsdiluted": 2.71,
    "weightedAverageShsOut": 2891000000,
    "weightedAverageShsOutDil": 2895203000,
    "link": "https://www.sec.gov/Archives/edgar/data/1326801/000132680120000084/0001326801-20-000084-index.htm",
    "finalLink": "https://www.sec.gov/Archives/edgar/data/1326801/000132680120000084/fb-09302020x10q.htm"
  },
  {
    "date": "2020-06-30",
    "symbol": "META",
    "reportedCurrency": "USD",
    "cik": "0001326801",
    "fillingDate": "2020-07-31",
    "acceptedDate": "2020-07-31 16:17:44",
    "calendarYear": "2020",
    "period": "Q2",
    "revenue": 18687000000,
    "costOfRevenue": 3829000000,
    "grossProfit": 14858000000,
    "grossProfitRatio": 0.7950981966,
    "researchAndDevelopmentExpenses": 4462000000,
    "generalAndAdministrativeExpenses": 1593000000,
    "sellingAndMarketingExpenses": 2840000000,
    "sellingGeneralAndAdministrativeExpenses": 4433000000,
    "otherExpenses": 0,
    "operatingExpenses": 8895000000,
    "costAndExpenses": 12724000000,
    "interestIncome": 162000000,
    "interestExpense": 0,
    "depreciationAndAmortization": 1704000000,
    "ebitda": 7667000000,
    "ebitdaratio": 0.410285225,
    "operatingIncome": 5963000000,
    "operatingIncomeRatio": 0.3190988388,
    "totalOtherIncomeExpensesNet": 168000000,
    "incomeBeforeTax": 6131000000,
    "incomeBeforeTaxRatio": 0.3280890459,
    "incomeTaxExpense": 953000000,
    "netIncome": 5178000000,
    "netIncomeRatio": 0.2770910258,
    "eps": 1.82,
    "epsdiluted": 1.8,
    "weightedAverageShsOut": 2876667000,
    "weightedAverageShsOutDil": 2879000000,
    "link": "https://www.sec.gov/Archives/edgar/data/1326801/000132680120000076/0001326801-20-000076-index.htm",
    "finalLink": "https://www.sec.gov/Archives/edgar/data/1326801/000132680120000076/fb-06302020x10q.htm"
  },
  {
    "date": "2020-03-31",
    "symbol": "META",
    "reportedCurrency": "USD",
    "cik": "0001326801",
    "fillingDate": "2020-04-30",
    "acceptedDate": "2020-04-30 06:14:44",
    "calendarYear": "2020",
    "period": "Q1",
    "revenue": 17737000000,
    "costOfRevenue": 3459000000,
    "grossProfit": 14278000000,
    "grossProfitRatio": 0.8049839319,
    "researchAndDevelopmentExpenses": 4015000000,
    "generalAndAdministrativeExpenses": 1583000000,
    "sellingAndMarketingExpenses": 2787000000,
    "sellingGeneralAndAdministrativeExpenses": 4370000000,
    "otherExpenses": 0,
    "operatingExpenses": 8385000000,
    "costAndExpenses": 11844000000,
    "interestIncome": 228000000,
    "interestExpense": 0,
    "depreciationAndAmortization": 1597000000,
    "ebitda": 7490000000,
    "ebitdaratio": 0.4222811073,
    "operatingIncome": 5893000000,
    "operatingIncomeRatio": 0.3322433331,
    "totalOtherIncomeExpensesNet": -32000000,
    "incomeBeforeTax": 5861000000,
    "incomeBeforeTaxRatio": 0.3304391949,
    "incomeTaxExpense": 959000000,
    "netIncome": 4902000000,
    "netIncomeRatio": 0.276371427,
    "eps": 1.72,
    "epsdiluted": 1.71,
    "weightedAverageShsOut": 2866667000,
    "weightedAverageShsOutDil": 2868000000,
    "link": "https://www.sec.gov/Archives/edgar/data/1326801/000132680120000048/0001326801-20-000048-index.htm",
    "finalLink": "https://www.sec.gov/Archives/edgar/data/1326801/000132680120000048/fb-03312020x10q.htm"
  },
  {
    "date": "2019-12-31",
    "symbol": "META",
    "reportedCurrency": "USD",
    "cik": "0001326801",
    "fillingDate": "2020-01-30",
    "acceptedDate": "2020-01-29 21:12:14",
    "calendarYear": "2019",
    "period": "Q4",
    "revenue": 21082000000,
    "costOfRevenue": 3492000000,
    "grossProfit": 17590000000,
    "grossProfitRatio": 0.8343610663,
    "researchAndDevelopmentExpenses": 3877000000,
    "generalAndAdministrativeExpenses": 1829000000,
    "sellingAndMarketingExpenses": 3026000000,
    "sellingGeneralAndAdministrativeExpenses": 4855000000,
    "otherExpenses": 0,
    "operatingExpenses": 8732000000,
    "costAndExpenses": 12224000000,
    "interestIncome": 249000000,
    "interestExpense": 0,
    "depreciationAndAmortization": 1468000000,
    "ebitda": 11172000000,
    "ebitdaratio": 0.5299307466,
    "operatingIncome": 8858000000,
    "operatingIncomeRatio": 0.4201688644,
    "totalOtherIncomeExpensesNet": 311000000,
    "incomeBeforeTax": 9169000000,
    "incomeBeforeTaxRatio": 0.4349207855,
    "incomeTaxExpense": 1820000000,
    "netIncome": 7349000000,
    "netIncomeRatio": 0.3485912153,
    "eps": 2.58,
    "epsdiluted": 2.56,
    "weightedAverageShsOut": 2864207000,
    "weightedAverageShsOutDil": 2871000000,
    "link": "https://www.sec.gov/Archives/edgar/data/1326801/000132680120000013/0001326801-20-000013-index.htm",
    "finalLink": "https://www.sec.gov/Archives/edgar/data/1326801/000132680120000013/fb-12312019x10k.htm"
  },
  {
    "date": "2019-09-30",
    "symbol": "META",
    "reportedCurrency": "USD",
    "cik": "0001326801",
    "fillingDate": "2019-10-31",
    "acceptedDate": "2019-10-30 21:00:31",
    "calendarYear": "2019",
    "period": "Q3",
    "revenue": 17652000000,
    "costOfRevenue": 3155000000,
    "grossProfit": 14497000000,
    "grossProfitRatio": 0.821266712,
    "researchAndDevelopmentExpenses": 3548000000,
    "generalAndAdministrativeExpenses": 1348000000,
    "sellingAndMarketingExpenses": 2416000000,
    "sellingGeneralAndAdministrativeExpenses": 3764000000,
    "otherExpenses": 0,
    "operatingExpenses": 7312000000,
    "costAndExpenses": 10467000000,
    "interestIncome": 258000000,
    "interestExpense": 0,
    "depreciationAndAmortization": 1416000000,
    "ebitda": 8601000000,
    "ebitdaratio": 0.487253569,
    "operatingIncome": 7185000000,
    "operatingIncomeRatio": 0.4070360299,
    "totalOtherIncomeExpensesNet": 144000000,
    "incomeBeforeTax": 7329000000,
    "incomeBeforeTaxRatio": 0.4151937458,
    "incomeTaxExpense": 1238000000,
    "netIncome": 6091000000,
    "netIncomeRatio": 0.3450600499,
    "eps": 2.13,
    "epsdiluted": 2.12,
    "weightedAverageShsOut": 2873113000,
    "weightedAverageShsOutDil": 2874000000,
    "link": "https://www.sec.gov/Archives/edgar/data/1326801/000132680119000069/0001326801-19-000069-index.htm",
    "finalLink": "https://www.sec.gov/Archives/edgar/data/1326801/000132680119000069/fb-09302019x10q.htm"
  },
  {
    "date": "2019-06-30",
    "symbol": "META",
    "reportedCurrency": "USD",
    "cik": "0001326801",
    "fillingDate": "2019-07-25",
    "acceptedDate": "2019-07-24 21:12:30",
    "calendarYear": "2019",
    "period": "Q2",
    "revenue": 16886000000,
    "costOfRevenue": 3307000000,
    "grossProfit": 13579000000,
    "grossProfitRatio": 0.8041572901,
    "researchAndDevelopmentExpenses": 3315000000,
    "generalAndAdministrativeExpenses": 3224000000,
    "sellingAndMarketingExpenses": 2414000000,
    "sellingGeneralAndAdministrativeExpenses": 5638000000,
    "otherExpenses": 0,
    "operatingExpenses": 8953000000,
    "costAndExpenses": 12260000000,
    "interestIncome": 219000000,
    "interestExpense": 0,
    "depreciationAndAmortization": 1502000000,
    "ebitda": 8128000000,
    "ebitdaratio": 0.4813454933,
    "operatingIncome": 4626000000,
    "operatingIncomeRatio": 0.2739547554,
    "totalOtherIncomeExpensesNet": 206000000,
    "incomeBeforeTax": 4832000000,
    "incomeBeforeTaxRatio": 0.2861542106,
    "incomeTaxExpense": 2216000000,
    "netIncome": 2616000000,
    "netIncomeRatio": 0.1549212365,
    "eps": 0.92,
    "epsdiluted": 0.91,
    "weightedAverageShsOut": 2874725000,
    "weightedAverageShsOutDil": 2875000000,
    "link": "https://www.sec.gov/Archives/edgar/data/1326801/000132680119000055/0001326801-19-000055-index.htm",
    "finalLink": "https://www.sec.gov/Archives/edgar/data/1326801/000132680119000055/fb-06302019x10q.htm"
  },
  {
    "date": "2019-03-31",
    "symbol": "META",
    "reportedCurrency": "USD",
    "cik": "0001326801",
    "fillingDate": "2019-04-25",
    "acceptedDate": "2019-04-24 21:06:00",
    "calendarYear": "2019",
    "period": "Q1",
    "revenue": 15077000000,
    "costOfRevenue": 2816000000,
    "grossProfit": 12261000000,
    "grossProfitRatio": 0.8132254427,
    "researchAndDevelopmentExpenses": 2860000000,
    "generalAndAdministrativeExpenses": 4064000000,
    "sellingAndMarketingExpenses": 2020000000,
    "sellingGeneralAndAdministrativeExpenses": 6084000000,
    "otherExpenses": 0,
    "operatingExpenses": 8944000000,
    "costAndExpenses": 11760000000,
    "interestIncome": 198000000,
    "interestExpense": 0,
    "depreciationAndAmortization": 1355000000,
    "ebitda": 7672000000,
    "ebitdaratio": 0.5088545467,
    "operatingIncome": 3317000000,
    "operatingIncomeRatio": 0.2200039796,
    "totalOtherIncomeExpensesNet": 165000000,
    "incomeBeforeTax": 3482000000,
    "incomeBeforeTaxRatio": 0.2309478013,
    "incomeTaxExpense": 1053000000,
    "netIncome": 2429000000,
    "netIncomeRatio": 0.1611063209,
    "eps": 0.85,
    "epsdiluted": 0.85,
    "weightedAverageShsOut": 2857647000,
    "weightedAverageShsOutDil": 2869000000,
    "link": "https://www.sec.gov/Archives/edgar/data/1326801/000132680119000037/0001326801-19-000037-index.htm",
    "finalLink": "https://www.sec.gov/Archives/edgar/data/1326801/000132680119000037/fb-03312019x10q.htm"
  },
  {
    "date": "2018-12-31",
    "symbol": "META",
    "reportedCurrency": "USD",
    "cik": "0001326801",
    "fillingDate": "2019-01-31",
    "acceptedDate": "2019-01-31 16:58:29",
    "calendarYear": "2018",
    "period": "Q4",
    "revenue": 16914000000,
    "costOfRevenue": 2796000000,
    "grossProfit": 14118000000,
    "grossProfitRatio": 0.8346931536,
    "researchAndDevelopmentExpenses": 2855000000,
    "generalAndAdministrativeExpenses": 976000000,
    "sellingAndMarketingExpenses": 2467000000,
    "sellingGeneralAndAdministrativeExpenses": 3443000000,
    "otherExpenses": 0,
    "operatingExpenses": 6298000000,
    "costAndExpenses": 9094000000,
    "interestIncome": 196000000,
    "interestExpense": 0,
    "depreciationAndAmortization": 1225000000,
    "ebitda": 9502000000,
    "ebitdaratio": 0.5617831382,
    "operatingIncome": 7820000000,
    "operatingIncomeRatio": 0.4623388909,
    "totalOtherIncomeExpensesNet": 151000000,
    "incomeBeforeTax": 7971000000,
    "incomeBeforeTaxRatio": 0.4712664065,
    "incomeTaxExpense": 1089000000,
    "netIncome": 6882000000,
    "netIncomeRatio": 0.406881873,
    "eps": 2.4,
    "epsdiluted": 2.38,
    "weightedAverageShsOut": 2886000000,
    "weightedAverageShsOutDil": 2886000000,
    "link": "https://www.sec.gov/Archives/edgar/data/1326801/000132680119000009/0001326801-19-000009-index.htm",
    "finalLink": "https://www.sec.gov/Archives/edgar/data/1326801/000132680119000009/fb-12312018x10k.htm"
  },
  {
    "date": "2018-09-30",
    "symbol": "META",
    "reportedCurrency": "USD",
    "cik": "0001326801",
    "fillingDate": "2018-10-31",
    "acceptedDate": "2018-10-31 16:13:09",
    "calendarYear": "2018",
    "period": "Q3",
    "revenue": 13727000000,
    "costOfRevenue": 2418000000,
    "grossProfit": 11309000000,
    "grossProfitRatio": 0.823850805,
    "researchAndDevelopmentExpenses": 2657000000,
    "generalAndAdministrativeExpenses": 943000000,
    "sellingAndMarketingExpenses": 1928000000,
    "sellingGeneralAndAdministrativeExpenses": 2871000000,
    "otherExpenses": 0,
    "operatingExpenses": 5528000000,
    "costAndExpenses": 7946000000,
    "interestIncome": 176000000,
    "interestExpense": 0,
    "depreciationAndAmortization": 1107000000,
    "ebitda": 6888000000,
    "ebitdaratio": 0.5017848037,
    "operatingIncome": 5781000000,
    "operatingIncomeRatio": 0.4211408174,
    "totalOtherIncomeExpensesNet": 131000000,
    "incomeBeforeTax": 5912000000,
    "incomeBeforeTaxRatio": 0.4306840533,
    "incomeTaxExpense": 775000000,
    "netIncome": 5137000000,
    "netIncomeRatio": 0.374225978,
    "eps": 1.78,
    "epsdiluted": 1.76,
    "weightedAverageShsOut": 2913000000,
    "weightedAverageShsOutDil": 2918750000,
    "link": "https://www.sec.gov/Archives/edgar/data/1326801/000132680118000067/0001326801-18-000067-index.htm",
    "finalLink": "https://www.sec.gov/Archives/edgar/data/1326801/000132680118000067/fb-09302018x10q.htm"
  },
  {
    "date": "2018-06-30",
    "symbol": "META",
    "reportedCurrency": "USD",
    "cik": "0001326801",
    "fillingDate": "2018-07-26",
    "acceptedDate": "2018-07-26 16:25:03",
    "calendarYear": "2018",
    "period": "Q2",
    "revenue": 13231000000,
    "costOfRevenue": 2214000000,
    "grossProfit": 11017000000,
    "grossProfitRatio": 0.8326657093,
    "researchAndDevelopmentExpenses": 2523000000,
    "generalAndAdministrativeExpenses": 776000000,
    "sellingAndMarketingExpenses": 1855000000,
    "sellingGeneralAndAdministrativeExpenses": 2631000000,
    "otherExpenses": 0,
    "operatingExpenses": 5154000000,
    "costAndExpenses": 7368000000,
    "interestIncome": 143000000,
    "interestExpense": 0,
    "depreciationAndAmortization": 1034000000,
    "ebitda": 6897000000,
    "ebitdaratio": 0.5212757917,
    "operatingIncome": 5863000000,
    "operatingIncomeRatio": 0.443125992,
    "totalOtherIncomeExpensesNet": 5000000,
    "incomeBeforeTax": 5868000000,
    "incomeBeforeTaxRatio": 0.4435038924,
    "incomeTaxExpense": 762000000,
    "netIncome": 5106000000,
    "netIncomeRatio": 0.3859118736,
    "eps": 1.76,
    "epsdiluted": 1.74,
    "weightedAverageShsOut": 2930000000,
    "weightedAverageShsOutDil": 2934483000,
    "link": "https://www.sec.gov/Archives/edgar/data/1326801/000132680118000057/0001326801-18-000057-index.htm",
    "finalLink": "https://www.sec.gov/Archives/edgar/data/1326801/000132680118000057/fb-06302018x10q.htm"
  },
  {
    "date": "2018-03-31",
    "symbol": "META",
    "reportedCurrency": "USD",
    "cik": "0001326801",
    "fillingDate": "2018-04-26",
    "acceptedDate": "2018-04-26 17:06:41",
    "calendarYear": "2018",
    "period": "Q1",
    "revenue": 11966000000,
    "costOfRevenue": 1927000000,
    "grossProfit": 10039000000,
    "grossProfitRatio": 0.8389603878,
    "researchAndDevelopmentExpenses": 2238000000,
    "generalAndAdministrativeExpenses": 757000000,
    "sellingAndMarketingExpenses": 1595000000,
    "sellingGeneralAndAdministrativeExpenses": 2352000000,
    "otherExpenses": 0,
    "operatingExpenses": 4590000000,
    "costAndExpenses": 6517000000,
    "interestIncome": 145000000,
    "interestExpense": 0,
    "depreciationAndAmortization": 949000000,
    "ebitda": 6398000000,
    "ebitdaratio": 0.5346815979,
    "operatingIncome": 5449000000,
    "operatingIncomeRatio": 0.4553735584,
    "totalOtherIncomeExpensesNet": 161000000,
    "incomeBeforeTax": 5610000000,
    "incomeBeforeTaxRatio": 0.468828347,
    "incomeTaxExpense": 622000000,
    "netIncome": 4988000000,
    "netIncomeRatio": 0.4168477352,
    "eps": 1.72,
    "epsdiluted": 1.69,
    "weightedAverageShsOut": 2944409872,
    "weightedAverageShsOutDil": 2945000000,
    "link": "https://www.sec.gov/Archives/edgar/data/1326801/000132680118000032/0001326801-18-000032-index.htm",
    "finalLink": "https://www.sec.gov/Archives/edgar/data/1326801/000132680118000032/fb-03312018x10q.htm"
  },
  {
    "date": "2017-12-31",
    "symbol": "META",
    "reportedCurrency": "USD",
    "cik": "0001326801",
    "fillingDate": "2018-02-01",
    "acceptedDate": "2018-02-01 16:58:26",
    "calendarYear": "2017",
    "period": "Q4",
    "revenue": 12972000000,
    "costOfRevenue": 1611000000,
    "grossProfit": 11361000000,
    "grossProfitRatio": 0.8758094357,
    "researchAndDevelopmentExpenses": 1949000000,
    "generalAndAdministrativeExpenses": 686000000,
    "sellingAndMarketingExpenses": 1374000000,
    "sellingGeneralAndAdministrativeExpenses": 2060000000,
    "otherExpenses": 0,
    "operatingExpenses": 4009000000,
    "costAndExpenses": 5620000000,
    "interestIncome": 132000000,
    "interestExpense": 0,
    "depreciationAndAmortization": 853000000,
    "ebitda": 8602000000,
    "ebitdaratio": 0.6631205674,
    "operatingIncome": 7352000000,
    "operatingIncomeRatio": 0.5667591736,
    "totalOtherIncomeExpensesNet": 110000000,
    "incomeBeforeTax": 7462000000,
    "incomeBeforeTaxRatio": 0.5752389763,
    "incomeTaxExpense": 3193000000,
    "netIncome": 4268000000,
    "netIncomeRatio": 0.3290163429,
    "eps": 1.47,
    "epsdiluted": 1.44,
    "weightedAverageShsOut": 2953308251,
    "weightedAverageShsOutDil": 2954000000,
    "link": "https://www.sec.gov/Archives/edgar/data/1326801/000132680118000009/0001326801-18-000009-index.htm",
    "finalLink": "https://www.sec.gov/Archives/edgar/data/1326801/000132680118000009/fb-12312017x10k.htm"
  },
  {
    "date": "2017-09-30",
    "symbol": "META",
    "reportedCurrency": "USD",
    "cik": "0001326801",
    "fillingDate": "2017-11-02",
    "acceptedDate": "2017-11-02 16:37:43",
    "calendarYear": "2017",
    "period": "Q3",
    "revenue": 10328000000,
    "costOfRevenue": 1448000000,
    "grossProfit": 8880000000,
    "grossProfitRatio": 0.8597986057,
    "researchAndDevelopmentExpenses": 2052000000,
    "generalAndAdministrativeExpenses": 536000000,
    "sellingAndMarketingExpenses": 1170000000,
    "sellingGeneralAndAdministrativeExpenses": 1706000000,
    "otherExpenses": 0,
    "operatingExpenses": 3758000000,
    "costAndExpenses": 5206000000,
    "interestIncome": 108000000,
    "interestExpense": 0,
    "depreciationAndAmortization": 773000000,
    "ebitda": 5894000000,
    "ebitdaratio": 0.5706816421,
    "operatingIncome": 5122000000,
    "operatingIncomeRatio": 0.495933385,
    "totalOtherIncomeExpensesNet": 114000000,
    "incomeBeforeTax": 5236000000,
    "incomeBeforeTaxRatio": 0.50697134,
    "incomeTaxExpense": 529000000,
    "netIncome": 4704000000,
    "netIncomeRatio": 0.455460883,
    "eps": 1.62,
    "epsdiluted": 1.59,
    "weightedAverageShsOut": 2954116986,
    "weightedAverageShsOutDil": 2956000000,
    "link": "https://www.sec.gov/Archives/edgar/data/1326801/000132680117000053/0001326801-17-000053-index.htm",
    "finalLink": "https://www.sec.gov/Archives/edgar/data/1326801/000132680117000053/fb-09302017x10q.htm"
  },
  {
    "date": "2017-06-30",
    "symbol": "META",
    "reportedCurrency": "USD",
    "cik": "0001326801",
    "fillingDate": "2017-07-27",
    "acceptedDate": "2017-07-27 16:25:55",
    "calendarYear": "2017",
    "period": "Q2",
    "revenue": 9321000000,
    "costOfRevenue": 1237000000,
    "grossProfit": 8084000000,
    "grossProfitRatio": 0.8672889175,
    "researchAndDevelopmentExpenses": 1919000000,
    "generalAndAdministrativeExpenses": 640000000,
    "sellingAndMarketingExpenses": 1124000000,
    "sellingGeneralAndAdministrativeExpenses": 1764000000,
    "otherExpenses": 0,
    "operatingExpenses": 3683000000,
    "costAndExpenses": 4920000000,
    "interestIncome": 91000000,
    "interestExpense": 0,
    "depreciationAndAmortization": 728000000,
    "ebitda": 5130000000,
    "ebitdaratio": 0.550370132,
    "operatingIncome": 4401000000,
    "operatingIncomeRatio": 0.4721596395,
    "totalOtherIncomeExpensesNet": 87000000,
    "incomeBeforeTax": 4488000000,
    "incomeBeforeTaxRatio": 0.481493402,
    "incomeTaxExpense": 594000000,
    "netIncome": 3890000000,
    "netIncomeRatio": 0.4173371956,
    "eps": 1.34,
    "epsdiluted": 1.32,
    "weightedAverageShsOut": 2947970220,
    "weightedAverageShsOutDil": 2951000000,
    "link": "https://www.sec.gov/Archives/edgar/data/1326801/000132680117000038/0001326801-17-000038-index.htm",
    "finalLink": "https://www.sec.gov/Archives/edgar/data/1326801/000132680117000038/fb-06302017x10q.htm"
  },
  {
    "date": "2017-03-31",
    "symbol": "META",
    "reportedCurrency": "USD",
    "cik": "0001326801",
    "fillingDate": "2017-05-04",
    "acceptedDate": "2017-05-04 16:20:47",
    "calendarYear": "2017",
    "period": "Q1",
    "revenue": 8032000000,
    "costOfRevenue": 1159000000,
    "grossProfit": 6873000000,
    "grossProfitRatio": 0.8557021912,
    "researchAndDevelopmentExpenses": 1834000000,
    "generalAndAdministrativeExpenses": 655000000,
    "sellingAndMarketingExpenses": 1057000000,
    "sellingGeneralAndAdministrativeExpenses": 1712000000,
    "otherExpenses": 0,
    "operatingExpenses": 3546000000,
    "costAndExpenses": 4705000000,
    "interestIncome": 67000000,
    "interestExpense": 0,
    "depreciationAndAmortization": 671000000,
    "ebitda": 3998000000,
    "ebitdaratio": 0.4977589641,
    "operatingIncome": 3327000000,
    "operatingIncomeRatio": 0.4142181275,
    "totalOtherIncomeExpensesNet": 81000000,
    "incomeBeforeTax": 3408000000,
    "incomeBeforeTaxRatio": 0.4243027888,
    "incomeTaxExpense": 344000000,
    "netIncome": 3059000000,
    "netIncomeRatio": 0.3808515936,
    "eps": 1.06,
    "epsdiluted": 1.04,
    "weightedAverageShsOut": 2939198278,
    "weightedAverageShsOutDil": 2944000000,
    "link": "https://www.sec.gov/Archives/edgar/data/1326801/000132680117000024/0001326801-17-000024-index.htm",
    "finalLink": "https://www.sec.gov/Archives/edgar/data/1326801/000132680117000024/fb-03312017x10q.htm"
  },
  {
    "date": "2016-12-31",
    "symbol": "META",
    "reportedCurrency": "USD",
    "cik": "0001326801",
    "fillingDate": "2017-02-03",
    "acceptedDate": "2017-02-02 21:13:52",
    "calendarYear": "2016",
    "period": "Q4",
    "revenue": 8809000000,
    "costOfRevenue": 1047000000,
    "grossProfit": 7762000000,
    "grossProfitRatio": 0.8811442843,
    "researchAndDevelopmentExpenses": 1563000000,
    "generalAndAdministrativeExpenses": 515000000,
    "sellingAndMarketingExpenses": 1118000000,
    "sellingGeneralAndAdministrativeExpenses": 1633000000,
    "otherExpenses": 0,
    "operatingExpenses": 3196000000,
    "costAndExpenses": 4243000000,
    "interestIncome": 66000000,
    "interestExpense": 0,
    "depreciationAndAmortization": 614000000,
    "ebitda": 5180000000,
    "ebitdaratio": 0.5880349642,
    "operatingIncome": 4567000000,
    "operatingIncomeRatio": 0.5184470428,
    "totalOtherIncomeExpensesNet": -34000000,
    "incomeBeforeTax": 4533000000,
    "incomeBeforeTaxRatio": 0.5145873538,
    "incomeTaxExpense": 964000000,
    "netIncome": 3560000000,
    "netIncomeRatio": 0.4041321376,
    "eps": 1.24,
    "epsdiluted": 1.21,
    "weightedAverageShsOut": 2930593502,
    "weightedAverageShsOutDil": 2938000000,
    "link": "https://www.sec.gov/Archives/edgar/data/1326801/000132680117000007/0001326801-17-000007-index.htm",
    "finalLink": "https://www.sec.gov/Archives/edgar/data/1326801/000132680117000007/fb-12312016x10k.htm"
  },
  {
    "date": "2016-09-30",
    "symbol": "META",
    "reportedCurrency": "USD",
    "cik": "0001326801",
    "fillingDate": "2016-11-03",
    "acceptedDate": "2016-11-03 16:05:28",
    "calendarYear": "2016",
    "period": "Q3",
    "revenue": 7011000000,
    "costOfRevenue": 987000000,
    "grossProfit": 6024000000,
    "grossProfitRatio": 0.8592212238,
    "researchAndDevelopmentExpenses": 1539000000,
    "generalAndAdministrativeExpenses": 438000000,
    "sellingAndMarketingExpenses": 925000000,
    "sellingGeneralAndAdministrativeExpenses": 1363000000,
    "otherExpenses": 0,
    "operatingExpenses": 2902000000,
    "costAndExpenses": 3889000000,
    "interestIncome": 50000000,
    "interestExpense": 0,
    "depreciationAndAmortization": 591000000,
    "ebitda": 3708000000,
    "ebitdaratio": 0.5288831836,
    "operatingIncome": 3117000000,
    "operatingIncomeRatio": 0.4445870774,
    "totalOtherIncomeExpensesNet": 47000000,
    "incomeBeforeTax": 3164000000,
    "incomeBeforeTaxRatio": 0.4512908287,
    "incomeTaxExpense": 537000000,
    "netIncome": 2620000000,
    "netIncomeRatio": 0.3736984738,
    "eps": 0.91,
    "epsdiluted": 0.9,
    "weightedAverageShsOut": 2923190383,
    "weightedAverageShsOutDil": 2931000000,
    "link": "https://www.sec.gov/Archives/edgar/data/1326801/000132680116000087/0001326801-16-000087-index.htm",
    "finalLink": "https://www.sec.gov/Archives/edgar/data/1326801/000132680116000087/fb-9302016x10q.htm"
  },
  {
    "date": "2016-06-30",
    "symbol": "META",
    "reportedCurrency": "USD",
    "cik": "0001326801",
    "fillingDate": "2016-07-28",
    "acceptedDate": "2016-07-28 16:19:58",
    "calendarYear": "2016",
    "period": "Q2",
    "revenue": 6436000000,
    "costOfRevenue": 916000000,
    "grossProfit": 5520000000,
    "grossProfitRatio": 0.8576755749,
    "researchAndDevelopmentExpenses": 1463000000,
    "generalAndAdministrativeExpenses": 412000000,
    "sellingAndMarketingExpenses": 899000000,
    "sellingGeneralAndAdministrativeExpenses": 1311000000,
    "otherExpenses": 0,
    "operatingExpenses": 2774000000,
    "costAndExpenses": 3690000000,
    "interestIncome": 32000000,
    "interestExpense": 0,
    "depreciationAndAmortization": 585000000,
    "ebitda": 3319000000,
    "ebitdaratio": 0.515692977,
    "operatingIncome": 2734000000,
    "operatingIncomeRatio": 0.4247980112,
    "totalOtherIncomeExpensesNet": 20000000,
    "incomeBeforeTax": 2754000000,
    "incomeBeforeTaxRatio": 0.4279055314,
    "incomeTaxExpense": 471000000,
    "netIncome": 2276000000,
    "netIncomeRatio": 0.3536357986,
    "eps": 0.8,
    "epsdiluted": 0.78,
    "weightedAverageShsOut": 2912046224,
    "weightedAverageShsOutDil": 2921000000,
    "link": "https://www.sec.gov/Archives/edgar/data/1326801/000132680116000082/0001326801-16-000082-index.htm",
    "finalLink": "https://www.sec.gov/Archives/edgar/data/1326801/000132680116000082/fb-6302016x10q.htm"
  },
  {
    "date": "2016-03-31",
    "symbol": "META",
    "reportedCurrency": "USD",
    "cik": "0001326801",
    "fillingDate": "2016-04-28",
    "acceptedDate": "2016-04-28 16:15:04",
    "calendarYear": "2016",
    "period": "Q1",
    "revenue": 5382000000,
    "costOfRevenue": 838000000,
    "grossProfit": 4544000000,
    "grossProfitRatio": 0.8442958008,
    "researchAndDevelopmentExpenses": 1343000000,
    "generalAndAdministrativeExpenses": 366000000,
    "sellingAndMarketingExpenses": 826000000,
    "sellingGeneralAndAdministrativeExpenses": 1192000000,
    "otherExpenses": 0,
    "operatingExpenses": 2535000000,
    "costAndExpenses": 3373000000,
    "interestIncome": 27000000,
    "interestExpense": 0,
    "depreciationAndAmortization": 552000000,
    "ebitda": 2562000000,
    "ebitdaratio": 0.4760312152,
    "operatingIncome": 2010000000,
    "operatingIncomeRatio": 0.3734671126,
    "totalOtherIncomeExpensesNet": 56000000,
    "incomeBeforeTax": 2066000000,
    "incomeBeforeTaxRatio": 0.3838721665,
    "incomeTaxExpense": 328000000,
    "netIncome": 1732000000,
    "netIncomeRatio": 0.3218134522,
    "eps": 0.61,
    "epsdiluted": 0.6,
    "weightedAverageShsOut": 2894975245,
    "weightedAverageShsOutDil": 2905000000,
    "link": "https://www.sec.gov/Archives/edgar/data/1326801/000132680116000067/0001326801-16-000067-index.htm",
    "finalLink": "https://www.sec.gov/Archives/edgar/data/1326801/000132680116000067/fb-3312016x10q.htm"
  },
  {
    "date": "2015-12-31",
    "symbol": "META",
    "reportedCurrency": "USD",
    "cik": "0001326801",
    "fillingDate": "2016-01-28",
    "acceptedDate": "2016-01-28 16:17:07",
    "calendarYear": "2015",
    "period": "Q4",
    "revenue": 5841000000,
    "costOfRevenue": 824000000,
    "grossProfit": 5017000000,
    "grossProfitRatio": 0.8589282657,
    "researchAndDevelopmentExpenses": 1314000000,
    "generalAndAdministrativeExpenses": 371000000,
    "sellingAndMarketingExpenses": 772000000,
    "sellingGeneralAndAdministrativeExpenses": 1143000000,
    "otherExpenses": 0,
    "operatingExpenses": 2457000000,
    "costAndExpenses": 3281000000,
    "interestIncome": 37000000,
    "interestExpense": 0,
    "depreciationAndAmortization": 543000000,
    "ebitda": 3103000000,
    "ebitdaratio": 0.5312446499,
    "operatingIncome": 2560000000,
    "operatingIncomeRatio": 0.4382811162,
    "totalOtherIncomeExpensesNet": -3000000,
    "incomeBeforeTax": 2557000000,
    "incomeBeforeTaxRatio": 0.4377675056,
    "incomeTaxExpense": 996000000,
    "netIncome": 1554000000,
    "netIncomeRatio": 0.2660503338,
    "eps": 0.55,
    "epsdiluted": 0.54,
    "weightedAverageShsOut": 2865097070,
    "weightedAverageShsOutDil": 2878000000,
    "link": "https://www.sec.gov/Archives/edgar/data/1326801/000132680116000043/0001326801-16-000043-index.htm",
    "finalLink": "https://www.sec.gov/Archives/edgar/data/1326801/000132680116000043/fb-12312015x10k.htm"
  },
  {
    "date": "2015-09-30",
    "symbol": "META",
    "reportedCurrency": "USD",
    "cik": "0001326801",
    "fillingDate": "2015-11-05",
    "acceptedDate": "2015-11-05 16:47:45",
    "calendarYear": "2015",
    "period": "Q3",
    "revenue": 4501000000,
    "costOfRevenue": 720000000,
    "grossProfit": 3781000000,
    "grossProfitRatio": 0.8400355477,
    "researchAndDevelopmentExpenses": 1271000000,
    "generalAndAdministrativeExpenses": 345000000,
    "sellingAndMarketingExpenses": 706000000,
    "sellingGeneralAndAdministrativeExpenses": 1051000000,
    "otherExpenses": 0,
    "operatingExpenses": 2322000000,
    "costAndExpenses": 3042000000,
    "interestIncome": 7000000,
    "interestExpense": 0,
    "depreciationAndAmortization": 486000000,
    "ebitda": 1945000000,
    "ebitdaratio": 0.4321261942,
    "operatingIncome": 1459000000,
    "operatingIncomeRatio": 0.3241501888,
    "totalOtherIncomeExpensesNet": -27000000,
    "incomeBeforeTax": 1432000000,
    "incomeBeforeTaxRatio": 0.3181515219,
    "incomeTaxExpense": 536000000,
    "netIncome": 896000000,
    "netIncomeRatio": 0.199066874,
    "eps": 0.32,
    "epsdiluted": 0.31,
    "weightedAverageShsOut": 2847027396,
    "weightedAverageShsOutDil": 2863000000,
    "link": "https://www.sec.gov/Archives/edgar/data/1326801/000132680115000032/0001326801-15-000032-index.htm",
    "finalLink": "https://www.sec.gov/Archives/edgar/data/1326801/000132680115000032/fb-9302015x10q.htm"
  },
  {
    "date": "2015-06-30",
    "symbol": "META",
    "reportedCurrency": "USD",
    "cik": "0001326801",
    "fillingDate": "2015-07-31",
    "acceptedDate": "2015-07-30 18:43:25",
    "calendarYear": "2015",
    "period": "Q2",
    "revenue": 4042000000,
    "costOfRevenue": 668000000,
    "grossProfit": 3374000000,
    "grossProfitRatio": 0.8347352796,
    "researchAndDevelopmentExpenses": 1170000000,
    "generalAndAdministrativeExpenses": 305000000,
    "sellingAndMarketingExpenses": 626000000,
    "sellingGeneralAndAdministrativeExpenses": 931000000,
    "otherExpenses": 0,
    "operatingExpenses": 2101000000,
    "costAndExpenses": 2769000000,
    "interestIncome": 5000000,
    "interestExpense": 0,
    "depreciationAndAmortization": 459000000,
    "ebitda": 1732000000,
    "ebitdaratio": 0.4285007422,
    "operatingIncome": 1273000000,
    "operatingIncomeRatio": 0.3149430975,
    "totalOtherIncomeExpensesNet": 0,
    "incomeBeforeTax": 1273000000,
    "incomeBeforeTaxRatio": 0.3149430975,
    "incomeTaxExpense": 554000000,
    "netIncome": 719000000,
    "netIncomeRatio": 0.1778822365,
    "eps": 0.26,
    "epsdiluted": 0.25,
    "weightedAverageShsOut": 2834152528,
    "weightedAverageShsOutDil": 2850000000,
    "link": "https://www.sec.gov/Archives/edgar/data/1326801/000132680115000028/0001326801-15-000028-index.htm",
    "finalLink": "https://www.sec.gov/Archives/edgar/data/1326801/000132680115000028/fb-6302015x10q.htm"
  },
  {
    "date": "2015-03-31",
    "symbol": "META",
    "reportedCurrency": "USD",
    "cik": "0001326801",
    "fillingDate": "2015-04-23",
    "acceptedDate": "2015-04-23 16:23:16",
    "calendarYear": "2015",
    "period": "Q1",
    "revenue": 3543000000,
    "costOfRevenue": 654000000,
    "grossProfit": 2889000000,
    "grossProfitRatio": 0.8154106689,
    "researchAndDevelopmentExpenses": 1062000000,
    "generalAndAdministrativeExpenses": 274000000,
    "sellingAndMarketingExpenses": 620000000,
    "sellingGeneralAndAdministrativeExpenses": 894000000,
    "otherExpenses": 0,
    "operatingExpenses": 1956000000,
    "costAndExpenses": 2610000000,
    "interestIncome": 2000000,
    "interestExpense": 0,
    "depreciationAndAmortization": 457000000,
    "ebitda": 1390000000,
    "ebitdaratio": 0.3923228902,
    "operatingIncome": 933000000,
    "operatingIncomeRatio": 0.2633361558,
    "totalOtherIncomeExpensesNet": -1000000,
    "incomeBeforeTax": 932000000,
    "incomeBeforeTaxRatio": 0.2630539091,
    "incomeTaxExpense": 420000000,
    "netIncome": 512000000,
    "netIncomeRatio": 0.144510302,
    "eps": 0.18,
    "epsdiluted": 0.18,
    "weightedAverageShsOut": 2819397900,
    "weightedAverageShsOutDil": 2836000000,
    "link": "https://www.sec.gov/Archives/edgar/data/1326801/000132680115000015/0001326801-15-000015-index.htm",
    "finalLink": "https://www.sec.gov/Archives/edgar/data/1326801/000132680115000015/fb-3312015x10q.htm"
  },
  {
    "date": "2014-12-31",
    "symbol": "META",
    "reportedCurrency": "USD",
    "cik": "0001326801",
    "fillingDate": "2015-01-29",
    "acceptedDate": "2015-01-29 16:35:58",
    "calendarYear": "2014",
    "period": "Q4",
    "revenue": 3851000000,
    "costOfRevenue": 653000000,
    "grossProfit": 3198000000,
    "grossProfitRatio": 0.8304336536,
    "researchAndDevelopmentExpenses": 1111000000,
    "generalAndAdministrativeExpenses": 330000000,
    "sellingAndMarketingExpenses": 624000000,
    "sellingGeneralAndAdministrativeExpenses": 954000000,
    "otherExpenses": 0,
    "operatingExpenses": 2065000000,
    "costAndExpenses": 2718000000,
    "interestIncome": 23000000,
    "interestExpense": 0,
    "depreciationAndAmortization": 433000000,
    "ebitda": 1505000000,
    "ebitdaratio": 0.3908075824,
    "operatingIncome": 1133000000,
    "operatingIncomeRatio": 0.2942092963,
    "totalOtherIncomeExpensesNet": -19000000,
    "incomeBeforeTax": 1114000000,
    "incomeBeforeTaxRatio": 0.2892755129,
    "incomeTaxExpense": 413000000,
    "netIncome": 701000000,
    "netIncomeRatio": 0.1820306414,
    "eps": 0.25,
    "epsdiluted": 0.25,
    "weightedAverageShsOut": 2795921810,
    "weightedAverageShsOutDil": 2816000000,
    "link": "https://www.sec.gov/Archives/edgar/data/1326801/000132680115000006/0001326801-15-000006-index.htm",
    "finalLink": "https://www.sec.gov/Archives/edgar/data/1326801/000132680115000006/fb-12312014x10k.htm"
  },
  {
    "date": "2014-09-30",
    "symbol": "META",
    "reportedCurrency": "USD",
    "cik": "0001326801",
    "fillingDate": "2014-10-30",
    "acceptedDate": "2014-10-30 06:02:31",
    "calendarYear": "2014",
    "period": "Q3",
    "revenue": 3203000000,
    "costOfRevenue": 565000000,
    "grossProfit": 2638000000,
    "grossProfitRatio": 0.8236028723,
    "researchAndDevelopmentExpenses": 608000000,
    "generalAndAdministrativeExpenses": 259000000,
    "sellingAndMarketingExpenses": 374000000,
    "sellingGeneralAndAdministrativeExpenses": 633000000,
    "otherExpenses": 0,
    "operatingExpenses": 1241000000,
    "costAndExpenses": 1806000000,
    "interestIncome": 4000000,
    "interestExpense": 0,
    "depreciationAndAmortization": 289000000,
    "ebitda": 1686000000,
    "ebitdaratio": 0.5263815173,
    "operatingIncome": 1397000000,
    "operatingIncomeRatio": 0.436153606,
    "totalOtherIncomeExpensesNet": -61000000,
    "incomeBeforeTax": 1336000000,
    "incomeBeforeTaxRatio": 0.4171089603,
    "incomeTaxExpense": 530000000,
    "netIncome": 802000000,
    "netIncomeRatio": 0.2503902591,
    "eps": 0.31,
    "epsdiluted": 0.3,
    "weightedAverageShsOut": 2630879704,
    "weightedAverageShsOutDil": 2644000000,
    "link": "https://www.sec.gov/Archives/edgar/data/1326801/000132680114000068/0001326801-14-000068-index.htm",
    "finalLink": "https://www.sec.gov/Archives/edgar/data/1326801/000132680114000068/fb-9302014x10q.htm"
  },
  {
    "date": "2014-06-30",
    "symbol": "META",
    "reportedCurrency": "USD",
    "cik": "0001326801",
    "fillingDate": "2014-07-24",
    "acceptedDate": "2014-07-24 16:25:39",
    "calendarYear": "2014",
    "period": "Q2",
    "revenue": 2910000000,
    "costOfRevenue": 473000000,
    "grossProfit": 2437000000,
    "grossProfitRatio": 0.8374570447,
    "researchAndDevelopmentExpenses": 492000000,
    "generalAndAdministrativeExpenses": 197000000,
    "sellingAndMarketingExpenses": 358000000,
    "sellingGeneralAndAdministrativeExpenses": 555000000,
    "otherExpenses": 0,
    "operatingExpenses": 1047000000,
    "costAndExpenses": 1520000000,
    "interestIncome": 0,
    "interestExpense": 4000000,
    "depreciationAndAmortization": 257000000,
    "ebitda": 1647000000,
    "ebitdaratio": 0.5659793814,
    "operatingIncome": 1390000000,
    "operatingIncomeRatio": 0.4776632302,
    "totalOtherIncomeExpensesNet": -4000000,
    "incomeBeforeTax": 1386000000,
    "incomeBeforeTaxRatio": 0.4762886598,
    "incomeTaxExpense": 595000000,
    "netIncome": 788000000,
    "netIncomeRatio": 0.270790378,
    "eps": 0.31,
    "epsdiluted": 0.3,
    "weightedAverageShsOut": 2605087855,
    "weightedAverageShsOutDil": 2615000000,
    "link": "https://www.sec.gov/Archives/edgar/data/1326801/000132680114000032/0001326801-14-000032-index.htm",
    "finalLink": "https://www.sec.gov/Archives/edgar/data/1326801/000132680114000032/fb-6302014x10q.htm"
  },
  {
    "date": "2014-03-31",
    "symbol": "META",
    "reportedCurrency": "USD",
    "cik": "0001326801",
    "fillingDate": "2014-04-25",
    "acceptedDate": "2014-04-25 16:02:52",
    "calendarYear": "2014",
    "period": "Q1",
    "revenue": 2502000000,
    "costOfRevenue": 462000000,
    "grossProfit": 2040000000,
    "grossProfitRatio": 0.8153477218,
    "researchAndDevelopmentExpenses": 455000000,
    "generalAndAdministrativeExpenses": 187000000,
    "sellingAndMarketingExpenses": 323000000,
    "sellingGeneralAndAdministrativeExpenses": 510000000,
    "otherExpenses": 0,
    "operatingExpenses": 965000000,
    "costAndExpenses": 1427000000,
    "interestIncome": 0,
    "interestExpense": 19000000,
    "depreciationAndAmortization": 264000000,
    "ebitda": 1339000000,
    "ebitdaratio": 0.5351718625,
    "operatingIncome": 1075000000,
    "operatingIncomeRatio": 0.429656275,
    "totalOtherIncomeExpensesNet": 0,
    "incomeBeforeTax": 1075000000,
    "incomeBeforeTaxRatio": 0.429656275,
    "incomeTaxExpense": 433000000,
    "netIncome": 639000000,
    "netIncomeRatio": 0.2553956835,
    "eps": 0.25,
    "epsdiluted": 0.25,
    "weightedAverageShsOut": 2596811489,
    "weightedAverageShsOutDil": 2609000000,
    "link": "https://www.sec.gov/Archives/edgar/data/1326801/000132680114000023/0001326801-14-000023-index.htm",
    "finalLink": "https://www.sec.gov/Archives/edgar/data/1326801/000132680114000023/fb-3312014x10q.htm"
  },
  {
    "date": "2013-12-31",
    "symbol": "META",
    "reportedCurrency": "USD",
    "cik": "0001326801",
    "fillingDate": "2014-01-31",
    "acceptedDate": "2014-01-31 16:10:34",
    "calendarYear": "2013",
    "period": "Q4",
    "revenue": 2585000000,
    "costOfRevenue": 491000000,
    "grossProfit": 2094000000,
    "grossProfitRatio": 0.8100580271,
    "researchAndDevelopmentExpenses": 408000000,
    "generalAndAdministrativeExpenses": 261000000,
    "sellingAndMarketingExpenses": 292000000,
    "sellingGeneralAndAdministrativeExpenses": 553000000,
    "otherExpenses": 0,
    "operatingExpenses": 961000000,
    "costAndExpenses": 1452000000,
    "interestIncome": 0,
    "interestExpense": 6000000,
    "depreciationAndAmortization": 274000000,
    "ebitda": 1415000000,
    "ebitdaratio": 0.5473887814,
    "operatingIncome": 1132000000,
    "operatingIncomeRatio": 0.4379110251,
    "totalOtherIncomeExpensesNet": -2000000,
    "incomeBeforeTax": 1130000000,
    "incomeBeforeTaxRatio": 0.4371373308,
    "incomeTaxExpense": 607000000,
    "netIncome": 523000000,
    "netIncomeRatio": 0.2023210832,
    "eps": 0.21,
    "epsdiluted": 0.2,
    "weightedAverageShsOut": 2543334507,
    "weightedAverageShsOutDil": 2558000000,
    "link": "https://www.sec.gov/Archives/edgar/data/1326801/000132680114000007/0001326801-14-000007-index.htm",
    "finalLink": "https://www.sec.gov/Archives/edgar/data/1326801/000132680114000007/fb-12312013x10k.htm"
  },
  {
    "date": "2013-09-30",
    "symbol": "META",
    "reportedCurrency": "USD",
    "cik": "0001326801",
    "fillingDate": "2013-11-01",
    "acceptedDate": "2013-10-31 18:07:03",
    "calendarYear": "2013",
    "period": "Q3",
    "revenue": 2016000000,
    "costOfRevenue": 507000000,
    "grossProfit": 1509000000,
    "grossProfitRatio": 0.7485119048,
    "researchAndDevelopmentExpenses": 369000000,
    "generalAndAdministrativeExpenses": 171000000,
    "sellingAndMarketingExpenses": 233000000,
    "sellingGeneralAndAdministrativeExpenses": 404000000,
    "otherExpenses": 0,
    "operatingExpenses": 773000000,
    "costAndExpenses": 1280000000,
    "interestIncome": 0,
    "interestExpense": 16000000,
    "depreciationAndAmortization": 274000000,
    "ebitda": 1026000000,
    "ebitdaratio": 0.5089285714,
    "operatingIncome": 736000000,
    "operatingIncomeRatio": 0.3650793651,
    "totalOtherIncomeExpensesNet": -10000000,
    "incomeBeforeTax": 726000000,
    "incomeBeforeTaxRatio": 0.3601190476,
    "incomeTaxExpense": 301000000,
    "netIncome": 425000000,
    "netIncomeRatio": 0.2108134921,
    "eps": 0.17,
    "epsdiluted": 0.17,
    "weightedAverageShsOut": 2510156617,
    "weightedAverageShsOutDil": 2528000000,
    "link": "https://www.sec.gov/Archives/edgar/data/1326801/000132680113000031/0001326801-13-000031-index.htm",
    "finalLink": "https://www.sec.gov/Archives/edgar/data/1326801/000132680113000031/fb-9302013x10q.htm"
  },
  {
    "date": "2013-06-30",
    "symbol": "META",
    "reportedCurrency": "USD",
    "cik": "0001326801",
    "fillingDate": "2013-07-25",
    "acceptedDate": "2013-07-25 16:42:31",
    "calendarYear": "2013",
    "period": "Q2",
    "revenue": 1813000000,
    "costOfRevenue": 465000000,
    "grossProfit": 1348000000,
    "grossProfitRatio": 0.7435190292,
    "researchAndDevelopmentExpenses": 344000000,
    "generalAndAdministrativeExpenses": 173000000,
    "sellingAndMarketingExpenses": 269000000,
    "sellingGeneralAndAdministrativeExpenses": 442000000,
    "otherExpenses": 0,
    "operatingExpenses": 786000000,
    "costAndExpenses": 1251000000,
    "interestIncome": 0,
    "interestExpense": 9000000,
    "depreciationAndAmortization": 230000000,
    "ebitda": 784000000,
    "ebitdaratio": 0.4324324324,
    "operatingIncome": 562000000,
    "operatingIncomeRatio": 0.3099834528,
    "totalOtherIncomeExpensesNet": -17000000,
    "incomeBeforeTax": 545000000,
    "incomeBeforeTaxRatio": 0.3006067292,
    "incomeTaxExpense": 212000000,
    "netIncome": 333000000,
    "netIncomeRatio": 0.1836734694,
    "eps": 0.14,
    "epsdiluted": 0.13,
    "weightedAverageShsOut": 2486982786,
    "weightedAverageShsOutDil": 2502000000,
    "link": "https://www.sec.gov/Archives/edgar/data/1326801/000132680113000019/0001326801-13-000019-index.htm",
    "finalLink": "https://www.sec.gov/Archives/edgar/data/1326801/000132680113000019/fb-6302013x10q.htm"
  },
  {
    "date": "2013-03-31",
    "symbol": "META",
    "reportedCurrency": "USD",
    "cik": "0001326801",
    "fillingDate": "2013-05-02",
    "acceptedDate": "2013-05-02 16:36:18",
    "calendarYear": "2013",
    "period": "Q1",
    "revenue": 1458000000,
    "costOfRevenue": 413000000,
    "grossProfit": 1045000000,
    "grossProfitRatio": 0.7167352538,
    "researchAndDevelopmentExpenses": 293000000,
    "generalAndAdministrativeExpenses": 176000000,
    "sellingAndMarketingExpenses": 203000000,
    "sellingGeneralAndAdministrativeExpenses": 379000000,
    "otherExpenses": 0,
    "operatingExpenses": 672000000,
    "costAndExpenses": 1085000000,
    "interestIncome": 0,
    "interestExpense": 10000000,
    "depreciationAndAmortization": 233000000,
    "ebitda": 596000000,
    "ebitdaratio": 0.4087791495,
    "operatingIncome": 373000000,
    "operatingIncomeRatio": 0.255829904,
    "totalOtherIncomeExpensesNet": -20000000,
    "incomeBeforeTax": 353000000,
    "incomeBeforeTaxRatio": 0.2421124829,
    "incomeTaxExpense": 134000000,
    "netIncome": 219000000,
    "netIncomeRatio": 0.1502057613,
    "eps": 0.09,
    "epsdiluted": 0.0876,
    "weightedAverageShsOut": 2476179608,
    "weightedAverageShsOutDil": 2499000000,
    "link": "https://www.sec.gov/Archives/edgar/data/1326801/000132680113000011/0001326801-13-000011-index.htm",
    "finalLink": "https://www.sec.gov/Archives/edgar/data/1326801/000132680113000011/fb-3312013x10q.htm"
  },
  {
    "date": "2012-12-31",
    "symbol": "META",
    "reportedCurrency": "USD",
    "cik": "0001326801",
    "fillingDate": "2013-02-01",
    "acceptedDate": "2013-02-01 16:43:01",
    "calendarYear": "2012",
    "period": "Q4",
    "revenue": 1585000000,
    "costOfRevenue": 398000000,
    "grossProfit": 1187000000,
    "grossProfitRatio": 0.7488958991,
    "researchAndDevelopmentExpenses": 297000000,
    "generalAndAdministrativeExpenses": 174000000,
    "sellingAndMarketingExpenses": 193000000,
    "sellingGeneralAndAdministrativeExpenses": 367000000,
    "otherExpenses": 0,
    "operatingExpenses": 664000000,
    "costAndExpenses": 1062000000,
    "interestIncome": 0,
    "interestExpense": 16000000,
    "depreciationAndAmortization": 224000000,
    "ebitda": 745000000,
    "ebitdaratio": 0.4700315457,
    "operatingIncome": 523000000,
    "operatingIncomeRatio": 0.3299684543,
    "totalOtherIncomeExpensesNet": -18000000,
    "incomeBeforeTax": 505000000,
    "incomeBeforeTaxRatio": 0.3186119874,
    "incomeTaxExpense": 441000000,
    "netIncome": 43000000,
    "netIncomeRatio": 0.0271293375,
    "eps": 0.0171,
    "epsdiluted": 0.0162,
    "weightedAverageShsOut": 2517000020,
    "weightedAverageShsOutDil": 2660726440,
    "link": "https://www.sec.gov/Archives/edgar/data/1326801/000132680113000003/0001326801-13-000003-index.htm",
    "finalLink": "https://www.sec.gov/Archives/edgar/data/1326801/000132680113000003/fb-12312012x10k.htm"
  },
  {
    "date": "2012-09-30",
    "symbol": "META",
    "reportedCurrency": "USD",
    "cik": "0001326801",
    "fillingDate": "2012-10-24",
    "acceptedDate": "2012-10-24 16:20:35",
    "calendarYear": "2012",
    "period": "Q3",
    "revenue": 1262000000,
    "costOfRevenue": 322000000,
    "grossProfit": 940000000,
    "grossProfitRatio": 0.7448494453,
    "researchAndDevelopmentExpenses": 244000000,
    "generalAndAdministrativeExpenses": 151000000,
    "sellingAndMarketingExpenses": 168000000,
    "sellingGeneralAndAdministrativeExpenses": 319000000,
    "otherExpenses": 0,
    "operatingExpenses": 563000000,
    "costAndExpenses": 885000000,
    "interestIncome": 0,
    "interestExpense": 11000000,
    "depreciationAndAmortization": 176000000,
    "ebitda": 559000000,
    "ebitdaratio": 0.4429477021,
    "operatingIncome": 377000000,
    "operatingIncomeRatio": 0.2987321712,
    "totalOtherIncomeExpensesNet": -5000000,
    "incomeBeforeTax": 372000000,
    "incomeBeforeTaxRatio": 0.294770206,
    "incomeTaxExpense": 431000000,
    "netIncome": -59000000,
    "netIncomeRatio": -0.0467511886,
    "eps": -0.0244,
    "epsdiluted": -0.0244,
    "weightedAverageShsOut": 2420000019,
    "weightedAverageShsOutDil": 2420000019,
    "link": "https://www.sec.gov/Archives/edgar/data/1326801/000132680112000006/0001326801-12-000006-index.htm",
    "finalLink": "https://www.sec.gov/Archives/edgar/data/1326801/000132680112000006/fb-9302012x10q.htm"
  },
  {
    "date": "2012-06-30",
    "symbol": "META",
    "reportedCurrency": "USD",
    "cik": "0001326801",
    "fillingDate": "2012-07-31",
    "acceptedDate": "2012-07-31 16:39:19",
    "calendarYear": "2012",
    "period": "Q2",
    "revenue": 1184000000,
    "costOfRevenue": 367000000,
    "grossProfit": 817000000,
    "grossProfitRatio": 0.6900337838,
    "researchAndDevelopmentExpenses": 705000000,
    "generalAndAdministrativeExpenses": 463000000,
    "sellingAndMarketingExpenses": 392000000,
    "sellingGeneralAndAdministrativeExpenses": 855000000,
    "otherExpenses": 0,
    "operatingExpenses": 1560000000,
    "costAndExpenses": 1927000000,
    "interestIncome": 0,
    "interestExpense": 10000000,
    "depreciationAndAmortization": 139000000,
    "ebitda": -616000000,
    "ebitdaratio": -0.5202702703,
    "operatingIncome": -743000000,
    "operatingIncomeRatio": -0.6275337838,
    "totalOtherIncomeExpensesNet": -22000000,
    "incomeBeforeTax": -765000000,
    "incomeBeforeTaxRatio": -0.6461148649,
    "incomeTaxExpense": -608000000,
    "netIncome": -157000000,
    "netIncomeRatio": -0.1326013514,
    "eps": -0.0836,
    "epsdiluted": -0.0836,
    "weightedAverageShsOut": 1879000015,
    "weightedAverageShsOutDil": 1879000015,
    "link": "https://www.sec.gov/Archives/edgar/data/1326801/000119312512325997/0001193125-12-325997-index.htm",
    "finalLink": "https://www.sec.gov/Archives/edgar/data/1326801/000119312512325997/d371464d10q.htm"
  },
  {
    "date": "2012-03-31",
    "symbol": "META",
    "reportedCurrency": "USD",
    "cik": "0001326801",
    "fillingDate": "2012-03-31",
    "acceptedDate": "2012-03-31 00:00:00",
    "calendarYear": "2012",
    "period": "Q1",
    "revenue": 1058000000,
    "costOfRevenue": 277000000,
    "grossProfit": 781000000,
    "grossProfitRatio": 0.7381852552,
    "researchAndDevelopmentExpenses": 153000000,
    "generalAndAdministrativeExpenses": 88000000,
    "sellingAndMarketingExpenses": 159000000,
    "sellingGeneralAndAdministrativeExpenses": 247000000,
    "otherExpenses": 0,
    "operatingExpenses": 400000000,
    "costAndExpenses": 677000000,
    "interestIncome": 0,
    "interestExpense": 13000000,
    "depreciationAndAmortization": 110000000,
    "ebitda": 505000000,
    "ebitdaratio": 0.47731569,
    "operatingIncome": 381000000,
    "operatingIncomeRatio": 0.3601134216,
    "totalOtherIncomeExpensesNet": 1000000,
    "incomeBeforeTax": 382000000,
    "incomeBeforeTaxRatio": 0.3610586011,
    "incomeTaxExpense": 177000000,
    "netIncome": 205000000,
    "netIncomeRatio": 0.1937618147,
    "eps": 0.098,
    "epsdiluted": 0.1,
    "weightedAverageShsOut": 2138085037,
    "weightedAverageShsOutDil": 2138085037,
    "link": null,
    "finalLink": null
  },
  {
    "date": "2011-12-31",
    "symbol": "META",
    "reportedCurrency": "USD",
    "cik": "0001326801",
    "fillingDate": "2011-12-31",
    "acceptedDate": "2011-12-31 00:00:00",
    "calendarYear": "2011",
    "period": "Q4",
    "revenue": 1131000000,
    "costOfRevenue": 247000000,
    "grossProfit": 884000000,
    "grossProfitRatio": 0.7816091954,
    "researchAndDevelopmentExpenses": 124000000,
    "generalAndAdministrativeExpenses": 58000000,
    "sellingAndMarketingExpenses": 155000000,
    "sellingGeneralAndAdministrativeExpenses": 213000000,
    "otherExpenses": 0,
    "operatingExpenses": 337000000,
    "costAndExpenses": 584000000,
    "interestIncome": 0,
    "interestExpense": 16000000,
    "depreciationAndAmortization": 103000000,
    "ebitda": 638000000,
    "ebitdaratio": 0.5641025641,
    "operatingIncome": 547000000,
    "operatingIncomeRatio": 0.483642794,
    "totalOtherIncomeExpensesNet": -28000000,
    "incomeBeforeTax": 519000000,
    "incomeBeforeTaxRatio": 0.4588859416,
    "incomeTaxExpense": 217000000,
    "netIncome": 302000000,
    "netIncomeRatio": 0.267020336,
    "eps": 0.0835,
    "epsdiluted": 0.0835,
    "weightedAverageShsOut": 2456000019,
    "weightedAverageShsOutDil": 2556000020,
    "link": null,
    "finalLink": null
  },
  {
    "date": "2011-09-30",
    "symbol": "META",
    "reportedCurrency": "USD",
    "cik": "0001326801",
    "fillingDate": "2011-09-30",
    "acceptedDate": "2011-09-30 00:00:00",
    "calendarYear": "2011",
    "period": "Q3",
    "revenue": 954000000,
    "costOfRevenue": 236000000,
    "grossProfit": 718000000,
    "grossProfitRatio": 0.7526205451,
    "researchAndDevelopmentExpenses": 108000000,
    "generalAndAdministrativeExpenses": 82000000,
    "sellingAndMarketingExpenses": 114000000,
    "sellingGeneralAndAdministrativeExpenses": 196000000,
    "otherExpenses": 0,
    "operatingExpenses": 304000000,
    "costAndExpenses": 540000000,
    "interestIncome": 0,
    "interestExpense": 10000000,
    "depreciationAndAmortization": 97000000,
    "ebitda": 486000000,
    "ebitdaratio": 0.5094339623,
    "operatingIncome": 414000000,
    "operatingIncomeRatio": 0.4339622642,
    "totalOtherIncomeExpensesNet": -35000000,
    "incomeBeforeTax": 379000000,
    "incomeBeforeTaxRatio": 0.3972746331,
    "incomeTaxExpense": 152000000,
    "netIncome": 227000000,
    "netIncomeRatio": 0.2379454927,
    "eps": 0.0611,
    "epsdiluted": 0.0587,
    "weightedAverageShsOut": 2456000019,
    "weightedAverageShsOutDil": 2556000020,
    "link": null,
    "finalLink": null
  },
  {
    "date": "2011-06-30",
    "symbol": "META",
    "reportedCurrency": "USD",
    "cik": "0001326801",
    "fillingDate": "2011-06-30",
    "acceptedDate": "2011-06-30 00:00:00",
    "calendarYear": "2011",
    "period": "Q2",
    "revenue": 895000000,
    "costOfRevenue": 210000000,
    "grossProfit": 685000000,
    "grossProfitRatio": 0.7653631285,
    "researchAndDevelopmentExpenses": 99000000,
    "generalAndAdministrativeExpenses": 83000000,
    "sellingAndMarketingExpenses": 96000000,
    "sellingGeneralAndAdministrativeExpenses": 179000000,
    "otherExpenses": 0,
    "operatingExpenses": 278000000,
    "costAndExpenses": 488000000,
    "interestIncome": 0,
    "interestExpense": 9000000,
    "depreciationAndAmortization": 72000000,
    "ebitda": 479000000,
    "ebitdaratio": 0.5351955307,
    "operatingIncome": 407000000,
    "operatingIncomeRatio": 0.4547486034,
    "totalOtherIncomeExpensesNet": -8000000,
    "incomeBeforeTax": 399000000,
    "incomeBeforeTaxRatio": 0.4458100559,
    "incomeTaxExpense": 159000000,
    "netIncome": 240000000,
    "netIncomeRatio": 0.2681564246,
    "eps": 0.0647,
    "epsdiluted": 0.0622,
    "weightedAverageShsOut": 2456000019,
    "weightedAverageShsOutDil": 2556000020,
    "link": null,
    "finalLink": null
  },
  {
    "date": "2011-03-31",
    "symbol": "META",
    "reportedCurrency": "USD",
    "cik": "0001326801",
    "fillingDate": "2011-03-31",
    "acceptedDate": "2011-03-31 00:00:00",
    "calendarYear": "2011",
    "period": "Q1",
    "revenue": 731000000,
    "costOfRevenue": 167000000,
    "grossProfit": 564000000,
    "grossProfitRatio": 0.7715458276,
    "researchAndDevelopmentExpenses": 57000000,
    "generalAndAdministrativeExpenses": 51000000,
    "sellingAndMarketingExpenses": 68000000,
    "sellingGeneralAndAdministrativeExpenses": 119000000,
    "otherExpenses": 0,
    "operatingExpenses": 176000000,
    "costAndExpenses": 343000000,
    "interestIncome": 0,
    "interestExpense": 7000000,
    "depreciationAndAmortization": 51000000,
    "ebitda": 456000000,
    "ebitdaratio": 0.6238030096,
    "operatingIncome": 388000000,
    "operatingIncomeRatio": 0.5307797538,
    "totalOtherIncomeExpensesNet": 10000000,
    "incomeBeforeTax": 398000000,
    "incomeBeforeTaxRatio": 0.5444596443,
    "incomeTaxExpense": 165000000,
    "netIncome": 233000000,
    "netIncomeRatio": 0.3187414501,
    "eps": 0.0623,
    "epsdiluted": 0.0599,
    "weightedAverageShsOut": 2456000019,
    "weightedAverageShsOutDil": 2556000020,
    "link": null,
    "finalLink": null
  }
]