[
  {
    "date": "2025-06-30",
    "symbol": "MGM",
    "reportedCurrency": "USD",
    "cik": "0000789570",
    "fillingDate": "2025-07-30",
    "acceptedDate": "2025-07-30 16:19:02",
    "calendarYear": "2025",
    "period": "Q2",
    "revenue": 4404870000,
    "costOfRevenue": 2445429000,
    "grossProfit": 1959441000,
    "grossProfitRatio": 0.4448351484,
    "researchAndDevelopmentExpenses": 0,
    "generalAndAdministrativeExpenses": 1213691000,
    "sellingAndMarketingExpenses": 0,
    "sellingGeneralAndAdministrativeExpenses": 1213691000,
    "otherExpenses": 341185000,
    "operatingExpenses": 1554876000,
    "costAndExpenses": 4000305000,
    "interestIncome": 0,
    "interestExpense": 105584000,
    "depreciationAndAmortization": 241975000,
    "ebitda": 481315000,
    "ebitdaratio": 0.109268832,
    "operatingIncome": 404565000,
    "operatingIncomeRatio": 0.0918449353,
    "totalOtherIncomeExpensesNet": -270809000,
    "incomeBeforeTax": 133756000,
    "incomeBeforeTaxRatio": 0.0303654818,
    "incomeTaxExpense": 15662000,
    "netIncome": 48951000,
    "netIncomeRatio": 0.0111129273,
    "eps": 0.18,
    "epsdiluted": 0.18,
    "weightedAverageShsOut": 273329000,
    "weightedAverageShsOutDil": 275615000,
    "link": "https://www.sec.gov/Archives/edgar/data/789570/000078957025000033/0000789570-25-000033-index.htm",
    "finalLink": "https://www.sec.gov/Archives/edgar/data/789570/000078957025000033/mgm-20250630.htm"
  },
  {
    "date": "2025-03-31",
    "symbol": "MGM",
    "reportedCurrency": "USD",
    "cik": "0000789570",
    "fillingDate": "2025-04-30",
    "acceptedDate": "2025-04-30 16:19:26",
    "calendarYear": "2025",
    "period": "Q1",
    "revenue": 4277082000,
    "costOfRevenue": 2319883000,
    "grossProfit": 1957199000,
    "grossProfitRatio": 0.4576014675,
    "researchAndDevelopmentExpenses": 0,
    "generalAndAdministrativeExpenses": 1164898000,
    "sellingAndMarketingExpenses": 0,
    "sellingGeneralAndAdministrativeExpenses": 1164898000,
    "otherExpenses": 407244000,
    "operatingExpenses": 1572142000,
    "costAndExpenses": 3892025000,
    "interestIncome": 0,
    "interestExpense": 107269000,
    "depreciationAndAmortization": 236444000,
    "ebitda": 610497000,
    "ebitdaratio": 0.1427368005,
    "operatingIncome": 385057000,
    "operatingIncomeRatio": 0.0900279677,
    "totalOtherIncomeExpensesNet": -118273000,
    "incomeBeforeTax": 266784000,
    "incomeBeforeTaxRatio": 0.0623752362,
    "incomeTaxExpense": 40053000,
    "netIncome": 148554000,
    "netIncomeRatio": 0.0347325583,
    "eps": 0.52,
    "epsdiluted": 0.51,
    "weightedAverageShsOut": 287125000,
    "weightedAverageShsOutDil": 289096000,
    "link": "https://www.sec.gov/Archives/edgar/data/789570/000078957025000021/0000789570-25-000021-index.htm",
    "finalLink": "https://www.sec.gov/Archives/edgar/data/789570/000078957025000021/mgm-20250331.htm"
  },
  {
    "date": "2024-12-31",
    "symbol": "MGM",
    "reportedCurrency": "USD",
    "cik": "0000789570",
    "fillingDate": "2025-02-18",
    "acceptedDate": "2025-02-18 16:14:47",
    "calendarYear": "2024",
    "period": "Q4",
    "revenue": 4346562000,
    "costOfRevenue": 2394392000,
    "grossProfit": 1952170000,
    "grossProfitRatio": 0.44912968,
    "researchAndDevelopmentExpenses": 0,
    "generalAndAdministrativeExpenses": 1242937000,
    "sellingAndMarketingExpenses": 0,
    "sellingGeneralAndAdministrativeExpenses": 1242937000,
    "otherExpenses": 417668000,
    "operatingExpenses": 1660605000,
    "costAndExpenses": 4054997000,
    "interestIncome": 0,
    "interestExpense": 108581000,
    "depreciationAndAmortization": 209229000,
    "ebitda": 523494000,
    "ebitdaratio": 0.1204386363,
    "operatingIncome": 291565000,
    "operatingIncomeRatio": 0.0670794527,
    "totalOtherIncomeExpensesNet": -85881000,
    "incomeBeforeTax": 205684000,
    "incomeBeforeTaxRatio": 0.0473210781,
    "incomeTaxExpense": -32232000,
    "netIncome": 157432000,
    "netIncomeRatio": 0.0362198906,
    "eps": 0.52,
    "epsdiluted": 0.52,
    "weightedAverageShsOut": 297642000,
    "weightedAverageShsOutDil": 299447000,
    "link": "https://www.sec.gov/Archives/edgar/data/789570/000078957025000008/0000789570-25-000008-index.htm",
    "finalLink": "https://www.sec.gov/Archives/edgar/data/789570/000078957025000008/mgm-20241231.htm"
  },
  {
    "date": "2024-09-30",
    "symbol": "MGM",
    "reportedCurrency": "USD",
    "cik": "0000789570",
    "fillingDate": "2024-10-30",
    "acceptedDate": "2024-10-30 16:19:02",
    "calendarYear": "2024",
    "period": "Q3",
    "revenue": 4183138000,
    "costOfRevenue": 2315159000,
    "grossProfit": 1867979000,
    "grossProfitRatio": 0.4465496955,
    "researchAndDevelopmentExpenses": 0,
    "generalAndAdministrativeExpenses": 1176726000,
    "sellingAndMarketingExpenses": 0,
    "sellingGeneralAndAdministrativeExpenses": 1176726000,
    "otherExpenses": 376396000,
    "operatingExpenses": 1553122000,
    "costAndExpenses": 3850777000,
    "interestIncome": 0,
    "interestExpense": 111873000,
    "depreciationAndAmortization": 233330000,
    "ebitda": 641937000,
    "ebitdaratio": 0.1534582412,
    "operatingIncome": 314857000,
    "operatingIncomeRatio": 0.075268136,
    "totalOtherIncomeExpensesNet": -18123000,
    "incomeBeforeTax": 296734000,
    "incomeBeforeTaxRatio": 0.0709357425,
    "incomeTaxExpense": 52570000,
    "netIncome": 184578000,
    "netIncomeRatio": 0.0441242914,
    "eps": 0.61,
    "epsdiluted": 0.61,
    "weightedAverageShsOut": 300499000,
    "weightedAverageShsOutDil": 303479000,
    "link": "https://www.sec.gov/Archives/edgar/data/789570/000078957024000029/0000789570-24-000029-index.htm",
    "finalLink": "https://www.sec.gov/Archives/edgar/data/789570/000078957024000029/mgm-20240930.htm"
  },
  {
    "date": "2024-06-30",
    "symbol": "MGM",
    "reportedCurrency": "USD",
    "cik": "0000789570",
    "fillingDate": "2024-07-31",
    "acceptedDate": "2024-07-31 16:19:04",
    "calendarYear": "2024",
    "period": "Q2",
    "revenue": 4327375000,
    "costOfRevenue": 2515157000,
    "grossProfit": 1812218000,
    "grossProfitRatio": 0.4187799763,
    "researchAndDevelopmentExpenses": 0,
    "generalAndAdministrativeExpenses": 1210968000,
    "sellingAndMarketingExpenses": 124933000,
    "sellingGeneralAndAdministrativeExpenses": 1335901000,
    "otherExpenses": 0,
    "operatingExpenses": 1335901000,
    "costAndExpenses": 3851058000,
    "interestIncome": 0,
    "interestExpense": 112739000,
    "depreciationAndAmortization": 191976000,
    "ebitda": 668293000,
    "ebitdaratio": 0.154433808,
    "operatingIncome": 476317000,
    "operatingIncomeRatio": 0.1100706548,
    "totalOtherIncomeExpensesNet": -154408000,
    "incomeBeforeTax": 271248000,
    "incomeBeforeTaxRatio": 0.0626818799,
    "incomeTaxExpense": -11554000,
    "netIncome": 187072000,
    "netIncomeRatio": 0.0432299027,
    "eps": 0.6,
    "epsdiluted": 0.6,
    "weightedAverageShsOut": 311179000,
    "weightedAverageShsOutDil": 314420000,
    "link": "https://www.sec.gov/Archives/edgar/data/789570/000078957024000022/0000789570-24-000022-index.htm",
    "finalLink": "https://www.sec.gov/Archives/edgar/data/789570/000078957024000022/mgm-20240630.htm"
  },
  {
    "date": "2024-03-31",
    "symbol": "MGM",
    "reportedCurrency": "USD",
    "cik": "0000789570",
    "fillingDate": "2024-05-01",
    "acceptedDate": "2024-05-01 16:18:44",
    "calendarYear": "2024",
    "period": "Q1",
    "revenue": 4383470000,
    "costOfRevenue": 2557371000,
    "grossProfit": 1826099000,
    "grossProfitRatio": 0.4165875437,
    "researchAndDevelopmentExpenses": 1095000,
    "generalAndAdministrativeExpenses": 749405000,
    "sellingAndMarketingExpenses": 576038000,
    "sellingGeneralAndAdministrativeExpenses": 1325443000,
    "otherExpenses": -4806000,
    "operatingExpenses": 1325443000,
    "costAndExpenses": 3882814000,
    "interestIncome": 0,
    "interestExpense": 110037000,
    "depreciationAndAmortization": 196562000,
    "ebitda": 697218000,
    "ebitdaratio": 0.1590561815,
    "operatingIncome": 500656000,
    "operatingIncomeRatio": 0.1142145378,
    "totalOtherIncomeExpensesNet": -157257000,
    "incomeBeforeTax": 343399000,
    "incomeBeforeTaxRatio": 0.0783395347,
    "incomeTaxExpense": 43673000,
    "netIncome": 217476000,
    "netIncomeRatio": 0.0496127497,
    "eps": 0.68,
    "epsdiluted": 0.67,
    "weightedAverageShsOut": 320488000,
    "weightedAverageShsOutDil": 323757000,
    "link": "https://www.sec.gov/Archives/edgar/data/789570/000078957024000014/0000789570-24-000014-index.htm",
    "finalLink": "https://www.sec.gov/Archives/edgar/data/789570/000078957024000014/mgm-20240331.htm"
  },
  {
    "date": "2023-12-31",
    "symbol": "MGM",
    "reportedCurrency": "USD",
    "cik": "0000789570",
    "fillingDate": "2024-02-23",
    "acceptedDate": "2024-02-23 08:28:47",
    "calendarYear": "2023",
    "period": "Q4",
    "revenue": 4375563000,
    "costOfRevenue": 2580672000,
    "grossProfit": 1794891000,
    "grossProfitRatio": 0.4102080121,
    "researchAndDevelopmentExpenses": 0,
    "generalAndAdministrativeExpenses": 1228429000,
    "sellingAndMarketingExpenses": 145973000,
    "sellingGeneralAndAdministrativeExpenses": 1374402000,
    "otherExpenses": 7470000,
    "operatingExpenses": 1374402000,
    "costAndExpenses": 3955074000,
    "interestIncome": 0,
    "interestExpense": 106878000,
    "depreciationAndAmortization": 205297000,
    "ebitda": 625786000,
    "ebitdaratio": 0.1430183956,
    "operatingIncome": 420489000,
    "operatingIncomeRatio": 0.0960994048,
    "totalOtherIncomeExpensesNet": -99253000,
    "incomeBeforeTax": 320091000,
    "incomeBeforeTaxRatio": 0.0731542432,
    "incomeTaxExpense": -59521000,
    "netIncome": 313460000,
    "netIncomeRatio": 0.0716387811,
    "eps": 0.93,
    "epsdiluted": 0.92,
    "weightedAverageShsOut": 337691000,
    "weightedAverageShsOutDil": 340151000,
    "link": "https://www.sec.gov/Archives/edgar/data/789570/000078957024000005/0000789570-24-000005-index.htm",
    "finalLink": "https://www.sec.gov/Archives/edgar/data/789570/000078957024000005/mgm-20231231.htm"
  },
  {
    "date": "2023-09-30",
    "symbol": "MGM",
    "reportedCurrency": "USD",
    "cik": "0000789570",
    "fillingDate": "2023-11-08",
    "acceptedDate": "2023-11-08 16:20:52",
    "calendarYear": "2023",
    "period": "Q3",
    "revenue": 3973183000,
    "costOfRevenue": 2097496000,
    "grossProfit": 1875687000,
    "grossProfitRatio": 0.4720867375,
    "researchAndDevelopmentExpenses": 0,
    "generalAndAdministrativeExpenses": 1192298000,
    "sellingAndMarketingExpenses": 0,
    "sellingGeneralAndAdministrativeExpenses": 1192298000,
    "otherExpenses": -34879000,
    "operatingExpenses": 1515963000,
    "costAndExpenses": 3613459000,
    "interestIncome": 0,
    "interestExpense": 111170000,
    "depreciationAndAmortization": 201827000,
    "ebitda": 561483000,
    "ebitdaratio": 0.1413181824,
    "operatingIncome": 369936000,
    "operatingIncomeRatio": 0.0931082208,
    "totalOtherIncomeExpensesNet": -145611000,
    "incomeBeforeTax": 224325000,
    "incomeBeforeTaxRatio": 0.0564597704,
    "incomeTaxExpense": 12440000,
    "netIncome": 161117000,
    "netIncomeRatio": 0.0405511148,
    "eps": 0.46,
    "epsdiluted": 0.46,
    "weightedAverageShsOut": 347345000,
    "weightedAverageShsOutDil": 351390000,
    "link": "https://www.sec.gov/Archives/edgar/data/789570/000078957023000024/0000789570-23-000024-index.htm",
    "finalLink": "https://www.sec.gov/Archives/edgar/data/789570/000078957023000024/mgm-20230930.htm"
  },
  {
    "date": "2023-06-30",
    "symbol": "MGM",
    "reportedCurrency": "USD",
    "cik": "0000789570",
    "fillingDate": "2023-08-02",
    "acceptedDate": "2023-08-02 16:19:36",
    "calendarYear": "2023",
    "period": "Q2",
    "revenue": 3942207000,
    "costOfRevenue": 2083896000,
    "grossProfit": 1858311000,
    "grossProfitRatio": 0.4713884887,
    "researchAndDevelopmentExpenses": 0,
    "generalAndAdministrativeExpenses": 1144390000,
    "sellingAndMarketingExpenses": 0,
    "sellingGeneralAndAdministrativeExpenses": 1144390000,
    "otherExpenses": 23693000,
    "operatingExpenses": 1465130000,
    "costAndExpenses": 3549026000,
    "interestIncome": 0,
    "interestExpense": 111945000,
    "depreciationAndAmortization": 332362000,
    "ebitda": 596684000,
    "ebitdaratio": 0.1513578561,
    "operatingIncome": 371378000,
    "operatingIncomeRatio": 0.0942056061,
    "totalOtherIncomeExpensesNet": -88693000,
    "incomeBeforeTax": 282685000,
    "incomeBeforeTaxRatio": 0.0717072949,
    "incomeTaxExpense": 39141000,
    "netIncome": 200796000,
    "netIncomeRatio": 0.0509349205,
    "eps": 0.56,
    "epsdiluted": 0.55,
    "weightedAverageShsOut": 361050000,
    "weightedAverageShsOutDil": 365339000,
    "link": "https://www.sec.gov/Archives/edgar/data/789570/000078957023000019/0000789570-23-000019-index.htm",
    "finalLink": "https://www.sec.gov/Archives/edgar/data/789570/000078957023000019/mgm-20230630.htm"
  },
  {
    "date": "2023-03-31",
    "symbol": "MGM",
    "reportedCurrency": "USD",
    "cik": "0000789570",
    "fillingDate": "2023-05-01",
    "acceptedDate": "2023-05-01 16:47:31",
    "calendarYear": "2023",
    "period": "Q1",
    "revenue": 3873296000,
    "costOfRevenue": 1996795000,
    "grossProfit": 1876501000,
    "grossProfitRatio": 0.484471365,
    "researchAndDevelopmentExpenses": 139000,
    "generalAndAdministrativeExpenses": 1135540000,
    "sellingAndMarketingExpenses": 0,
    "sellingGeneralAndAdministrativeExpenses": 1135540000,
    "otherExpenses": 331199000,
    "operatingExpenses": 1466739000,
    "costAndExpenses": 3463534000,
    "interestIncome": 0,
    "interestExpense": 130300000,
    "depreciationAndAmortization": 335724000,
    "ebitda": 613263000,
    "ebitdaratio": 0.1583310442,
    "operatingIncome": 379886000,
    "operatingIncomeRatio": 0.0980782259,
    "totalOtherIncomeExpensesNet": -85177000,
    "incomeBeforeTax": 645662000,
    "incomeBeforeTaxRatio": 0.1666957547,
    "incomeTaxExpense": 165779000,
    "netIncome": 466807000,
    "netIncomeRatio": 0.12051932,
    "eps": 1.25,
    "epsdiluted": 1.24,
    "weightedAverageShsOut": 374085000,
    "weightedAverageShsOutDil": 378095000,
    "link": "https://www.sec.gov/Archives/edgar/data/789570/000078957023000013/0000789570-23-000013-index.htm",
    "finalLink": "https://www.sec.gov/Archives/edgar/data/789570/000078957023000013/mgm-20230331.htm"
  },
  {
    "date": "2022-12-31",
    "symbol": "MGM",
    "reportedCurrency": "USD",
    "cik": "0000789570",
    "fillingDate": "2023-02-24",
    "acceptedDate": "2023-02-24 08:11:14",
    "calendarYear": "2022",
    "period": "Q4",
    "revenue": 3592216000,
    "costOfRevenue": 1852803000,
    "grossProfit": 1739413000,
    "grossProfitRatio": 0.4842172631,
    "researchAndDevelopmentExpenses": 0,
    "generalAndAdministrativeExpenses": 1104544000,
    "sellingAndMarketingExpenses": 235000000,
    "sellingGeneralAndAdministrativeExpenses": 1340048000,
    "otherExpenses": 1552640000,
    "operatingExpenses": 2761181000,
    "costAndExpenses": 4613984000,
    "interestIncome": 0,
    "interestExpense": 137132000,
    "depreciationAndAmortization": 1556196000,
    "ebitda": 1659251000,
    "ebitdaratio": 0.4619017899,
    "operatingIncome": -957142000,
    "operatingIncomeRatio": -0.2664488995,
    "totalOtherIncomeExpensesNet": -32181000,
    "incomeBeforeTax": -34077000,
    "incomeBeforeTaxRatio": -0.0094863449,
    "incomeTaxExpense": 285937000,
    "netIncome": 284002000,
    "netIncomeRatio": 0.0790603906,
    "eps": 0.69,
    "epsdiluted": 0.69,
    "weightedAverageShsOut": 384018000,
    "weightedAverageShsOutDil": 386932000,
    "link": "https://www.sec.gov/Archives/edgar/data/789570/000078957023000008/0000789570-23-000008-index.htm",
    "finalLink": "https://www.sec.gov/Archives/edgar/data/789570/000078957023000008/mgm-20221231.htm"
  },
  {
    "date": "2022-09-30",
    "symbol": "MGM",
    "reportedCurrency": "USD",
    "cik": "0000789570",
    "fillingDate": "2022-11-02",
    "acceptedDate": "2022-11-02 16:42:58",
    "calendarYear": "2022",
    "period": "Q3",
    "revenue": 3416072000,
    "costOfRevenue": 1720561000,
    "grossProfit": 1695511000,
    "grossProfitRatio": 0.4963335082,
    "researchAndDevelopmentExpenses": 0,
    "generalAndAdministrativeExpenses": 1329738000,
    "sellingAndMarketingExpenses": 0,
    "sellingGeneralAndAdministrativeExpenses": 1329738000,
    "otherExpenses": 1405916000,
    "operatingExpenses": 2735654000,
    "costAndExpenses": 4456215000,
    "interestIncome": 0,
    "interestExpense": 125172000,
    "depreciationAndAmortization": 1540542000,
    "ebitda": 365377000,
    "ebitdaratio": 0.1069582257,
    "operatingIncome": -1072921000,
    "operatingIncomeRatio": -0.3140803238,
    "totalOtherIncomeExpensesNet": -140483000,
    "incomeBeforeTax": -1186454000,
    "incomeBeforeTaxRatio": -0.3473152791,
    "incomeTaxExpense": -125367000,
    "netIncome": -1061087000,
    "netIncomeRatio": -0.3106161111,
    "eps": -2.71,
    "epsdiluted": -2.7,
    "weightedAverageShsOut": 392266896,
    "weightedAverageShsOutDil": 393295000,
    "link": "https://www.sec.gov/Archives/edgar/data/789570/000078957022000038/0000789570-22-000038-index.htm",
    "finalLink": "https://www.sec.gov/Archives/edgar/data/789570/000078957022000038/mgm-20220930.htm"
  },
  {
    "date": "2022-06-30",
    "symbol": "MGM",
    "reportedCurrency": "USD",
    "cik": "0000789570",
    "fillingDate": "2022-08-03",
    "acceptedDate": "2022-08-03 16:45:51",
    "calendarYear": "2022",
    "period": "Q2",
    "revenue": 3264888000,
    "costOfRevenue": 1609824000,
    "grossProfit": 1655064000,
    "grossProfitRatio": 0.5069282622,
    "researchAndDevelopmentExpenses": 0,
    "generalAndAdministrativeExpenses": 1028765000,
    "sellingAndMarketingExpenses": 0,
    "sellingGeneralAndAdministrativeExpenses": 1028765000,
    "otherExpenses": -43308000,
    "operatingExpenses": 1514630000,
    "costAndExpenses": 3124454000,
    "interestIncome": 0,
    "interestExpense": 136559000,
    "depreciationAndAmortization": 474159000,
    "ebitda": 506147000,
    "ebitdaratio": 0.15502737,
    "operatingIncome": 2381451000,
    "operatingIncomeRatio": 0.7294127701,
    "totalOtherIncomeExpensesNet": -185987000,
    "incomeBeforeTax": 2195464000,
    "incomeBeforeTaxRatio": 0.6724469568,
    "incomeTaxExpense": 572839000,
    "netIncome": 1771525000,
    "netIncomeRatio": 0.5425990111,
    "eps": 4.24,
    "epsdiluted": 4.2,
    "weightedAverageShsOut": 417393000,
    "weightedAverageShsOutDil": 421303000,
    "link": "https://www.sec.gov/Archives/edgar/data/789570/000078957022000027/0000789570-22-000027-index.htm",
    "finalLink": "https://www.sec.gov/Archives/edgar/data/789570/000078957022000027/mgm-20220630.htm"
  },
  {
    "date": "2022-03-31",
    "symbol": "MGM",
    "reportedCurrency": "USD",
    "cik": "0000789570",
    "fillingDate": "2022-05-02",
    "acceptedDate": "2022-05-02 16:45:11",
    "calendarYear": "2022",
    "period": "Q1",
    "revenue": 2854309000,
    "costOfRevenue": 1469795000,
    "grossProfit": 1384514000,
    "grossProfitRatio": 0.4850610078,
    "researchAndDevelopmentExpenses": 0,
    "generalAndAdministrativeExpenses": 888078000,
    "sellingAndMarketingExpenses": 0,
    "sellingGeneralAndAdministrativeExpenses": 888078000,
    "otherExpenses": 289072000,
    "operatingExpenses": 1177150000,
    "costAndExpenses": 2646945000,
    "interestIncome": 0,
    "interestExpense": 196091000,
    "depreciationAndAmortization": 348756000,
    "ebitda": 496002000,
    "ebitdaratio": 0.1737730568,
    "operatingIncome": 179695000,
    "operatingIncomeRatio": 0.0629556926,
    "totalOtherIncomeExpensesNet": -176922000,
    "incomeBeforeTax": -71134000,
    "incomeBeforeTaxRatio": -0.0249216185,
    "incomeTaxExpense": -36341000,
    "netIncome": -34793000,
    "netIncomeRatio": -0.0121896403,
    "eps": -0.0786,
    "epsdiluted": -0.0786,
    "weightedAverageShsOut": 442916000,
    "weightedAverageShsOutDil": 442916000,
    "link": "https://www.sec.gov/Archives/edgar/data/789570/000078957022000017/0000789570-22-000017-index.htm",
    "finalLink": "https://www.sec.gov/Archives/edgar/data/789570/000078957022000017/mgm-20220331.htm"
  },
  {
    "date": "2021-12-31",
    "symbol": "MGM",
    "reportedCurrency": "USD",
    "cik": "0000789570",
    "fillingDate": "2022-02-25",
    "acceptedDate": "2022-02-25 08:14:02",
    "calendarYear": "2021",
    "period": "Q4",
    "revenue": 3056892000,
    "costOfRevenue": 1564989000,
    "grossProfit": 1491903000,
    "grossProfitRatio": 0.4880457013,
    "researchAndDevelopmentExpenses": 0,
    "generalAndAdministrativeExpenses": 747348000,
    "sellingAndMarketingExpenses": 0,
    "sellingGeneralAndAdministrativeExpenses": 747348000,
    "otherExpenses": -4361000,
    "operatingExpenses": 1183587000,
    "costAndExpenses": 2748576000,
    "interestIncome": 0,
    "interestExpense": 201477000,
    "depreciationAndAmortization": 354362000,
    "ebitda": 605347000,
    "ebitdaratio": 0.1980269502,
    "operatingIncome": 368847000,
    "operatingIncomeRatio": 0.1206607888,
    "totalOtherIncomeExpensesNet": -221608000,
    "incomeBeforeTax": 147239000,
    "incomeBeforeTaxRatio": 0.0481662421,
    "incomeTaxExpense": 31152000,
    "netIncome": 106734000,
    "netIncomeRatio": 0.0349158557,
    "eps": 0.23,
    "epsdiluted": 0.23,
    "weightedAverageShsOut": 465360000,
    "weightedAverageShsOutDil": 470037000,
    "link": "https://www.sec.gov/Archives/edgar/data/789570/000078957022000005/0000789570-22-000005-index.htm",
    "finalLink": "https://www.sec.gov/Archives/edgar/data/789570/000078957022000005/mgm-20211231.htm"
  },
  {
    "date": "2021-09-30",
    "symbol": "MGM",
    "reportedCurrency": "USD",
    "cik": "0000789570",
    "fillingDate": "2021-11-03",
    "acceptedDate": "2021-11-03 16:46:09",
    "calendarYear": "2021",
    "period": "Q3",
    "revenue": 2707539000,
    "costOfRevenue": 1392181000,
    "grossProfit": 1315358000,
    "grossProfitRatio": 0.4858131314,
    "researchAndDevelopmentExpenses": 0,
    "generalAndAdministrativeExpenses": 735389000,
    "sellingAndMarketingExpenses": 0,
    "sellingGeneralAndAdministrativeExpenses": 735389000,
    "otherExpenses": -72662000,
    "operatingExpenses": 1016339000,
    "costAndExpenses": 2408520000,
    "interestIncome": 0,
    "interestExpense": 200049000,
    "depreciationAndAmortization": 322960000,
    "ebitda": 578422000,
    "ebitdaratio": 0.2136338572,
    "operatingIncome": 1892782000,
    "operatingIncomeRatio": 0.6990783882,
    "totalOtherIncomeExpensesNet": -272711000,
    "incomeBeforeTax": 1620071000,
    "incomeBeforeTaxRatio": 0.5983555546,
    "incomeTaxExpense": 282135000,
    "netIncome": 1342853000,
    "netIncomeRatio": 0.4959681098,
    "eps": 2.81,
    "epsdiluted": 2.77,
    "weightedAverageShsOut": 478405000,
    "weightedAverageShsOutDil": 484215000,
    "link": "https://www.sec.gov/Archives/edgar/data/789570/000078957021000010/0000789570-21-000010-index.htm",
    "finalLink": "https://www.sec.gov/Archives/edgar/data/789570/000078957021000010/mgm-20210930.htm"
  },
  {
    "date": "2021-06-30",
    "symbol": "MGM",
    "reportedCurrency": "USD",
    "cik": "0000789570",
    "fillingDate": "2021-08-06",
    "acceptedDate": "2021-08-06 09:01:31",
    "calendarYear": "2021",
    "period": "Q2",
    "revenue": 2267962000,
    "costOfRevenue": 1145652000,
    "grossProfit": 1122310000,
    "grossProfitRatio": 0.4948539702,
    "researchAndDevelopmentExpenses": 0,
    "generalAndAdministrativeExpenses": 590209000,
    "sellingAndMarketingExpenses": 0,
    "sellingGeneralAndAdministrativeExpenses": 590209000,
    "otherExpenses": 87358000,
    "operatingExpenses": 970794000,
    "costAndExpenses": 2116446000,
    "interestIncome": 0,
    "interestExpense": 202772000,
    "depreciationAndAmortization": 327187000,
    "ebitda": 435141000,
    "ebitdaratio": 0.1918643258,
    "operatingIncome": 263760000,
    "operatingIncomeRatio": 0.1162982449,
    "totalOtherIncomeExpensesNet": -138630000,
    "incomeBeforeTax": 125130000,
    "incomeBeforeTaxRatio": 0.0551728821,
    "incomeTaxExpense": 34826000,
    "netIncome": 104753000,
    "netIncomeRatio": 0.0461881636,
    "eps": 0.21,
    "epsdiluted": 0.21,
    "weightedAverageShsOut": 489459000,
    "weightedAverageShsOutDil": 495302000,
    "link": "https://www.sec.gov/Archives/edgar/data/789570/000156459021041935/0001564590-21-041935-index.htm",
    "finalLink": "https://www.sec.gov/Archives/edgar/data/789570/000156459021041935/mgm-10q_20210630.htm"
  },
  {
    "date": "2021-03-31",
    "symbol": "MGM",
    "reportedCurrency": "USD",
    "cik": "0000789570",
    "fillingDate": "2021-05-03",
    "acceptedDate": "2021-05-03 08:15:45",
    "calendarYear": "2021",
    "period": "Q1",
    "revenue": 1647747000,
    "costOfRevenue": 927787000,
    "grossProfit": 719960000,
    "grossProfitRatio": 0.4369360102,
    "researchAndDevelopmentExpenses": 0,
    "generalAndAdministrativeExpenses": 546407000,
    "sellingAndMarketingExpenses": 0,
    "sellingGeneralAndAdministrativeExpenses": 546407000,
    "otherExpenses": 32185000,
    "operatingExpenses": 915000000,
    "costAndExpenses": 1842787000,
    "interestIncome": 0,
    "interestExpense": 195295000,
    "depreciationAndAmortization": 335018000,
    "ebitda": 95511000,
    "ebitdaratio": 0.0579646026,
    "operatingIncome": -246690000,
    "operatingIncomeRatio": -0.1497135179,
    "totalOtherIncomeExpensesNet": -183946000,
    "incomeBeforeTax": -430636000,
    "incomeBeforeTaxRatio": -0.2613483745,
    "incomeTaxExpense": -94698000,
    "netIncome": -331829000,
    "netIncomeRatio": -0.2013834648,
    "eps": -0.67,
    "epsdiluted": -0.67,
    "weightedAverageShsOut": 494575362,
    "weightedAverageShsOutDil": 494864000,
    "link": "https://www.sec.gov/Archives/edgar/data/789570/000156459021022697/0001564590-21-022697-index.htm",
    "finalLink": "https://www.sec.gov/Archives/edgar/data/789570/000156459021022697/mgm-10q_20210331.htm"
  },
  {
    "date": "2020-12-31",
    "symbol": "MGM",
    "reportedCurrency": "USD",
    "cik": "0000789570",
    "fillingDate": "2021-02-26",
    "acceptedDate": "2021-02-26 08:16:34",
    "calendarYear": "2020",
    "period": "Q4",
    "revenue": 1493536000,
    "costOfRevenue": 910660000,
    "grossProfit": 582876000,
    "grossProfitRatio": 0.3902657854,
    "researchAndDevelopmentExpenses": 0,
    "generalAndAdministrativeExpenses": 546495000,
    "sellingAndMarketingExpenses": 88000000,
    "sellingGeneralAndAdministrativeExpenses": 634528000,
    "otherExpenses": 12693000,
    "operatingExpenses": 933225000,
    "costAndExpenses": 1843885000,
    "interestIncome": 0,
    "interestExpense": 188679000,
    "depreciationAndAmortization": 298697000,
    "ebitda": -51652000,
    "ebitdaratio": -0.0345836994,
    "operatingIncome": -363568000,
    "operatingIncomeRatio": -0.2434276777,
    "totalOtherIncomeExpensesNet": -199304000,
    "incomeBeforeTax": -562872000,
    "incomeBeforeTaxRatio": -0.3768720674,
    "incomeTaxExpense": -106904000,
    "netIncome": -447605000,
    "netIncomeRatio": -0.2996948182,
    "eps": -0.91,
    "epsdiluted": -0.91,
    "weightedAverageShsOut": 493180275,
    "weightedAverageShsOutDil": 494225000,
    "link": "https://www.sec.gov/Archives/edgar/data/789570/000156459021009205/0001564590-21-009205-index.htm",
    "finalLink": "https://www.sec.gov/Archives/edgar/data/789570/000156459021009205/mgm-10k_20201231.htm"
  },
  {
    "date": "2020-09-30",
    "symbol": "MGM",
    "reportedCurrency": "USD",
    "cik": "0000789570",
    "fillingDate": "2020-11-03",
    "acceptedDate": "2020-11-03 08:31:44",
    "calendarYear": "2020",
    "period": "Q3",
    "revenue": 1125920000,
    "costOfRevenue": 729517000,
    "grossProfit": 396403000,
    "grossProfitRatio": 0.3520703069,
    "researchAndDevelopmentExpenses": 0,
    "generalAndAdministrativeExpenses": 543293000,
    "sellingAndMarketingExpenses": 0,
    "sellingGeneralAndAdministrativeExpenses": 543293000,
    "otherExpenses": 13889000,
    "operatingExpenses": 908104000,
    "costAndExpenses": 1637621000,
    "interestIncome": 0,
    "interestExpense": 173808000,
    "depreciationAndAmortization": 294363000,
    "ebitda": -217338000,
    "ebitdaratio": -0.1930314765,
    "operatingIncome": -495182000,
    "operatingIncomeRatio": -0.4398021174,
    "totalOtherIncomeExpensesNet": -183523000,
    "incomeBeforeTax": -678705000,
    "incomeBeforeTaxRatio": -0.6028003766,
    "incomeTaxExpense": -76734000,
    "netIncome": -534731000,
    "netIncomeRatio": -0.4749280588,
    "eps": -1.08,
    "epsdiluted": -1.08,
    "weightedAverageShsOut": 493494202,
    "weightedAverageShsOutDil": 493517000,
    "link": "https://www.sec.gov/Archives/edgar/data/789570/000156459020049792/0001564590-20-049792-index.htm",
    "finalLink": "https://www.sec.gov/Archives/edgar/data/789570/000156459020049792/mgm-10q_20200930.htm"
  },
  {
    "date": "2020-06-30",
    "symbol": "MGM",
    "reportedCurrency": "USD",
    "cik": "0000789570",
    "fillingDate": "2020-08-03",
    "acceptedDate": "2020-08-03 08:00:58",
    "calendarYear": "2020",
    "period": "Q2",
    "revenue": 289809000,
    "costOfRevenue": 374370000,
    "grossProfit": -84561000,
    "grossProfitRatio": -0.2917818287,
    "researchAndDevelopmentExpenses": 0,
    "generalAndAdministrativeExpenses": 473564000,
    "sellingAndMarketingExpenses": 0,
    "sellingGeneralAndAdministrativeExpenses": 473564000,
    "otherExpenses": 8321000,
    "operatingExpenses": 915266000,
    "costAndExpenses": 1289636000,
    "interestIncome": 0,
    "interestExpense": 156756000,
    "depreciationAndAmortization": 299206000,
    "ebitda": -705195000,
    "ebitdaratio": -2.4333095245,
    "operatingIncome": -1034529000,
    "operatingIncomeRatio": -3.5696924526,
    "totalOtherIncomeExpensesNet": -172196000,
    "incomeBeforeTax": -1206725000,
    "incomeBeforeTaxRatio": -4.163863096,
    "incomeTaxExpense": -270238000,
    "netIncome": -857257000,
    "netIncomeRatio": -2.9580068252,
    "eps": -1.74,
    "epsdiluted": -1.74,
    "weightedAverageShsOut": 493444070,
    "weightedAverageShsOutDil": 493456000,
    "link": "https://www.sec.gov/Archives/edgar/data/789570/000156459020035299/0001564590-20-035299-index.htm",
    "finalLink": "https://www.sec.gov/Archives/edgar/data/789570/000156459020035299/mgm-10q_20200630.htm"
  },
  {
    "date": "2020-03-31",
    "symbol": "MGM",
    "reportedCurrency": "USD",
    "cik": "0000789570",
    "fillingDate": "2020-05-01",
    "acceptedDate": "2020-05-01 16:32:30",
    "calendarYear": "2020",
    "period": "Q1",
    "revenue": 2252817000,
    "costOfRevenue": 1438164000,
    "grossProfit": 814653000,
    "grossProfitRatio": 0.3616152577,
    "researchAndDevelopmentExpenses": 0,
    "generalAndAdministrativeExpenses": 574306000,
    "sellingAndMarketingExpenses": 0,
    "sellingGeneralAndAdministrativeExpenses": 574306000,
    "otherExpenses": -124264000,
    "operatingExpenses": 1036526000,
    "costAndExpenses": 2474690000,
    "interestIncome": 0,
    "interestExpense": 157137000,
    "depreciationAndAmortization": 318290000,
    "ebitda": 140818000,
    "ebitdaratio": 0.0625075184,
    "operatingIncome": 1250845000,
    "operatingIncomeRatio": 0.5552359557,
    "totalOtherIncomeExpensesNet": -314022000,
    "incomeBeforeTax": 936823000,
    "incomeBeforeTaxRatio": 0.4158451397,
    "incomeTaxExpense": 262304000,
    "netIncome": 814939000,
    "netIncomeRatio": 0.3617422099,
    "eps": 1.64,
    "epsdiluted": 1.64,
    "weightedAverageShsOut": 495415000,
    "weightedAverageShsOutDil": 496984000,
    "link": "https://www.sec.gov/Archives/edgar/data/789570/000156459020020518/0001564590-20-020518-index.htm",
    "finalLink": "https://www.sec.gov/Archives/edgar/data/789570/000156459020020518/mgm-10q_20200331.htm"
  },
  {
    "date": "2019-12-31",
    "symbol": "MGM",
    "reportedCurrency": "USD",
    "cik": "0000789570",
    "fillingDate": "2020-02-27",
    "acceptedDate": "2020-02-27 16:25:40",
    "calendarYear": "2019",
    "period": "Q4",
    "revenue": 3185136000,
    "costOfRevenue": 1899644000,
    "grossProfit": 1285492000,
    "grossProfitRatio": 0.4035909299,
    "researchAndDevelopmentExpenses": 0,
    "generalAndAdministrativeExpenses": 557453000,
    "sellingAndMarketingExpenses": 0,
    "sellingGeneralAndAdministrativeExpenses": 557453000,
    "otherExpenses": -129298000,
    "operatingExpenses": -1668421000,
    "costAndExpenses": 231223000,
    "interestIncome": 0,
    "interestExpense": 200480000,
    "depreciationAndAmortization": 331438000,
    "ebitda": 613355000,
    "ebitdaratio": 0.1925679155,
    "operatingIncome": 2960089000,
    "operatingIncomeRatio": 0.9293446183,
    "totalOtherIncomeExpensesNet": -337763000,
    "incomeBeforeTax": 2622326000,
    "incomeBeforeTaxRatio": 0.8233011086,
    "incomeTaxExpense": 556376000,
    "netIncome": 2014770000,
    "netIncomeRatio": 0.6325538376,
    "eps": 3.94,
    "epsdiluted": 3.91,
    "weightedAverageShsOut": 511541000,
    "weightedAverageShsOutDil": 515096000,
    "link": "https://www.sec.gov/Archives/edgar/data/789570/000156459020007393/0001564590-20-007393-index.htm",
    "finalLink": "https://www.sec.gov/Archives/edgar/data/789570/000156459020007393/mgm-10k_20191231.htm"
  },
  {
    "date": "2019-09-30",
    "symbol": "MGM",
    "reportedCurrency": "USD",
    "cik": "0000789570",
    "fillingDate": "2019-11-05",
    "acceptedDate": "2019-11-04 19:55:41",
    "calendarYear": "2019",
    "period": "Q3",
    "revenue": 3314382000,
    "costOfRevenue": 1936650000,
    "grossProfit": 1377732000,
    "grossProfitRatio": 0.4156829237,
    "researchAndDevelopmentExpenses": 0,
    "generalAndAdministrativeExpenses": 494228000,
    "sellingAndMarketingExpenses": 0,
    "sellingGeneralAndAdministrativeExpenses": 494228000,
    "otherExpenses": -9381000,
    "operatingExpenses": 925707000,
    "costAndExpenses": 2862357000,
    "interestIncome": 0,
    "interestExpense": 215503000,
    "depreciationAndAmortization": 322009000,
    "ebitda": 774034000,
    "ebitdaratio": 0.2335379567,
    "operatingIncome": 238381000,
    "operatingIncomeRatio": 0.0719232122,
    "totalOtherIncomeExpensesNet": -239553000,
    "incomeBeforeTax": -1172000,
    "incomeBeforeTaxRatio": -0.0003536104,
    "incomeTaxExpense": -7276000,
    "netIncome": -37133000,
    "netIncomeRatio": -0.0112035969,
    "eps": -0.0716,
    "epsdiluted": -0.0715,
    "weightedAverageShsOut": 518599251,
    "weightedAverageShsOutDil": 518983000,
    "link": "https://www.sec.gov/Archives/edgar/data/789570/000156459019039971/0001564590-19-039971-index.htm",
    "finalLink": "https://www.sec.gov/Archives/edgar/data/789570/000156459019039971/mgm-10q_20190930.htm"
  },
  {
    "date": "2019-06-30",
    "symbol": "MGM",
    "reportedCurrency": "USD",
    "cik": "0000789570",
    "fillingDate": "2019-08-08",
    "acceptedDate": "2019-08-07 19:14:44",
    "calendarYear": "2019",
    "period": "Q2",
    "revenue": 3223243000,
    "costOfRevenue": 1904820000,
    "grossProfit": 1318423000,
    "grossProfitRatio": 0.4090361788,
    "researchAndDevelopmentExpenses": 0,
    "generalAndAdministrativeExpenses": 524424000,
    "sellingAndMarketingExpenses": 0,
    "sellingGeneralAndAdministrativeExpenses": 524424000,
    "otherExpenses": -46276000,
    "operatingExpenses": 968152000,
    "costAndExpenses": 2872972000,
    "interestIncome": 0,
    "interestExpense": 215829000,
    "depreciationAndAmortization": 334788000,
    "ebitda": 731059000,
    "ebitdaratio": 0.2268085279,
    "operatingIncome": 371485000,
    "operatingIncomeRatio": 0.1152519373,
    "totalOtherIncomeExpensesNet": -283582000,
    "incomeBeforeTax": 87903000,
    "incomeBeforeTaxRatio": 0.0272716019,
    "incomeTaxExpense": 11734000,
    "netIncome": 44397000,
    "netIncomeRatio": 0.0137740158,
    "eps": 0.08,
    "epsdiluted": 0.08,
    "weightedAverageShsOut": 532365000,
    "weightedAverageShsOutDil": 535417000,
    "link": "https://www.sec.gov/Archives/edgar/data/789570/000156459019030264/0001564590-19-030264-index.htm",
    "finalLink": "https://www.sec.gov/Archives/edgar/data/789570/000156459019030264/mgm-10q_20190630.htm"
  },
  {
    "date": "2019-03-31",
    "symbol": "MGM",
    "reportedCurrency": "USD",
    "cik": "0000789570",
    "fillingDate": "2019-05-07",
    "acceptedDate": "2019-05-07 16:29:14",
    "calendarYear": "2019",
    "period": "Q1",
    "revenue": 3176911000,
    "costOfRevenue": 1862375000,
    "grossProfit": 1314536000,
    "grossProfitRatio": 0.4137780378,
    "researchAndDevelopmentExpenses": 0,
    "generalAndAdministrativeExpenses": 525112000,
    "sellingAndMarketingExpenses": 0,
    "sellingGeneralAndAdministrativeExpenses": 525112000,
    "otherExpenses": 1693000,
    "operatingExpenses": 974249000,
    "costAndExpenses": 2836624000,
    "interestIncome": 0,
    "interestExpense": 216120000,
    "depreciationAndAmortization": 316414000,
    "ebitda": 725799000,
    "ebitdaratio": 0.2284606021,
    "operatingIncome": 370260000,
    "operatingIncomeRatio": 0.1165471743,
    "totalOtherIncomeExpensesNet": -232592000,
    "incomeBeforeTax": 137668000,
    "incomeBeforeTaxRatio": 0.0433339178,
    "incomeTaxExpense": 71511000,
    "netIncome": 27472000,
    "netIncomeRatio": 0.0086473936,
    "eps": 0.05,
    "epsdiluted": 0.05,
    "weightedAverageShsOut": 534219000,
    "weightedAverageShsOutDil": 537506000,
    "link": "https://www.sec.gov/Archives/edgar/data/789570/000156459019016544/0001564590-19-016544-index.htm",
    "finalLink": "https://www.sec.gov/Archives/edgar/data/789570/000156459019016544/mgm-10q_20190331.htm"
  },
  {
    "date": "2018-12-31",
    "symbol": "MGM",
    "reportedCurrency": "USD",
    "cik": "0000789570",
    "fillingDate": "2019-02-27",
    "acceptedDate": "2019-02-27 14:03:00",
    "calendarYear": "2018",
    "period": "Q4",
    "revenue": 3052862000,
    "costOfRevenue": 1826825000,
    "grossProfit": 1226037000,
    "grossProfitRatio": 0.4016024963,
    "researchAndDevelopmentExpenses": 0,
    "generalAndAdministrativeExpenses": 444878000,
    "sellingAndMarketingExpenses": 0,
    "sellingGeneralAndAdministrativeExpenses": 444878000,
    "otherExpenses": -6552000,
    "operatingExpenses": 894096000,
    "costAndExpenses": 2720921000,
    "interestIncome": 0,
    "interestExpense": 214538000,
    "depreciationAndAmortization": 312542000,
    "ebitda": 644483000,
    "ebitdaratio": 0.2111078064,
    "operatingIncome": 335751000,
    "operatingIncomeRatio": 0.109979095,
    "totalOtherIncomeExpensesNet": -237256000,
    "incomeBeforeTax": 98495000,
    "incomeBeforeTaxRatio": 0.0322631681,
    "incomeTaxExpense": 92735000,
    "netIncome": -23327000,
    "netIncomeRatio": -0.0076410267,
    "eps": -0.0441,
    "epsdiluted": -0.0441,
    "weightedAverageShsOut": 528450544,
    "weightedAverageShsOutDil": 528922000,
    "link": "https://www.sec.gov/Archives/edgar/data/789570/000156459019004807/0001564590-19-004807-index.htm",
    "finalLink": "https://www.sec.gov/Archives/edgar/data/789570/000156459019004807/mgm-10k_20181231.htm"
  },
  {
    "date": "2018-09-30",
    "symbol": "MGM",
    "reportedCurrency": "USD",
    "cik": "0000789570",
    "fillingDate": "2018-11-07",
    "acceptedDate": "2018-11-07 09:02:43",
    "calendarYear": "2018",
    "period": "Q3",
    "revenue": 3029302000,
    "costOfRevenue": 1787426000,
    "grossProfit": 1241876000,
    "grossProfitRatio": 0.4099545044,
    "researchAndDevelopmentExpenses": 0,
    "generalAndAdministrativeExpenses": 463417000,
    "sellingAndMarketingExpenses": 0,
    "sellingGeneralAndAdministrativeExpenses": 463417000,
    "otherExpenses": -3291000,
    "operatingExpenses": 908868000,
    "costAndExpenses": 2696294000,
    "interestIncome": 0,
    "interestExpense": 205573000,
    "depreciationAndAmortization": 300472000,
    "ebitda": 633480000,
    "ebitdaratio": 0.2091174799,
    "operatingIncome": 410903000,
    "operatingIncomeRatio": 0.1356427982,
    "totalOtherIncomeExpensesNet": -220447000,
    "incomeBeforeTax": 190456000,
    "incomeBeforeTaxRatio": 0.0628712489,
    "incomeTaxExpense": 19046000,
    "netIncome": 138723000,
    "netIncomeRatio": 0.0457937175,
    "eps": 0.26,
    "epsdiluted": 0.26,
    "weightedAverageShsOut": 535130000,
    "weightedAverageShsOutDil": 540396000,
    "link": "https://www.sec.gov/Archives/edgar/data/789570/000156459018027761/0001564590-18-027761-index.htm",
    "finalLink": "https://www.sec.gov/Archives/edgar/data/789570/000156459018027761/mgm-10q_20180930.htm"
  },
  {
    "date": "2018-06-30",
    "symbol": "MGM",
    "reportedCurrency": "USD",
    "cik": "0000789570",
    "fillingDate": "2018-08-03",
    "acceptedDate": "2018-08-03 08:02:11",
    "calendarYear": "2018",
    "period": "Q2",
    "revenue": 2858695000,
    "costOfRevenue": 1669414000,
    "grossProfit": 1189281000,
    "grossProfitRatio": 0.4160223459,
    "researchAndDevelopmentExpenses": 0,
    "generalAndAdministrativeExpenses": 438453000,
    "sellingAndMarketingExpenses": 0,
    "sellingGeneralAndAdministrativeExpenses": 438453000,
    "otherExpenses": -6381000,
    "operatingExpenses": 857176000,
    "costAndExpenses": 2526590000,
    "interestIncome": 0,
    "interestExpense": 181493000,
    "depreciationAndAmortization": 296208000,
    "ebitda": 628313000,
    "ebitdaratio": 0.219790149,
    "operatingIncome": 363075000,
    "operatingIncomeRatio": 0.1270072533,
    "totalOtherIncomeExpensesNet": -198942000,
    "incomeBeforeTax": 164133000,
    "incomeBeforeTaxRatio": 0.0574153591,
    "incomeTaxExpense": 23710000,
    "netIncome": 117791000,
    "netIncomeRatio": 0.0412044657,
    "eps": 0.21,
    "epsdiluted": 0.21,
    "weightedAverageShsOut": 548433000,
    "weightedAverageShsOutDil": 554339000,
    "link": "https://www.sec.gov/Archives/edgar/data/789570/000156459018019040/0001564590-18-019040-index.htm",
    "finalLink": "https://www.sec.gov/Archives/edgar/data/789570/000156459018019040/mgm-10q_20180630.htm"
  },
  {
    "date": "2018-03-31",
    "symbol": "MGM",
    "reportedCurrency": "USD",
    "cik": "0000789570",
    "fillingDate": "2018-05-07",
    "acceptedDate": "2018-05-04 19:11:22",
    "calendarYear": "2018",
    "period": "Q1",
    "revenue": 2822237000,
    "costOfRevenue": 1635210000,
    "grossProfit": 1187027000,
    "grossProfitRatio": 0.4205979158,
    "researchAndDevelopmentExpenses": 0,
    "generalAndAdministrativeExpenses": 417890000,
    "sellingAndMarketingExpenses": 0,
    "sellingGeneralAndAdministrativeExpenses": 417890000,
    "otherExpenses": -1916000,
    "operatingExpenses": 853138000,
    "costAndExpenses": 2488348000,
    "interestIncome": 0,
    "interestExpense": 167909000,
    "depreciationAndAmortization": 268822000,
    "ebitda": 602711000,
    "ebitdaratio": 0.2135578975,
    "operatingIncome": 359757000,
    "operatingIncomeRatio": 0.1274722853,
    "totalOtherIncomeExpensesNet": -178835000,
    "incomeBeforeTax": 180922000,
    "incomeBeforeTaxRatio": 0.0641058848,
    "incomeTaxExpense": -85379000,
    "netIncome": 218846000,
    "netIncomeRatio": 0.0775434522,
    "eps": 0.39,
    "epsdiluted": 0.38,
    "weightedAverageShsOut": 564832000,
    "weightedAverageShsOutDil": 571970000,
    "link": "https://www.sec.gov/Archives/edgar/data/789570/000156459018011065/0001564590-18-011065-index.htm",
    "finalLink": "https://www.sec.gov/Archives/edgar/data/789570/000156459018011065/mgm-10q_20180331.htm"
  },
  {
    "date": "2017-12-31",
    "symbol": "MGM",
    "reportedCurrency": "USD",
    "cik": "0000789570",
    "fillingDate": "2018-03-01",
    "acceptedDate": "2018-03-01 06:04:26",
    "calendarYear": "2017",
    "period": "Q4",
    "revenue": 2597248000,
    "costOfRevenue": 1541622000,
    "grossProfit": 1055626000,
    "grossProfitRatio": 0.4064402013,
    "researchAndDevelopmentExpenses": 0,
    "generalAndAdministrativeExpenses": 414483000,
    "sellingAndMarketingExpenses": 0,
    "sellingGeneralAndAdministrativeExpenses": 414483000,
    "otherExpenses": -16535000,
    "operatingExpenses": 832595000,
    "costAndExpenses": 2374217000,
    "interestIncome": 0,
    "interestExpense": 157341000,
    "depreciationAndAmortization": 249357000,
    "ebitda": 472373000,
    "ebitdaratio": 0.1818744302,
    "operatingIncome": 223404000,
    "operatingIncomeRatio": 0.0860156597,
    "totalOtherIncomeExpensesNet": -182325000,
    "incomeBeforeTax": 41079000,
    "incomeBeforeTaxRatio": 0.0158163564,
    "incomeTaxExpense": -1395274000,
    "netIncome": 1375433000,
    "netIncomeRatio": 0.5295732252,
    "eps": 2.45,
    "epsdiluted": 2.42,
    "weightedAverageShsOut": 566289000,
    "weightedAverageShsOutDil": 572420000,
    "link": "https://www.sec.gov/Archives/edgar/data/789570/000156459018003942/0001564590-18-003942-index.htm",
    "finalLink": "https://www.sec.gov/Archives/edgar/data/789570/000156459018003942/mgm-10k_20171231.htm"
  },
  {
    "date": "2017-09-30",
    "symbol": "MGM",
    "reportedCurrency": "USD",
    "cik": "0000789570",
    "fillingDate": "2017-11-09",
    "acceptedDate": "2017-11-09 12:01:52",
    "calendarYear": "2017",
    "period": "Q3",
    "revenue": 2826740000,
    "costOfRevenue": 1593280000,
    "grossProfit": 1233460000,
    "grossProfitRatio": 0.4363542455,
    "researchAndDevelopmentExpenses": 0,
    "generalAndAdministrativeExpenses": 402134000,
    "sellingAndMarketingExpenses": 0,
    "sellingGeneralAndAdministrativeExpenses": 402134000,
    "otherExpenses": -30138000,
    "operatingExpenses": 769589000,
    "costAndExpenses": 2362869000,
    "interestIncome": 0,
    "interestExpense": 163287000,
    "depreciationAndAmortization": 249600000,
    "ebitda": 712225000,
    "ebitdaratio": 0.2519598548,
    "operatingIncome": 493861000,
    "operatingIncomeRatio": 0.1747104438,
    "totalOtherIncomeExpensesNet": -201093000,
    "incomeBeforeTax": 291611000,
    "incomeBeforeTaxRatio": 0.1031615925,
    "incomeTaxExpense": 115115000,
    "netIncome": 148335000,
    "netIncomeRatio": 0.0524756433,
    "eps": 0.26,
    "epsdiluted": 0.26,
    "weightedAverageShsOut": 573527000,
    "weightedAverageShsOutDil": 580676000,
    "link": "https://www.sec.gov/Archives/edgar/data/789570/000156459017023064/0001564590-17-023064-index.htm",
    "finalLink": "https://www.sec.gov/Archives/edgar/data/789570/000156459017023064/mgm-10q_20170930.htm"
  },
  {
    "date": "2017-06-30",
    "symbol": "MGM",
    "reportedCurrency": "USD",
    "cik": "0000789570",
    "fillingDate": "2017-08-08",
    "acceptedDate": "2017-08-08 09:01:46",
    "calendarYear": "2017",
    "period": "Q2",
    "revenue": 2641737000,
    "costOfRevenue": 1508942000,
    "grossProfit": 1132795000,
    "grossProfitRatio": 0.4288068797,
    "researchAndDevelopmentExpenses": 0,
    "generalAndAdministrativeExpenses": 354463000,
    "sellingAndMarketingExpenses": 0,
    "sellingGeneralAndAdministrativeExpenses": 354463000,
    "otherExpenses": -751000,
    "operatingExpenses": 699718000,
    "costAndExpenses": 2208660000,
    "interestIncome": 0,
    "interestExpense": 174058000,
    "depreciationAndAmortization": 244754000,
    "ebitda": 676627000,
    "ebitdaratio": 0.2561295844,
    "operatingIncome": 501046000,
    "operatingIncomeRatio": 0.1896653603,
    "totalOtherIncomeExpensesNet": -184217000,
    "incomeBeforeTax": 315681000,
    "incomeBeforeTaxRatio": 0.1194975124,
    "incomeTaxExpense": 74061000,
    "netIncome": 209836000,
    "netIncomeRatio": 0.0794310713,
    "eps": 0.37,
    "epsdiluted": 0.36,
    "weightedAverageShsOut": 574931000,
    "weightedAverageShsOutDil": 582056000,
    "link": "https://www.sec.gov/Archives/edgar/data/789570/000156459017016268/0001564590-17-016268-index.htm",
    "finalLink": "https://www.sec.gov/Archives/edgar/data/789570/000156459017016268/mgm-10q_20170630.htm"
  },
  {
    "date": "2017-03-31",
    "symbol": "MGM",
    "reportedCurrency": "USD",
    "cik": "0000789570",
    "fillingDate": "2017-05-09",
    "acceptedDate": "2017-05-09 06:06:13",
    "calendarYear": "2017",
    "period": "Q1",
    "revenue": 2708179000,
    "costOfRevenue": 1522162000,
    "grossProfit": 1186017000,
    "grossProfitRatio": 0.437938925,
    "researchAndDevelopmentExpenses": 0,
    "generalAndAdministrativeExpenses": 388835000,
    "sellingAndMarketingExpenses": 0,
    "sellingGeneralAndAdministrativeExpenses": 388835000,
    "otherExpenses": -817000,
    "operatingExpenses": 726843000,
    "costAndExpenses": 2249005000,
    "interestIncome": 0,
    "interestExpense": 174059000,
    "depreciationAndAmortization": 249769000,
    "ebitda": 708210000,
    "ebitdaratio": 0.261507825,
    "operatingIncome": 497181000,
    "operatingIncomeRatio": 0.1835849846,
    "totalOtherIncomeExpensesNet": -181127000,
    "incomeBeforeTax": 315384000,
    "incomeBeforeTaxRatio": 0.1164561131,
    "incomeTaxExpense": 62375000,
    "netIncome": 206384000,
    "netIncomeRatio": 0.0762076657,
    "eps": 0.36,
    "epsdiluted": 0.36,
    "weightedAverageShsOut": 574403000,
    "weightedAverageShsOutDil": 580165000,
    "link": "https://www.sec.gov/Archives/edgar/data/789570/000156459017009586/0001564590-17-009586-index.htm",
    "finalLink": "https://www.sec.gov/Archives/edgar/data/789570/000156459017009586/mgm-10q_20170331.htm"
  },
  {
    "date": "2016-12-31",
    "symbol": "MGM",
    "reportedCurrency": "USD",
    "cik": "0000789570",
    "fillingDate": "2017-03-01",
    "acceptedDate": "2017-03-01 06:23:57",
    "calendarYear": "2016",
    "period": "Q4",
    "revenue": 2460820000,
    "costOfRevenue": 1455463000,
    "grossProfit": 1005357000,
    "grossProfitRatio": 0.4085455255,
    "researchAndDevelopmentExpenses": 0,
    "generalAndAdministrativeExpenses": 376717000,
    "sellingAndMarketingExpenses": 0,
    "sellingGeneralAndAdministrativeExpenses": 376717000,
    "otherExpenses": -4983000,
    "operatingExpenses": 743341000,
    "costAndExpenses": 2198804000,
    "interestIncome": 0,
    "interestExpense": 161704000,
    "depreciationAndAmortization": 233052000,
    "ebitda": 502182000,
    "ebitdaratio": 0.2040710007,
    "operatingIncome": 282023000,
    "operatingIncomeRatio": 0.1146052942,
    "totalOtherIncomeExpensesNet": -174597000,
    "incomeBeforeTax": 107426000,
    "incomeBeforeTaxRatio": 0.0436545542,
    "incomeTaxExpense": 37504000,
    "netIncome": 24669000,
    "netIncomeRatio": 0.0100247072,
    "eps": 0.04,
    "epsdiluted": 0.04,
    "weightedAverageShsOut": 573833000,
    "weightedAverageShsOutDil": 579176000,
    "link": "https://www.sec.gov/Archives/edgar/data/789570/000156459017003007/0001564590-17-003007-index.htm",
    "finalLink": "https://www.sec.gov/Archives/edgar/data/789570/000156459017003007/mgm-10k_20161231.htm"
  },
  {
    "date": "2016-09-30",
    "symbol": "MGM",
    "reportedCurrency": "USD",
    "cik": "0000789570",
    "fillingDate": "2016-11-09",
    "acceptedDate": "2016-11-09 06:05:56",
    "calendarYear": "2016",
    "period": "Q3",
    "revenue": 2515115000,
    "costOfRevenue": 1425519000,
    "grossProfit": 1089596000,
    "grossProfitRatio": 0.433219157,
    "researchAndDevelopmentExpenses": 0,
    "generalAndAdministrativeExpenses": 371950000,
    "sellingAndMarketingExpenses": 0,
    "sellingGeneralAndAdministrativeExpenses": 371950000,
    "otherExpenses": -17310000,
    "operatingExpenses": 701129000,
    "costAndExpenses": 2126648000,
    "interestIncome": 0,
    "interestExpense": 168048000,
    "depreciationAndAmortization": 209737000,
    "ebitda": 894050000,
    "ebitdaratio": 0.3554708234,
    "operatingIncome": 712755000,
    "operatingIncomeRatio": 0.2833886323,
    "totalOtherIncomeExpensesNet": -196490000,
    "incomeBeforeTax": 516265000,
    "incomeBeforeTaxRatio": 0.205264968,
    "incomeTaxExpense": -44995000,
    "netIncome": 535619000,
    "netIncomeRatio": 0.2129600436,
    "eps": 0.94,
    "epsdiluted": 0.93,
    "weightedAverageShsOut": 568125000,
    "weightedAverageShsOutDil": 573812000,
    "link": "https://www.sec.gov/Archives/edgar/data/789570/000156459016028455/0001564590-16-028455-index.htm",
    "finalLink": "https://www.sec.gov/Archives/edgar/data/789570/000156459016028455/mgm-10q_20160930.htm"
  },
  {
    "date": "2016-06-30",
    "symbol": "MGM",
    "reportedCurrency": "USD",
    "cik": "0000789570",
    "fillingDate": "2016-08-08",
    "acceptedDate": "2016-08-08 06:05:11",
    "calendarYear": "2016",
    "period": "Q2",
    "revenue": 2269502000,
    "costOfRevenue": 1312969000,
    "grossProfit": 956533000,
    "grossProfitRatio": 0.4214726403,
    "researchAndDevelopmentExpenses": 0,
    "generalAndAdministrativeExpenses": 321407000,
    "sellingAndMarketingExpenses": 0,
    "sellingGeneralAndAdministrativeExpenses": 321407000,
    "otherExpenses": -49840000,
    "operatingExpenses": 634933000,
    "costAndExpenses": 1947902000,
    "interestIncome": 0,
    "interestExpense": 180352000,
    "depreciationAndAmortization": 206899000,
    "ebitda": 528499000,
    "ebitdaratio": 0.2328700305,
    "operatingIncome": 769055000,
    "operatingIncomeRatio": 0.3388650902,
    "totalOtherIncomeExpensesNet": -246077000,
    "incomeBeforeTax": 522978000,
    "incomeBeforeTaxRatio": 0.2304373382,
    "incomeTaxExpense": 8480000,
    "netIncome": 474353000,
    "netIncomeRatio": 0.209011933,
    "eps": 0.84,
    "epsdiluted": 0.83,
    "weightedAverageShsOut": 565459000,
    "weightedAverageShsOutDil": 570762000,
    "link": "https://www.sec.gov/Archives/edgar/data/789570/000156459016023114/0001564590-16-023114-index.htm",
    "finalLink": "https://www.sec.gov/Archives/edgar/data/789570/000156459016023114/mgm-10q_20160630.htm"
  },
  {
    "date": "2016-03-31",
    "symbol": "MGM",
    "reportedCurrency": "USD",
    "cik": "0000789570",
    "fillingDate": "2016-05-06",
    "acceptedDate": "2016-05-06 17:16:02",
    "calendarYear": "2016",
    "period": "Q1",
    "revenue": 2209686000,
    "costOfRevenue": 1301713000,
    "grossProfit": 907973000,
    "grossProfitRatio": 0.4109058934,
    "researchAndDevelopmentExpenses": 0,
    "generalAndAdministrativeExpenses": 308543000,
    "sellingAndMarketingExpenses": 0,
    "sellingGeneralAndAdministrativeExpenses": 308543000,
    "otherExpenses": -565000,
    "operatingExpenses": 601590000,
    "costAndExpenses": 1903303000,
    "interestIncome": 0,
    "interestExpense": 184669000,
    "depreciationAndAmortization": 199839000,
    "ebitda": 520222000,
    "ebitdaratio": 0.2354280201,
    "operatingIncome": 315954000,
    "operatingIncomeRatio": 0.1429859265,
    "totalOtherIncomeExpensesNet": -203446000,
    "incomeBeforeTax": 112508000,
    "incomeBeforeTaxRatio": 0.0509158315,
    "incomeTaxExpense": 21310000,
    "netIncome": 66799000,
    "netIncomeRatio": 0.030230087,
    "eps": 0.12,
    "epsdiluted": 0.12,
    "weightedAverageShsOut": 565056000,
    "weightedAverageShsOutDil": 569455000,
    "link": "https://www.sec.gov/Archives/edgar/data/789570/000156459016018330/0001564590-16-018330-index.htm",
    "finalLink": "https://www.sec.gov/Archives/edgar/data/789570/000156459016018330/mgm-10q_20160331.htm"
  },
  {
    "date": "2015-12-31",
    "symbol": "MGM",
    "reportedCurrency": "USD",
    "cik": "0000789570",
    "fillingDate": "2016-02-29",
    "acceptedDate": "2016-02-29 06:14:09",
    "calendarYear": "2015",
    "period": "Q4",
    "revenue": 2191873000,
    "costOfRevenue": 1319559000,
    "grossProfit": 872314000,
    "grossProfitRatio": 0.3979765251,
    "researchAndDevelopmentExpenses": 0,
    "generalAndAdministrativeExpenses": 306728000,
    "sellingAndMarketingExpenses": 0,
    "sellingGeneralAndAdministrativeExpenses": 306728000,
    "otherExpenses": -3279000,
    "operatingExpenses": 618523000,
    "costAndExpenses": 1938082000,
    "interestIncome": 0,
    "interestExpense": 186291000,
    "depreciationAndAmortization": 200164000,
    "ebitda": -1017066000,
    "ebitdaratio": -0.4640168477,
    "operatingIncome": -1197234000,
    "operatingIncomeRatio": -0.5462150407,
    "totalOtherIncomeExpensesNet": -206287000,
    "incomeBeforeTax": -1403521000,
    "incomeBeforeTaxRatio": -0.6403295264,
    "incomeTaxExpense": 69976000,
    "netIncome": -781454000,
    "netIncomeRatio": -0.3565233935,
    "eps": -1.38,
    "epsdiluted": -1.38,
    "weightedAverageShsOut": 564398000,
    "weightedAverageShsOutDil": 564398000,
    "link": "https://www.sec.gov/Archives/edgar/data/789570/000156459016013639/0001564590-16-013639-index.htm",
    "finalLink": "https://www.sec.gov/Archives/edgar/data/789570/000156459016013639/mgm-10k_20151231.htm"
  },
  {
    "date": "2015-09-30",
    "symbol": "MGM",
    "reportedCurrency": "USD",
    "cik": "0000789570",
    "fillingDate": "2015-11-06",
    "acceptedDate": "2015-11-06 06:30:49",
    "calendarYear": "2015",
    "period": "Q3",
    "revenue": 2280816000,
    "costOfRevenue": 1397900000,
    "grossProfit": 882916000,
    "grossProfitRatio": 0.3871053167,
    "researchAndDevelopmentExpenses": 0,
    "generalAndAdministrativeExpenses": 340495000,
    "sellingAndMarketingExpenses": 0,
    "sellingGeneralAndAdministrativeExpenses": 340495000,
    "otherExpenses": -4386000,
    "operatingExpenses": 635766000,
    "costAndExpenses": 2033666000,
    "interestIncome": 0,
    "interestExpense": 191781000,
    "depreciationAndAmortization": 204742000,
    "ebitda": 474765000,
    "ebitdaratio": 0.2081557653,
    "operatingIncome": 297377000,
    "operatingIncomeRatio": 0.1303818458,
    "totalOtherIncomeExpensesNet": -219135000,
    "incomeBeforeTax": 78242000,
    "incomeBeforeTaxRatio": 0.0343043893,
    "incomeTaxExpense": -16493000,
    "netIncome": 66425000,
    "netIncomeRatio": 0.0291233488,
    "eps": 0.12,
    "epsdiluted": 0.12,
    "weightedAverageShsOut": 563287000,
    "weightedAverageShsOutDil": 569320000,
    "link": "https://www.sec.gov/Archives/edgar/data/789570/000156459015009822/0001564590-15-009822-index.htm",
    "finalLink": "https://www.sec.gov/Archives/edgar/data/789570/000156459015009822/mgm-10q_20150930.htm"
  },
  {
    "date": "2015-06-30",
    "symbol": "MGM",
    "reportedCurrency": "USD",
    "cik": "0000789570",
    "fillingDate": "2015-08-07",
    "acceptedDate": "2015-08-07 06:08:43",
    "calendarYear": "2015",
    "period": "Q2",
    "revenue": 2385135000,
    "costOfRevenue": 1455797000,
    "grossProfit": 929338000,
    "grossProfitRatio": 0.3896374838,
    "researchAndDevelopmentExpenses": 0,
    "generalAndAdministrativeExpenses": 333708000,
    "sellingAndMarketingExpenses": 0,
    "sellingGeneralAndAdministrativeExpenses": 333708000,
    "otherExpenses": -4815000,
    "operatingExpenses": 619764000,
    "costAndExpenses": 2075561000,
    "interestIncome": 0,
    "interestExpense": 203245000,
    "depreciationAndAmortization": 208565000,
    "ebitda": 518139000,
    "ebitdaratio": 0.2172367602,
    "operatingIncome": 348521000,
    "operatingIncomeRatio": 0.1461221273,
    "totalOtherIncomeExpensesNet": -225826000,
    "incomeBeforeTax": 122695000,
    "incomeBeforeTaxRatio": 0.0514415327,
    "incomeTaxExpense": -3772000,
    "netIncome": 97459000,
    "netIncomeRatio": 0.0408609995,
    "eps": 0.18,
    "epsdiluted": 0.17,
    "weightedAverageShsOut": 551358000,
    "weightedAverageShsOutDil": 570114000,
    "link": "https://www.sec.gov/Archives/edgar/data/789570/000156459015006564/0001564590-15-006564-index.htm",
    "finalLink": "https://www.sec.gov/Archives/edgar/data/789570/000156459015006564/mgm-10q_20150630.htm"
  },
  {
    "date": "2015-03-31",
    "symbol": "MGM",
    "reportedCurrency": "USD",
    "cik": "0000789570",
    "fillingDate": "2015-05-08",
    "acceptedDate": "2015-05-07 18:35:31",
    "calendarYear": "2015",
    "period": "Q1",
    "revenue": 2332244000,
    "costOfRevenue": 1452120000,
    "grossProfit": 880124000,
    "grossProfitRatio": 0.3773721789,
    "researchAndDevelopmentExpenses": 0,
    "generalAndAdministrativeExpenses": 328173000,
    "sellingAndMarketingExpenses": 0,
    "sellingGeneralAndAdministrativeExpenses": 328173000,
    "otherExpenses": -3490000,
    "operatingExpenses": 600812000,
    "costAndExpenses": 2052932000,
    "interestIncome": 0,
    "interestExpense": 216262000,
    "depreciationAndAmortization": 206412000,
    "ebitda": 485724000,
    "ebitdaratio": 0.2082646584,
    "operatingIncome": 395104000,
    "operatingIncomeRatio": 0.1694093757,
    "totalOtherIncomeExpensesNet": -238763000,
    "incomeBeforeTax": 156341000,
    "incomeBeforeTaxRatio": 0.0670345813,
    "incomeTaxExpense": -56305000,
    "netIncome": 169850000,
    "netIncomeRatio": 0.0728268569,
    "eps": 0.35,
    "epsdiluted": 0.33,
    "weightedAverageShsOut": 491422000,
    "weightedAverageShsOutDil": 575312000,
    "link": "https://www.sec.gov/Archives/edgar/data/789570/000156459015003623/0001564590-15-003623-index.htm",
    "finalLink": "https://www.sec.gov/Archives/edgar/data/789570/000156459015003623/mgm-10q_20150331.htm"
  },
  {
    "date": "2014-12-31",
    "symbol": "MGM",
    "reportedCurrency": "USD",
    "cik": "0000789570",
    "fillingDate": "2015-03-02",
    "acceptedDate": "2015-03-02 14:37:23",
    "calendarYear": "2014",
    "period": "Q4",
    "revenue": 2385546000,
    "costOfRevenue": 1506553000,
    "grossProfit": 878993000,
    "grossProfitRatio": 0.3684661708,
    "researchAndDevelopmentExpenses": 0,
    "generalAndAdministrativeExpenses": 324532000,
    "sellingAndMarketingExpenses": 0,
    "sellingGeneralAndAdministrativeExpenses": 324532000,
    "otherExpenses": -5800000,
    "operatingExpenses": 610273000,
    "costAndExpenses": 2116826000,
    "interestIncome": 0,
    "interestExpense": 200903000,
    "depreciationAndAmortization": 202654000,
    "ebitda": 471374000,
    "ebitdaratio": 0.1975958544,
    "operatingIncome": 266113000,
    "operatingIncomeRatio": 0.11155224,
    "totalOtherIncomeExpensesNet": -225476000,
    "incomeBeforeTax": 40637000,
    "incomeBeforeTaxRatio": 0.0170346747,
    "incomeTaxExpense": 328109000,
    "netIncome": -342263000,
    "netIncomeRatio": -0.1434736534,
    "eps": -0.7,
    "epsdiluted": -0.7,
    "weightedAverageShsOut": 491249700,
    "weightedAverageShsOutDil": 491308000,
    "link": "https://www.sec.gov/Archives/edgar/data/789570/000156459015001180/0001564590-15-001180-index.htm",
    "finalLink": "https://www.sec.gov/Archives/edgar/data/789570/000156459015001180/mgm-10k_20141231.htm"
  },
  {
    "date": "2014-09-30",
    "symbol": "MGM",
    "reportedCurrency": "USD",
    "cik": "0000789570",
    "fillingDate": "2014-11-07",
    "acceptedDate": "2014-11-07 06:05:43",
    "calendarYear": "2014",
    "period": "Q3",
    "revenue": 2485007000,
    "costOfRevenue": 1593058000,
    "grossProfit": 891949000,
    "grossProfitRatio": 0.3589321881,
    "researchAndDevelopmentExpenses": 0,
    "generalAndAdministrativeExpenses": 347487000,
    "sellingAndMarketingExpenses": 0,
    "sellingGeneralAndAdministrativeExpenses": 347487000,
    "otherExpenses": -254000,
    "operatingExpenses": 621669000,
    "costAndExpenses": 2214727000,
    "interestIncome": 0,
    "interestExpense": 202835000,
    "depreciationAndAmortization": 202386000,
    "ebitda": 472666000,
    "ebitdaratio": 0.1902071101,
    "operatingIncome": 286489000,
    "operatingIncomeRatio": 0.1152869992,
    "totalOtherIncomeExpensesNet": -225899000,
    "incomeBeforeTax": 60590000,
    "incomeBeforeTaxRatio": 0.0243822251,
    "incomeTaxExpense": 10208000,
    "netIncome": -20270000,
    "netIncomeRatio": -0.0081569187,
    "eps": -0.0415,
    "epsdiluted": -0.0413,
    "weightedAverageShsOut": 488846014,
    "weightedAverageShsOutDil": 490914000,
    "link": "https://www.sec.gov/Archives/edgar/data/789570/000156459014005230/0001564590-14-005230-index.htm",
    "finalLink": "https://www.sec.gov/Archives/edgar/data/789570/000156459014005230/mgm-10q_20140930.htm"
  },
  {
    "date": "2014-06-30",
    "symbol": "MGM",
    "reportedCurrency": "USD",
    "cik": "0000789570",
    "fillingDate": "2014-08-11",
    "acceptedDate": "2014-08-08 17:36:45",
    "calendarYear": "2014",
    "period": "Q2",
    "revenue": 2581033000,
    "costOfRevenue": 1618992000,
    "grossProfit": 962041000,
    "grossProfitRatio": 0.3727348701,
    "researchAndDevelopmentExpenses": 0,
    "generalAndAdministrativeExpenses": 327484000,
    "sellingAndMarketingExpenses": 0,
    "sellingGeneralAndAdministrativeExpenses": 327484000,
    "otherExpenses": -309000,
    "operatingExpenses": 594752000,
    "costAndExpenses": 2213744000,
    "interestIncome": 0,
    "interestExpense": 203936000,
    "depreciationAndAmortization": 203070000,
    "ebitda": 570359000,
    "ebitdaratio": 0.2209809018,
    "operatingIncome": 339987000,
    "operatingIncomeRatio": 0.1317251659,
    "totalOtherIncomeExpensesNet": -213764000,
    "incomeBeforeTax": 121164000,
    "incomeBeforeTaxRatio": 0.0469439949,
    "incomeTaxExpense": -52540000,
    "netIncome": 110008000,
    "netIncomeRatio": 0.0426216945,
    "eps": 0.22,
    "epsdiluted": 0.21,
    "weightedAverageShsOut": 490786000,
    "weightedAverageShsOutDil": 513371000,
    "link": "https://www.sec.gov/Archives/edgar/data/789570/000119312514303368/0001193125-14-303368-index.htm",
    "finalLink": "https://www.sec.gov/Archives/edgar/data/789570/000119312514303368/d747986d10q.htm"
  },
  {
    "date": "2014-03-31",
    "symbol": "MGM",
    "reportedCurrency": "USD",
    "cik": "0000789570",
    "fillingDate": "2014-05-08",
    "acceptedDate": "2014-05-07 18:01:36",
    "calendarYear": "2014",
    "period": "Q1",
    "revenue": 2630398000,
    "costOfRevenue": 1650095000,
    "grossProfit": 980303000,
    "grossProfitRatio": 0.3726823849,
    "researchAndDevelopmentExpenses": 0,
    "generalAndAdministrativeExpenses": 319246000,
    "sellingAndMarketingExpenses": 0,
    "sellingGeneralAndAdministrativeExpenses": 319246000,
    "otherExpenses": -1434000,
    "operatingExpenses": 585888000,
    "costAndExpenses": 2235983000,
    "interestIncome": 0,
    "interestExpense": 209387000,
    "depreciationAndAmortization": 207655000,
    "ebitda": 602070000,
    "ebitdaratio": 0.2288893164,
    "operatingIncome": 412633000,
    "operatingIncomeRatio": 0.1568709374,
    "totalOtherIncomeExpensesNet": -233036000,
    "incomeBeforeTax": 188089000,
    "incomeBeforeTaxRatio": 0.071505909,
    "incomeTaxExpense": -3519000,
    "netIncome": 102652000,
    "netIncomeRatio": 0.039025273,
    "eps": 0.22,
    "epsdiluted": 0.21,
    "weightedAverageShsOut": 490542000,
    "weightedAverageShsOutDil": 513144000,
    "link": "https://www.sec.gov/Archives/edgar/data/789570/000119312514187861/0001193125-14-187861-index.htm",
    "finalLink": "https://www.sec.gov/Archives/edgar/data/789570/000119312514187861/d704515d10q.htm"
  },
  {
    "date": "2013-12-31",
    "symbol": "MGM",
    "reportedCurrency": "USD",
    "cik": "0000789570",
    "fillingDate": "2014-03-03",
    "acceptedDate": "2014-02-28 18:21:26",
    "calendarYear": "2013",
    "period": "Q4",
    "revenue": 2513213000,
    "costOfRevenue": 1605175000,
    "grossProfit": 908038000,
    "grossProfitRatio": 0.3613056275,
    "researchAndDevelopmentExpenses": 0,
    "generalAndAdministrativeExpenses": 317378000,
    "sellingAndMarketingExpenses": 0,
    "sellingGeneralAndAdministrativeExpenses": 317378000,
    "otherExpenses": -2153000,
    "operatingExpenses": 591802000,
    "costAndExpenses": 2196977000,
    "interestIncome": 0,
    "interestExpense": 208461000,
    "depreciationAndAmortization": 207474000,
    "ebitda": 523710000,
    "ebitdaratio": 0.208382656,
    "operatingIncome": 330330000,
    "operatingIncomeRatio": 0.1314373274,
    "totalOtherIncomeExpensesNet": -284336000,
    "incomeBeforeTax": 45994000,
    "incomeBeforeTaxRatio": 0.0183008762,
    "incomeTaxExpense": 5117000,
    "netIncome": -38335000,
    "netIncomeRatio": -0.0152533828,
    "eps": -0.0783,
    "epsdiluted": -0.0782,
    "weightedAverageShsOut": 489508380,
    "weightedAverageShsOutDil": 490185000,
    "link": "https://www.sec.gov/Archives/edgar/data/789570/000119312514078072/0001193125-14-078072-index.htm",
    "finalLink": "https://www.sec.gov/Archives/edgar/data/789570/000119312514078072/d656757d10k.htm"
  },
  {
    "date": "2013-09-30",
    "symbol": "MGM",
    "reportedCurrency": "USD",
    "cik": "0000789570",
    "fillingDate": "2013-11-07",
    "acceptedDate": "2013-11-07 06:07:06",
    "calendarYear": "2013",
    "period": "Q3",
    "revenue": 2463037000,
    "costOfRevenue": 1580077000,
    "grossProfit": 882960000,
    "grossProfitRatio": 0.3584842615,
    "researchAndDevelopmentExpenses": 0,
    "generalAndAdministrativeExpenses": 342847000,
    "sellingAndMarketingExpenses": 0,
    "sellingGeneralAndAdministrativeExpenses": 342847000,
    "otherExpenses": -676000,
    "operatingExpenses": 612998000,
    "costAndExpenses": 2193075000,
    "interestIncome": 0,
    "interestExpense": 208939000,
    "depreciationAndAmortization": 211682000,
    "ebitda": 481644000,
    "ebitdaratio": 0.1955488285,
    "operatingIncome": 247763000,
    "operatingIncomeRatio": 0.1005924799,
    "totalOtherIncomeExpensesNet": -229020000,
    "incomeBeforeTax": 15475000,
    "incomeBeforeTaxRatio": 0.0062828938,
    "incomeTaxExpense": -8150000,
    "netIncome": -31859000,
    "netIncomeRatio": -0.0129348443,
    "eps": -0.0652,
    "epsdiluted": -0.0651,
    "weightedAverageShsOut": 488998465,
    "weightedAverageShsOutDil": 489672000,
    "link": "https://www.sec.gov/Archives/edgar/data/789570/000119312513431308/0001193125-13-431308-index.htm",
    "finalLink": "https://www.sec.gov/Archives/edgar/data/789570/000119312513431308/d607073d10q.htm"
  },
  {
    "date": "2013-06-30",
    "symbol": "MGM",
    "reportedCurrency": "USD",
    "cik": "0000789570",
    "fillingDate": "2013-08-08",
    "acceptedDate": "2013-08-07 17:50:39",
    "calendarYear": "2013",
    "period": "Q2",
    "revenue": 2481265000,
    "costOfRevenue": 1579869000,
    "grossProfit": 901396000,
    "grossProfitRatio": 0.3632808265,
    "researchAndDevelopmentExpenses": 0,
    "generalAndAdministrativeExpenses": 314324000,
    "sellingAndMarketingExpenses": 0,
    "sellingGeneralAndAdministrativeExpenses": 314324000,
    "otherExpenses": -4951000,
    "operatingExpenses": 588345000,
    "costAndExpenses": 2168214000,
    "interestIncome": 0,
    "interestExpense": 214500000,
    "depreciationAndAmortization": 218151000,
    "ebitda": 494069000,
    "ebitdaratio": 0.1991198038,
    "operatingIncome": 231602000,
    "operatingIncomeRatio": 0.0933402921,
    "totalOtherIncomeExpensesNet": -258315000,
    "incomeBeforeTax": -26713000,
    "incomeBeforeTaxRatio": -0.0107658795,
    "incomeTaxExpense": 3865000,
    "netIncome": -92958000,
    "netIncomeRatio": -0.0374639549,
    "eps": -0.19,
    "epsdiluted": -0.19,
    "weightedAverageShsOut": 489484000,
    "weightedAverageShsOutDil": 489484000,
    "link": "https://www.sec.gov/Archives/edgar/data/789570/000119312513324598/0001193125-13-324598-index.htm",
    "finalLink": "https://www.sec.gov/Archives/edgar/data/789570/000119312513324598/d563791d10q.htm"
  },
  {
    "date": "2013-03-31",
    "symbol": "MGM",
    "reportedCurrency": "USD",
    "cik": "0000789570",
    "fillingDate": "2013-05-08",
    "acceptedDate": "2013-05-08 17:01:33",
    "calendarYear": "2013",
    "period": "Q1",
    "revenue": 2352148000,
    "costOfRevenue": 1493595000,
    "grossProfit": 858553000,
    "grossProfitRatio": 0.3650080692,
    "researchAndDevelopmentExpenses": 0,
    "generalAndAdministrativeExpenses": 303901000,
    "sellingAndMarketingExpenses": 0,
    "sellingGeneralAndAdministrativeExpenses": 303901000,
    "otherExpenses": -1282000,
    "operatingExpenses": 564589000,
    "costAndExpenses": 2058184000,
    "interestIncome": 0,
    "interestExpense": 225447000,
    "depreciationAndAmortization": 211918000,
    "ebitda": 490374000,
    "ebitdaratio": 0.2084792283,
    "operatingIncome": 301817000,
    "operatingIncomeRatio": 0.1283154801,
    "totalOtherIncomeExpensesNet": -248808000,
    "incomeBeforeTax": 53009000,
    "incomeBeforeTaxRatio": 0.022536422,
    "incomeTaxExpense": 30431000,
    "netIncome": 6546000,
    "netIncomeRatio": 0.0027829881,
    "eps": 0.01,
    "epsdiluted": 0.01,
    "weightedAverageShsOut": 489291000,
    "weightedAverageShsOutDil": 492305000,
    "link": "https://www.sec.gov/Archives/edgar/data/789570/000110465913038929/0001104659-13-038929-index.htm",
    "finalLink": "https://www.sec.gov/Archives/edgar/data/789570/000110465913038929/a13-7964_110q.htm"
  },
  {
    "date": "2012-12-31",
    "symbol": "MGM",
    "reportedCurrency": "USD",
    "cik": "0000789570",
    "fillingDate": "2013-03-01",
    "acceptedDate": "2013-02-28 19:49:54",
    "calendarYear": "2012",
    "period": "Q4",
    "revenue": 2294511000,
    "costOfRevenue": 1484080000,
    "grossProfit": 810431000,
    "grossProfitRatio": 0.3532042339,
    "researchAndDevelopmentExpenses": 0,
    "generalAndAdministrativeExpenses": 307901000,
    "sellingAndMarketingExpenses": 0,
    "sellingGeneralAndAdministrativeExpenses": 307901000,
    "otherExpenses": -552843000,
    "operatingExpenses": 623309000,
    "costAndExpenses": 2107389000,
    "interestIncome": 0,
    "interestExpense": 279922000,
    "depreciationAndAmortization": 226831000,
    "ebitda": -161423000,
    "ebitdaratio": -0.0703518092,
    "operatingIncome": -424856000,
    "operatingIncomeRatio": -0.1851618929,
    "totalOtherIncomeExpensesNet": -816239000,
    "incomeBeforeTax": -1279038000,
    "incomeBeforeTaxRatio": -0.5574338062,
    "incomeTaxExpense": -90541000,
    "netIncome": -1223827000,
    "netIncomeRatio": -0.5333715986,
    "eps": -2.51,
    "epsdiluted": -2.5,
    "weightedAverageShsOut": 487769756,
    "weightedAverageShsOutDil": 489211000,
    "link": "https://www.sec.gov/Archives/edgar/data/789570/000104746913001980/0001047469-13-001980-index.htm",
    "finalLink": "https://www.sec.gov/Archives/edgar/data/789570/000104746913001980/a2212780z10-k.htm"
  },
  {
    "date": "2012-09-30",
    "symbol": "MGM",
    "reportedCurrency": "USD",
    "cik": "0000789570",
    "fillingDate": "2012-11-09",
    "acceptedDate": "2012-11-08 18:03:46",
    "calendarYear": "2012",
    "period": "Q3",
    "revenue": 2254978000,
    "costOfRevenue": 1462554000,
    "grossProfit": 792424000,
    "grossProfitRatio": 0.3514109672,
    "researchAndDevelopmentExpenses": 0,
    "generalAndAdministrativeExpenses": 319106000,
    "sellingAndMarketingExpenses": 69560000,
    "sellingGeneralAndAdministrativeExpenses": 388666000,
    "otherExpenses": 228414000,
    "operatingExpenses": 617080000,
    "costAndExpenses": 2079634000,
    "interestIncome": 0,
    "interestExpense": 275771000,
    "depreciationAndAmortization": 228414000,
    "ebitda": 346926000,
    "ebitdaratio": 0.1538489511,
    "operatingIncome": 137401000,
    "operatingIncomeRatio": 0.0609323018,
    "totalOtherIncomeExpensesNet": -294660000,
    "incomeBeforeTax": -157259000,
    "incomeBeforeTaxRatio": -0.0697385961,
    "incomeTaxExpense": -2585000,
    "netIncome": -181159000,
    "netIncomeRatio": -0.0803373691,
    "eps": -0.37,
    "epsdiluted": -0.37,
    "weightedAverageShsOut": 488945000,
    "weightedAverageShsOutDil": 488945000,
    "link": "https://www.sec.gov/Archives/edgar/data/789570/000110465912076116/0001104659-12-076116-index.htm",
    "finalLink": "https://www.sec.gov/Archives/edgar/data/789570/000110465912076116/a12-20235_110q.htm"
  },
  {
    "date": "2012-06-30",
    "symbol": "MGM",
    "reportedCurrency": "USD",
    "cik": "0000789570",
    "fillingDate": "2012-08-09",
    "acceptedDate": "2012-08-08 19:30:37",
    "calendarYear": "2012",
    "period": "Q2",
    "revenue": 2323765000,
    "costOfRevenue": 1476248000,
    "grossProfit": 847517000,
    "grossProfitRatio": 0.3647171723,
    "researchAndDevelopmentExpenses": 0,
    "generalAndAdministrativeExpenses": 309478000,
    "sellingAndMarketingExpenses": 133007000,
    "sellingGeneralAndAdministrativeExpenses": 442485000,
    "otherExpenses": 46000,
    "operatingExpenses": 678128000,
    "costAndExpenses": 2154376000,
    "interestIncome": 0,
    "interestExpense": 276323000,
    "depreciationAndAmortization": 235643000,
    "ebitda": 390228000,
    "ebitdaratio": 0.1679292011,
    "operatingIncome": 175375000,
    "operatingIncomeRatio": 0.075470196,
    "totalOtherIncomeExpensesNet": -297113000,
    "incomeBeforeTax": -121738000,
    "incomeBeforeTaxRatio": -0.0523882578,
    "incomeTaxExpense": -51304000,
    "netIncome": -145452000,
    "netIncomeRatio": -0.0625932485,
    "eps": -0.3,
    "epsdiluted": -0.3,
    "weightedAverageShsOut": 488931000,
    "weightedAverageShsOutDil": 488931000,
    "link": "https://www.sec.gov/Archives/edgar/data/789570/000110465912056073/0001104659-12-056073-index.htm",
    "finalLink": "https://www.sec.gov/Archives/edgar/data/789570/000110465912056073/a12-14023_110q.htm"
  },
  {
    "date": "2012-03-31",
    "symbol": "MGM",
    "reportedCurrency": "USD",
    "cik": "0000789570",
    "fillingDate": "2012-05-08",
    "acceptedDate": "2012-05-07 19:27:55",
    "calendarYear": "2012",
    "period": "Q1",
    "revenue": 2287590000,
    "costOfRevenue": 1498400000,
    "grossProfit": 789190000,
    "grossProfitRatio": 0.3449875196,
    "researchAndDevelopmentExpenses": 0,
    "generalAndAdministrativeExpenses": 303289000,
    "sellingAndMarketingExpenses": 43177000,
    "sellingGeneralAndAdministrativeExpenses": 346466000,
    "otherExpenses": -84442000,
    "operatingExpenses": 583275000,
    "costAndExpenses": 2081675000,
    "interestIncome": 0,
    "interestExpense": 284342000,
    "depreciationAndAmortization": 236809000,
    "ebitda": 344973000,
    "ebitdaratio": 0.1508019357,
    "operatingIncome": 192606000,
    "operatingIncomeRatio": 0.0841960316,
    "totalOtherIncomeExpensesNet": -368784000,
    "incomeBeforeTax": -176178000,
    "incomeBeforeTaxRatio": -0.0770146748,
    "incomeTaxExpense": 27129000,
    "netIncome": -217253000,
    "netIncomeRatio": -0.0949702525,
    "eps": -0.44,
    "epsdiluted": -0.44,
    "weightedAverageShsOut": 488861000,
    "weightedAverageShsOutDil": 488861000,
    "link": "https://www.sec.gov/Archives/edgar/data/789570/000110465912033979/0001104659-12-033979-index.htm",
    "finalLink": "https://www.sec.gov/Archives/edgar/data/789570/000110465912033979/a12-9462_110q.htm"
  },
  {
    "date": "2011-12-31",
    "symbol": "MGM",
    "reportedCurrency": "USD",
    "cik": "0000789570",
    "fillingDate": "2012-02-29",
    "acceptedDate": "2012-02-29 06:01:39",
    "calendarYear": "2011",
    "period": "Q4",
    "revenue": 2296889000,
    "costOfRevenue": 1505176000,
    "grossProfit": 791713000,
    "grossProfitRatio": 0.3446892732,
    "researchAndDevelopmentExpenses": 0,
    "generalAndAdministrativeExpenses": 1182505000,
    "sellingAndMarketingExpenses": -724476000,
    "sellingGeneralAndAdministrativeExpenses": 458029000,
    "otherExpenses": 3733767000,
    "operatingExpenses": 4191796000,
    "costAndExpenses": 5696972000,
    "interestIncome": 0,
    "interestExpense": 274152000,
    "depreciationAndAmortization": 237762000,
    "ebitda": 301737000,
    "ebitdaratio": 0.1313676891,
    "operatingIncome": -6991997000,
    "operatingIncomeRatio": -3.0441161937,
    "totalOtherIncomeExpensesNet": -301284000,
    "incomeBeforeTax": -210177000,
    "incomeBeforeTaxRatio": -0.0915050749,
    "incomeTaxExpense": -190876000,
    "netIncome": -113691000,
    "netIncomeRatio": -0.0494978207,
    "eps": -0.23,
    "epsdiluted": -0.23,
    "weightedAverageShsOut": 488823000,
    "weightedAverageShsOutDil": 488861000,
    "link": "https://www.sec.gov/Archives/edgar/data/789570/000104746912001824/0001047469-12-001824-index.htm",
    "finalLink": "https://www.sec.gov/Archives/edgar/data/789570/000104746912001824/a2207412z10-k.htm"
  },
  {
    "date": "2011-09-30",
    "symbol": "MGM",
    "reportedCurrency": "USD",
    "cik": "0000789570",
    "fillingDate": "2011-11-07",
    "acceptedDate": "2011-11-04 20:11:58",
    "calendarYear": "2011",
    "period": "Q3",
    "revenue": 2233587000,
    "costOfRevenue": 1442623000,
    "grossProfit": 790964000,
    "grossProfitRatio": 0.3541227631,
    "researchAndDevelopmentExpenses": 0,
    "generalAndAdministrativeExpenses": 304049000,
    "sellingAndMarketingExpenses": 125360000,
    "sellingGeneralAndAdministrativeExpenses": 429409000,
    "otherExpenses": 249520000,
    "operatingExpenses": 678929000,
    "costAndExpenses": 2121552000,
    "interestIncome": 0,
    "interestExpense": 272542000,
    "depreciationAndAmortization": 249520000,
    "ebitda": 362094000,
    "ebitdaratio": 0.1621132286,
    "operatingIncome": 112574000,
    "operatingIncomeRatio": 0.0504005441,
    "totalOtherIncomeExpensesNet": -298290000,
    "incomeBeforeTax": -186255000,
    "incomeBeforeTaxRatio": -0.0833882898,
    "incomeTaxExpense": -79680000,
    "netIncome": -123786000,
    "netIncomeRatio": -0.0554202724,
    "eps": -0.25,
    "epsdiluted": -0.25,
    "weightedAverageShsOut": 488636000,
    "weightedAverageShsOutDil": 488636000,
    "link": "https://www.sec.gov/Archives/edgar/data/789570/000119312511297961/0001193125-11-297961-index.htm",
    "finalLink": "https://www.sec.gov/Archives/edgar/data/789570/000119312511297961/d230106d10q.htm"
  },
  {
    "date": "2011-06-30",
    "symbol": "MGM",
    "reportedCurrency": "USD",
    "cik": "0000789570",
    "fillingDate": "2011-08-09",
    "acceptedDate": "2011-08-08 20:33:13",
    "calendarYear": "2011",
    "period": "Q2",
    "revenue": 1805985000,
    "costOfRevenue": 1130608000,
    "grossProfit": 675377000,
    "grossProfitRatio": 0.3739660075,
    "researchAndDevelopmentExpenses": 0,
    "generalAndAdministrativeExpenses": 301582000,
    "sellingAndMarketingExpenses": 40600000,
    "sellingGeneralAndAdministrativeExpenses": 342182000,
    "otherExpenses": -3318538000,
    "operatingExpenses": -2976356000,
    "costAndExpenses": -1845748000,
    "interestIncome": 0,
    "interestExpense": 270224000,
    "depreciationAndAmortization": 177467000,
    "ebitda": 3820208000,
    "ebitdaratio": 2.1153043907,
    "operatingIncome": 3683760000,
    "operatingIncomeRatio": 2.0397511607,
    "totalOtherIncomeExpensesNet": -311243000,
    "incomeBeforeTax": 3372517000,
    "incomeBeforeTaxRatio": 1.8674114126,
    "incomeTaxExpense": -78174000,
    "netIncome": 3441985000,
    "netIncomeRatio": 1.9058768484,
    "eps": 7.04,
    "epsdiluted": 6.22,
    "weightedAverageShsOut": 488609000,
    "weightedAverageShsOutDil": 554890000,
    "link": "https://www.sec.gov/Archives/edgar/data/789570/000119312511214750/0001193125-11-214750-index.htm",
    "finalLink": "https://www.sec.gov/Archives/edgar/data/789570/000119312511214750/d10q.htm"
  },
  {
    "date": "2011-03-31",
    "symbol": "MGM",
    "reportedCurrency": "USD",
    "cik": "0000789570",
    "fillingDate": "2011-05-06",
    "acceptedDate": "2011-05-06 16:16:20",
    "calendarYear": "2011",
    "period": "Q1",
    "revenue": 1504954000,
    "costOfRevenue": 940057000,
    "grossProfit": 564897000,
    "grossProfitRatio": 0.3753583166,
    "researchAndDevelopmentExpenses": 0,
    "generalAndAdministrativeExpenses": 269562000,
    "sellingAndMarketingExpenses": 36576000,
    "sellingGeneralAndAdministrativeExpenses": 306138000,
    "otherExpenses": -44245000,
    "operatingExpenses": 458535000,
    "costAndExpenses": 1398592000,
    "interestIncome": 0,
    "interestExpense": 269914000,
    "depreciationAndAmortization": 152397000,
    "ebitda": 277857000,
    "ebitdaratio": 0.1846282345,
    "operatingIncome": 169705000,
    "operatingIncomeRatio": 0.112764244,
    "totalOtherIncomeExpensesNet": -314159000,
    "incomeBeforeTax": -144454000,
    "incomeBeforeTaxRatio": -0.095985658,
    "incomeTaxExpense": -54583000,
    "netIncome": -89871000,
    "netIncomeRatio": -0.0597167754,
    "eps": -0.18,
    "epsdiluted": -0.18,
    "weightedAverageShsOut": 488539000,
    "weightedAverageShsOutDil": 488539000,
    "link": "https://www.sec.gov/Archives/edgar/data/789570/000095012311046622/0000950123-11-046622-index.htm",
    "finalLink": "https://www.sec.gov/Archives/edgar/data/789570/000095012311046622/p18742e10vq.htm"
  },
  {
    "date": "2010-12-31",
    "symbol": "MGM",
    "reportedCurrency": "USD",
    "cik": "0000789570",
    "fillingDate": "2011-02-28",
    "acceptedDate": "2011-02-28 16:25:14",
    "calendarYear": "2010",
    "period": "Q4",
    "revenue": 1466441000,
    "costOfRevenue": 927245000,
    "grossProfit": 539196000,
    "grossProfitRatio": 0.3676902105,
    "researchAndDevelopmentExpenses": 0,
    "generalAndAdministrativeExpenses": 1128803000,
    "sellingAndMarketingExpenses": 637444000,
    "sellingGeneralAndAdministrativeExpenses": 1766247000,
    "otherExpenses": -1298459000,
    "operatingExpenses": 467788000,
    "costAndExpenses": 1395033000,
    "interestIncome": -2784000,
    "interestExpense": 273097000,
    "depreciationAndAmortization": 146666000,
    "ebitda": 234729000,
    "ebitdaratio": 0.1600671285,
    "operatingIncome": 185644000,
    "operatingIncomeRatio": 0.1265949329,
    "totalOtherIncomeExpensesNet": -370678000,
    "incomeBeforeTax": -185034000,
    "incomeBeforeTaxRatio": -0.1261789598,
    "incomeTaxExpense": -45845000,
    "netIncome": -139189000,
    "netIncomeRatio": -0.0949161951,
    "eps": -0.29,
    "epsdiluted": -0.28,
    "weightedAverageShsOut": 477929000,
    "weightedAverageShsOutDil": 488539000,
    "link": "https://www.sec.gov/Archives/edgar/data/789570/000095012311019786/0000950123-11-019786-index.htm",
    "finalLink": "https://www.sec.gov/Archives/edgar/data/789570/000095012311019786/p18354e10vk.htm"
  },
  {
    "date": "2010-09-30",
    "symbol": "MGM",
    "reportedCurrency": "USD",
    "cik": "0000789570",
    "fillingDate": "2010-11-05",
    "acceptedDate": "2010-11-05 16:51:31",
    "calendarYear": "2010",
    "period": "Q3",
    "revenue": 1557705000,
    "costOfRevenue": 956270000,
    "grossProfit": 601435000,
    "grossProfitRatio": 0.3861032737,
    "researchAndDevelopmentExpenses": 0,
    "generalAndAdministrativeExpenses": 292456000,
    "sellingAndMarketingExpenses": 348899000,
    "sellingGeneralAndAdministrativeExpenses": 641355000,
    "otherExpenses": 477011000,
    "operatingExpenses": 800212000,
    "costAndExpenses": 1756482000,
    "interestIncome": 1142000,
    "interestExpense": 285139000,
    "depreciationAndAmortization": 158857000,
    "ebitda": -66931000,
    "ebitdaratio": -0.0429676993,
    "operatingIncome": -205901000,
    "operatingIncomeRatio": -0.132182281,
    "totalOtherIncomeExpensesNet": -305026000,
    "incomeBeforeTax": -510927000,
    "incomeBeforeTaxRatio": -0.3279998459,
    "incomeTaxExpense": -192936000,
    "netIncome": -317991000,
    "netIncomeRatio": -0.204140707,
    "eps": -0.72,
    "epsdiluted": -0.72,
    "weightedAverageShsOut": 441328000,
    "weightedAverageShsOutDil": 441328000,
    "link": "https://www.sec.gov/Archives/edgar/data/789570/000095012310101768/0000950123-10-101768-index.htm",
    "finalLink": "https://www.sec.gov/Archives/edgar/data/789570/000095012310101768/p18187e10vq.htm"
  },
  {
    "date": "2010-06-30",
    "symbol": "MGM",
    "reportedCurrency": "USD",
    "cik": "0000789570",
    "fillingDate": "2010-08-09",
    "acceptedDate": "2010-08-06 20:36:43",
    "calendarYear": "2010",
    "period": "Q2",
    "revenue": 1537695000,
    "costOfRevenue": 954379000,
    "grossProfit": 583316000,
    "grossProfitRatio": 0.3793444084,
    "researchAndDevelopmentExpenses": 0,
    "generalAndAdministrativeExpenses": 282404000,
    "sellingAndMarketingExpenses": 1158769000,
    "sellingGeneralAndAdministrativeExpenses": 1441173000,
    "otherExpenses": 1291048000,
    "operatingExpenses": 1605939000,
    "costAndExpenses": 2560318000,
    "interestIncome": 876000,
    "interestExpense": 291169000,
    "depreciationAndAmortization": 164766000,
    "ebitda": -883175000,
    "ebitdaratio": -0.5743499198,
    "operatingIncome": -1048817000,
    "operatingIncomeRatio": -0.6820708918,
    "totalOtherIncomeExpensesNet": -314154000,
    "incomeBeforeTax": -1362971000,
    "incomeBeforeTaxRatio": -0.8863727852,
    "incomeTaxExpense": -479495000,
    "netIncome": -883476000,
    "netIncomeRatio": -0.5745456674,
    "eps": -2,
    "epsdiluted": -2,
    "weightedAverageShsOut": 441297000,
    "weightedAverageShsOutDil": 441297000,
    "link": "https://www.sec.gov/Archives/edgar/data/789570/000095012310074532/0000950123-10-074532-index.htm",
    "finalLink": "https://www.sec.gov/Archives/edgar/data/789570/000095012310074532/p17922e10vq.htm"
  },
  {
    "date": "2010-03-31",
    "symbol": "MGM",
    "reportedCurrency": "USD",
    "cik": "0000789570",
    "fillingDate": "2010-05-07",
    "acceptedDate": "2010-05-07 09:01:20",
    "calendarYear": "2010",
    "period": "Q1",
    "revenue": 1457392000,
    "costOfRevenue": 919648000,
    "grossProfit": 537744000,
    "grossProfitRatio": 0.3689769122,
    "researchAndDevelopmentExpenses": 0,
    "generalAndAdministrativeExpenses": 276054000,
    "sellingAndMarketingExpenses": 29061000,
    "sellingGeneralAndAdministrativeExpenses": 305115000,
    "otherExpenses": 117739000,
    "operatingExpenses": 468249000,
    "costAndExpenses": 1387897000,
    "interestIncome": 766000,
    "interestExpense": 264175000,
    "depreciationAndAmortization": 163134000,
    "ebitda": 270216000,
    "ebitdaratio": 0.1854106514,
    "operatingIncome": -11423000,
    "operatingIncomeRatio": -0.0078379736,
    "totalOtherIncomeExpensesNet": -145670000,
    "incomeBeforeTax": -157093000,
    "incomeBeforeTaxRatio": -0.1077904915,
    "incomeTaxExpense": -60352000,
    "netIncome": -96741000,
    "netIncomeRatio": -0.0663795328,
    "eps": -0.22,
    "epsdiluted": -0.22,
    "weightedAverageShsOut": 441240000,
    "weightedAverageShsOutDil": 441240000,
    "link": "https://www.sec.gov/Archives/edgar/data/789570/000095012310046015/0000950123-10-046015-index.htm",
    "finalLink": "https://www.sec.gov/Archives/edgar/data/789570/000095012310046015/p17591e10vq.htm"
  },
  {
    "date": "2009-12-31",
    "symbol": "MGM",
    "reportedCurrency": "USD",
    "cik": "0000789570",
    "fillingDate": "2010-02-26",
    "acceptedDate": "2010-02-26 17:21:41",
    "calendarYear": "2009",
    "period": "Q4",
    "revenue": 1452416000,
    "costOfRevenue": 902746000,
    "grossProfit": 549670000,
    "grossProfitRatio": 0.378452179,
    "researchAndDevelopmentExpenses": 0,
    "generalAndAdministrativeExpenses": 1100193000,
    "sellingAndMarketingExpenses": 573502000,
    "sellingGeneralAndAdministrativeExpenses": 1673695000,
    "otherExpenses": 167396000,
    "operatingExpenses": 1841091000,
    "costAndExpenses": 2743837000,
    "interestIncome": 769000,
    "interestExpense": 220609000,
    "depreciationAndAmortization": 167396000,
    "ebitda": -331329000,
    "ebitdaratio": -0.2281226591,
    "operatingIncome": -486655000,
    "operatingIncomeRatio": -0.3350658489,
    "totalOtherIncomeExpensesNet": -232679000,
    "incomeBeforeTax": -719334000,
    "incomeBeforeTaxRatio": -0.4952671962,
    "incomeTaxExpense": -285416000,
    "netIncome": -433918000,
    "netIncomeRatio": -0.2987560038,
    "eps": -0.98,
    "epsdiluted": -0.98,
    "weightedAverageShsOut": 441240000,
    "weightedAverageShsOutDil": 441240000,
    "link": "https://www.sec.gov/Archives/edgar/data/789570/000095012310018374/0000950123-10-018374-index.htm",
    "finalLink": "https://www.sec.gov/Archives/edgar/data/789570/000095012310018374/p16871e10vk.htm"
  },
  {
    "date": "2009-09-30",
    "symbol": "MGM",
    "reportedCurrency": "USD",
    "cik": "0000789570",
    "fillingDate": "2009-11-06",
    "acceptedDate": "2009-11-06 17:16:50",
    "calendarYear": "2009",
    "period": "Q3",
    "revenue": 1533223000,
    "costOfRevenue": 889138000,
    "grossProfit": 644085000,
    "grossProfitRatio": 0.4200856627,
    "researchAndDevelopmentExpenses": 0,
    "generalAndAdministrativeExpenses": 290766000,
    "sellingAndMarketingExpenses": 41986000,
    "sellingGeneralAndAdministrativeExpenses": 332752000,
    "otherExpenses": 826000,
    "operatingExpenses": 1474611000,
    "costAndExpenses": 2363749000,
    "interestIncome": 857000,
    "interestExpense": 181899000,
    "depreciationAndAmortization": 170651000,
    "ebitda": -791911000,
    "ebitdaratio": -0.5165008613,
    "operatingIncome": -963419000,
    "operatingIncomeRatio": -0.6283619539,
    "totalOtherIncomeExpensesNet": -194829000,
    "incomeBeforeTax": -1158248000,
    "incomeBeforeTaxRatio": -0.7554334888,
    "incomeTaxExpense": -407860000,
    "netIncome": -750388000,
    "netIncomeRatio": -0.4894186951,
    "eps": -1.7,
    "epsdiluted": -1.7,
    "weightedAverageShsOut": 441214000,
    "weightedAverageShsOutDil": 441214000,
    "link": "https://www.sec.gov/Archives/edgar/data/789570/000095012309059446/0000950123-09-059446-index.htm",
    "finalLink": "https://www.sec.gov/Archives/edgar/data/789570/000095012309059446/p16219e10vq.htm"
  },
  {
    "date": "2009-06-30",
    "symbol": "MGM",
    "reportedCurrency": "USD",
    "cik": "0000789570",
    "fillingDate": "2009-08-07",
    "acceptedDate": "2009-08-07 17:01:52",
    "calendarYear": "2009",
    "period": "Q2",
    "revenue": 1494155000,
    "costOfRevenue": 863582000,
    "grossProfit": 630573000,
    "grossProfitRatio": 0.4220264966,
    "researchAndDevelopmentExpenses": 0,
    "generalAndAdministrativeExpenses": 273567000,
    "sellingAndMarketingExpenses": 52416000,
    "sellingGeneralAndAdministrativeExpenses": 325983000,
    "otherExpenses": 177616000,
    "operatingExpenses": 503599000,
    "costAndExpenses": 1367181000,
    "interestIncome": 6296000,
    "interestExpense": 201287000,
    "depreciationAndAmortization": 174368000,
    "ebitda": 65268000,
    "ebitdaratio": 0.043682215,
    "operatingIncome": 131099000,
    "operatingIncomeRatio": 0.0877412317,
    "totalOtherIncomeExpensesNet": -441486000,
    "incomeBeforeTax": -310387000,
    "incomeBeforeTaxRatio": -0.2077341374,
    "incomeTaxExpense": -97812000,
    "netIncome": -212575000,
    "netIncomeRatio": -0.1422710495,
    "eps": -0.6,
    "epsdiluted": -0.6,
    "weightedAverageShsOut": 352457000,
    "weightedAverageShsOutDil": 352457000,
    "link": "https://www.sec.gov/Archives/edgar/data/789570/000095012309032203/0000950123-09-032203-index.htm",
    "finalLink": "https://www.sec.gov/Archives/edgar/data/789570/000095012309032203/p15500e10vq.htm"
  },
  {
    "date": "2009-03-31",
    "symbol": "MGM",
    "reportedCurrency": "USD",
    "cik": "0000789570",
    "fillingDate": "2009-05-11",
    "acceptedDate": "2009-05-11 12:37:35",
    "calendarYear": "2009",
    "period": "Q1",
    "revenue": 1498795000,
    "costOfRevenue": 883840000,
    "grossProfit": 614955000,
    "grossProfitRatio": 0.4102996074,
    "researchAndDevelopmentExpenses": 0,
    "generalAndAdministrativeExpenses": 260797000,
    "sellingAndMarketingExpenses": 12432000,
    "sellingGeneralAndAdministrativeExpenses": 273229000,
    "otherExpenses": 176858000,
    "operatingExpenses": 450087000,
    "costAndExpenses": 1333927000,
    "interestIncome": 4382000,
    "interestExpense": 171636000,
    "depreciationAndAmortization": 176858000,
    "ebitda": 523870000,
    "ebitdaratio": 0.3495274537,
    "operatingIncome": 355099000,
    "operatingIncomeRatio": 0.2369229948,
    "totalOtherIncomeExpensesNet": -179723000,
    "incomeBeforeTax": 175376000,
    "incomeBeforeTaxRatio": 0.1170113324,
    "incomeTaxExpense": 70177000,
    "netIncome": 105199000,
    "netIncomeRatio": 0.0701890519,
    "eps": 0.38,
    "epsdiluted": 0.38,
    "weightedAverageShsOut": 276556000,
    "weightedAverageShsOutDil": 276770000,
    "link": "https://www.sec.gov/Archives/edgar/data/789570/000095015309000362/0000950153-09-000362-index.htm",
    "finalLink": "https://www.sec.gov/Archives/edgar/data/789570/000095015309000362/p14902e10vq.htm"
  },
  {
    "date": "2008-12-31",
    "symbol": "MGM",
    "reportedCurrency": "USD",
    "cik": "0000789570",
    "fillingDate": "2009-03-17",
    "acceptedDate": "2009-03-17 17:01:40",
    "calendarYear": "2008",
    "period": "Q4",
    "revenue": 1624512000,
    "costOfRevenue": 1085450000,
    "grossProfit": 539062000,
    "grossProfitRatio": 0.3318301127,
    "researchAndDevelopmentExpenses": 0,
    "generalAndAdministrativeExpenses": 1278501000,
    "sellingAndMarketingExpenses": -1107163000,
    "sellingGeneralAndAdministrativeExpenses": 171338000,
    "otherExpenses": 1413842000,
    "operatingExpenses": 1585180000,
    "costAndExpenses": 2670630000,
    "interestIncome": 0,
    "interestExpense": 0,
    "depreciationAndAmortization": 194667000,
    "ebitda": -851451000,
    "ebitdaratio": -0.5241272456,
    "operatingIncome": -1046232000,
    "operatingIncomeRatio": -0.6440284836,
    "totalOtherIncomeExpensesNet": -86657000,
    "incomeBeforeTax": -1132889000,
    "incomeBeforeTaxRatio": -0.6973718877,
    "incomeTaxExpense": 15122000,
    "netIncome": -1148011000,
    "netIncomeRatio": -0.7066805293,
    "eps": -4.15,
    "epsdiluted": -4.15,
    "weightedAverageShsOut": 276482000,
    "weightedAverageShsOutDil": 276556000,
    "link": "https://www.sec.gov/Archives/edgar/data/789570/000095015309000211/0000950153-09-000211-index.htm",
    "finalLink": "https://www.sec.gov/Archives/edgar/data/789570/000095015309000211/p14075e10vk.htm"
  },
  {
    "date": "2008-09-30",
    "symbol": "MGM",
    "reportedCurrency": "USD",
    "cik": "0000789570",
    "fillingDate": "2008-11-10",
    "acceptedDate": "2008-11-07 19:40:50",
    "calendarYear": "2008",
    "period": "Q3",
    "revenue": 1785531000,
    "costOfRevenue": 993316000,
    "grossProfit": 792215000,
    "grossProfitRatio": 0.4436859399,
    "researchAndDevelopmentExpenses": 0,
    "generalAndAdministrativeExpenses": 326831000,
    "sellingAndMarketingExpenses": 62297000,
    "sellingGeneralAndAdministrativeExpenses": 389128000,
    "otherExpenses": 161530000,
    "operatingExpenses": 550658000,
    "costAndExpenses": 1543974000,
    "interestIncome": 5910000,
    "interestExpense": 144751000,
    "depreciationAndAmortization": 201609000,
    "ebitda": 441041000,
    "ebitdaratio": 0.2470083129,
    "operatingIncome": 241557000,
    "operatingIncomeRatio": 0.1352858057,
    "totalOtherIncomeExpensesNet": -146268000,
    "incomeBeforeTax": 95289000,
    "incomeBeforeTaxRatio": 0.0533673176,
    "incomeTaxExpense": 34011000,
    "netIncome": 61278000,
    "netIncomeRatio": 0.0343192025,
    "eps": 0.22,
    "epsdiluted": 0.22,
    "weightedAverageShsOut": 276417000,
    "weightedAverageShsOutDil": 279846000,
    "link": "https://www.sec.gov/Archives/edgar/data/789570/000095015308001885/0000950153-08-001885-index.htm",
    "finalLink": "https://www.sec.gov/Archives/edgar/data/789570/000095015308001885/p13494e10vq.htm"
  },
  {
    "date": "2008-06-30",
    "symbol": "MGM",
    "reportedCurrency": "USD",
    "cik": "0000789570",
    "fillingDate": "2008-08-11",
    "acceptedDate": "2008-08-08 18:57:23",
    "calendarYear": "2008",
    "period": "Q2",
    "revenue": 1895719000,
    "costOfRevenue": 1024491000,
    "grossProfit": 871228000,
    "grossProfitRatio": 0.4595765512,
    "researchAndDevelopmentExpenses": 0,
    "generalAndAdministrativeExpenses": 323811000,
    "sellingAndMarketingExpenses": 33578000,
    "sellingGeneralAndAdministrativeExpenses": 357389000,
    "otherExpenses": 180055000,
    "operatingExpenses": 537444000,
    "costAndExpenses": 1561935000,
    "interestIncome": 0,
    "interestExpense": 0,
    "depreciationAndAmortization": 197610000,
    "ebitda": 532025000,
    "ebitdaratio": 0.2806454965,
    "operatingIncome": 333784000,
    "operatingIncomeRatio": 0.1760725086,
    "totalOtherIncomeExpensesNet": -150476000,
    "incomeBeforeTax": 183308000,
    "incomeBeforeTaxRatio": 0.0966957656,
    "incomeTaxExpense": 70207000,
    "netIncome": 113101000,
    "netIncomeRatio": 0.0596612684,
    "eps": 0.41,
    "epsdiluted": 0.4,
    "weightedAverageShsOut": 277468000,
    "weightedAverageShsOutDil": 284615000,
    "link": "https://www.sec.gov/Archives/edgar/data/789570/000095015308001395/0000950153-08-001395-index.htm",
    "finalLink": "https://www.sec.gov/Archives/edgar/data/789570/000095015308001395/p76082e10vq.htm"
  },
  {
    "date": "2008-03-31",
    "symbol": "MGM",
    "reportedCurrency": "USD",
    "cik": "0000789570",
    "fillingDate": "2008-05-12",
    "acceptedDate": "2008-05-09 19:26:14",
    "calendarYear": "2008",
    "period": "Q1",
    "revenue": 1883633000,
    "costOfRevenue": 1021024000,
    "grossProfit": 862609000,
    "grossProfitRatio": 0.4579496112,
    "researchAndDevelopmentExpenses": 0,
    "generalAndAdministrativeExpenses": 320374000,
    "sellingAndMarketingExpenses": 40390000,
    "sellingGeneralAndAdministrativeExpenses": 360764000,
    "otherExpenses": 160228000,
    "operatingExpenses": 520992000,
    "costAndExpenses": 1542016000,
    "interestIncome": 3466000,
    "interestExpense": 149789000,
    "depreciationAndAmortization": 194970000,
    "ebitda": 536686000,
    "ebitdaratio": 0.2849206825,
    "operatingIncome": 341288000,
    "operatingIncomeRatio": 0.1811860378,
    "totalOtherIncomeExpensesNet": -155984000,
    "incomeBeforeTax": 185304000,
    "incomeBeforeTaxRatio": 0.0983758513,
    "incomeTaxExpense": 66958000,
    "netIncome": 118346000,
    "netIncomeRatio": 0.0628285871,
    "eps": 0.41,
    "epsdiluted": 0.4,
    "weightedAverageShsOut": 288943000,
    "weightedAverageShsOutDil": 298400000,
    "link": "https://www.sec.gov/Archives/edgar/data/789570/000095015308000940/0000950153-08-000940-index.htm",
    "finalLink": "https://www.sec.gov/Archives/edgar/data/789570/000095015308000940/p75517e10vq.htm"
  },
  {
    "date": "2007-12-31",
    "symbol": "MGM",
    "reportedCurrency": "USD",
    "cik": "0000789570",
    "fillingDate": "2008-02-29",
    "acceptedDate": "2008-02-29 14:58:23",
    "calendarYear": "2007",
    "period": "Q4",
    "revenue": 1928716000,
    "costOfRevenue": 1056172000,
    "grossProfit": 872544000,
    "grossProfitRatio": 0.4523963093,
    "researchAndDevelopmentExpenses": 0,
    "generalAndAdministrativeExpenses": 1140363000,
    "sellingAndMarketingExpenses": -782689000,
    "sellingGeneralAndAdministrativeExpenses": 357674000,
    "otherExpenses": -970341000,
    "operatingExpenses": -612667000,
    "costAndExpenses": 443505000,
    "interestIncome": 0,
    "interestExpense": 0,
    "depreciationAndAmortization": 201194000,
    "ebitda": 1686405000,
    "ebitdaratio": 0.8743666771,
    "operatingIncome": 1485211000,
    "operatingIncomeRatio": 0.7700516821,
    "totalOtherIncomeExpensesNet": -151862000,
    "incomeBeforeTax": 1333349000,
    "incomeBeforeTaxRatio": 0.6913143252,
    "incomeTaxExpense": 462575000,
    "netIncome": 872211000,
    "netIncomeRatio": 0.4522236555,
    "eps": 3.02,
    "epsdiluted": 3.02,
    "weightedAverageShsOut": 288648780,
    "weightedAverageShsOutDil": 288648780,
    "link": "https://www.sec.gov/Archives/edgar/data/789570/000095015308000421/0000950153-08-000421-index.htm",
    "finalLink": "https://www.sec.gov/Archives/edgar/data/789570/000095015308000421/p75046e10vk.htm"
  },
  {
    "date": "2007-09-30",
    "symbol": "MGM",
    "reportedCurrency": "USD",
    "cik": "0000789570",
    "fillingDate": "2007-11-09",
    "acceptedDate": "2007-11-09 13:51:13",
    "calendarYear": "2007",
    "period": "Q3",
    "revenue": 1897070000,
    "costOfRevenue": 1029814000,
    "grossProfit": 867256000,
    "grossProfitRatio": 0.4571555082,
    "researchAndDevelopmentExpenses": 0,
    "generalAndAdministrativeExpenses": 286447000,
    "sellingAndMarketingExpenses": 88901000,
    "sellingGeneralAndAdministrativeExpenses": 375348000,
    "otherExpenses": 27295000,
    "operatingExpenses": 402643000,
    "costAndExpenses": 1432457000,
    "interestIncome": 0,
    "interestExpense": 0,
    "depreciationAndAmortization": 163964000,
    "ebitda": 635393000,
    "ebitdaratio": 0.3349338717,
    "operatingIncome": 464613000,
    "operatingIncomeRatio": 0.2449108362,
    "totalOtherIncomeExpensesNet": -181014000,
    "incomeBeforeTax": 283599000,
    "incomeBeforeTaxRatio": 0.1494931658,
    "incomeTaxExpense": 99736000,
    "netIncome": 183863000,
    "netIncomeRatio": 0.09691946,
    "eps": 0.65,
    "epsdiluted": 0.62,
    "weightedAverageShsOut": 282866154,
    "weightedAverageShsOutDil": 296553226,
    "link": "https://www.sec.gov/Archives/edgar/data/789570/000095015307002368/0000950153-07-002368-index.htm",
    "finalLink": "https://www.sec.gov/Archives/edgar/data/789570/000095015307002368/p74591e10vq.htm"
  },
  {
    "date": "2007-06-30",
    "symbol": "MGM",
    "reportedCurrency": "USD",
    "cik": "0000789570",
    "fillingDate": "2007-08-09",
    "acceptedDate": "2007-08-09 09:02:17",
    "calendarYear": "2007",
    "period": "Q2",
    "revenue": 1936416000,
    "costOfRevenue": 1034116000,
    "grossProfit": 902300000,
    "grossProfitRatio": 0.4659639251,
    "researchAndDevelopmentExpenses": 0,
    "generalAndAdministrativeExpenses": 302187000,
    "sellingAndMarketingExpenses": 60223000,
    "sellingGeneralAndAdministrativeExpenses": 362410000,
    "otherExpenses": 70917000,
    "operatingExpenses": 433327000,
    "costAndExpenses": 1467443000,
    "interestIncome": 0,
    "interestExpense": 0,
    "depreciationAndAmortization": 172929000,
    "ebitda": 641902000,
    "ebitdaratio": 0.3314897212,
    "operatingIncome": 468973000,
    "operatingIncomeRatio": 0.2421860799,
    "totalOtherIncomeExpensesNet": -183438000,
    "incomeBeforeTax": 285535000,
    "incomeBeforeTaxRatio": 0.1474554021,
    "incomeTaxExpense": 102637000,
    "netIncome": 360172000,
    "netIncomeRatio": 0.1859992894,
    "eps": 1.27,
    "epsdiluted": 1.22,
    "weightedAverageShsOut": 283849000,
    "weightedAverageShsOutDil": 295232000,
    "link": "https://www.sec.gov/Archives/edgar/data/789570/000095015307001724/0000950153-07-001724-index.htm",
    "finalLink": "https://www.sec.gov/Archives/edgar/data/789570/000095015307001724/p74221e10vq.htm"
  },
  {
    "date": "2007-03-31",
    "symbol": "MGM",
    "reportedCurrency": "USD",
    "cik": "0000789570",
    "fillingDate": "2007-05-10",
    "acceptedDate": "2007-05-10 14:13:28",
    "calendarYear": "2007",
    "period": "Q1",
    "revenue": 1929435000,
    "costOfRevenue": 1019045000,
    "grossProfit": 910390000,
    "grossProfitRatio": 0.4718427934,
    "researchAndDevelopmentExpenses": 0,
    "generalAndAdministrativeExpenses": 285105000,
    "sellingAndMarketingExpenses": 53250000,
    "sellingGeneralAndAdministrativeExpenses": 338355000,
    "otherExpenses": 126902000,
    "operatingExpenses": 465257000,
    "costAndExpenses": 1484302000,
    "interestIncome": 0,
    "interestExpense": 0,
    "depreciationAndAmortization": 166545000,
    "ebitda": 613410000,
    "ebitdaratio": 0.317922086,
    "operatingIncome": 445133000,
    "operatingIncomeRatio": 0.2307063985,
    "totalOtherIncomeExpensesNet": -189188000,
    "incomeBeforeTax": 255945000,
    "incomeBeforeTaxRatio": 0.1326528232,
    "incomeTaxExpense": 92935000,
    "netIncome": 168173000,
    "netIncomeRatio": 0.0871617857,
    "eps": 0.59,
    "epsdiluted": 0.57,
    "weightedAverageShsOut": 285038983,
    "weightedAverageShsOutDil": 295040351,
    "link": "https://www.sec.gov/Archives/edgar/data/789570/000095015307001076/0000950153-07-001076-index.htm",
    "finalLink": "https://www.sec.gov/Archives/edgar/data/789570/000095015307001076/p73855e10vq.htm"
  },
  {
    "date": "2006-12-31",
    "symbol": "MGM",
    "reportedCurrency": "USD",
    "cik": "0000789570",
    "fillingDate": "2007-02-28",
    "acceptedDate": "2007-02-28 16:42:26",
    "calendarYear": "2006",
    "period": "Q4",
    "revenue": 1528265000,
    "costOfRevenue": 794613000,
    "grossProfit": 733652000,
    "grossProfitRatio": 0.4800554878,
    "researchAndDevelopmentExpenses": 0,
    "generalAndAdministrativeExpenses": 616168000,
    "sellingAndMarketingExpenses": -158183000,
    "sellingGeneralAndAdministrativeExpenses": 241072000,
    "otherExpenses": 14110000,
    "operatingExpenses": 255182000,
    "costAndExpenses": 1049795000,
    "interestIncome": 0,
    "interestExpense": 0,
    "depreciationAndAmortization": 168607000,
    "ebitda": 647077000,
    "ebitdaratio": 0.423406281,
    "operatingIncome": 478470000,
    "operatingIncomeRatio": 0.3130805194,
    "totalOtherIncomeExpensesNet": -182520000,
    "incomeBeforeTax": 295950000,
    "incomeBeforeTaxRatio": 0.1936509702,
    "incomeTaxExpense": 106647000,
    "netIncome": 201571000,
    "netIncomeRatio": 0.1318953192,
    "eps": 0.71,
    "epsdiluted": 0.71,
    "weightedAverageShsOut": 284187599,
    "weightedAverageShsOutDil": 285038983,
    "link": "https://www.sec.gov/Archives/edgar/data/789570/000095015307000441/0000950153-07-000441-index.htm",
    "finalLink": "https://www.sec.gov/Archives/edgar/data/789570/000095015307000441/p73509e10vk.htm"
  },
  {
    "date": "2006-09-30",
    "symbol": "MGM",
    "reportedCurrency": "USD",
    "cik": "0000789570",
    "fillingDate": "2006-11-09",
    "acceptedDate": "2006-11-09 15:33:37",
    "calendarYear": "2006",
    "period": "Q3",
    "revenue": 1901975000,
    "costOfRevenue": 1032931000,
    "grossProfit": 869044000,
    "grossProfitRatio": 0.4569166261,
    "researchAndDevelopmentExpenses": 0,
    "generalAndAdministrativeExpenses": 302430000,
    "sellingAndMarketingExpenses": 41267000,
    "sellingGeneralAndAdministrativeExpenses": 343697000,
    "otherExpenses": 97680000,
    "operatingExpenses": 441377000,
    "costAndExpenses": 1474308000,
    "interestIncome": 0,
    "interestExpense": 0,
    "depreciationAndAmortization": 163097000,
    "ebitda": 582494000,
    "ebitdaratio": 0.3062574429,
    "operatingIncome": 427667000,
    "operatingIncomeRatio": 0.2248541647,
    "totalOtherIncomeExpensesNet": -193004000,
    "incomeBeforeTax": 230137000,
    "incomeBeforeTaxRatio": 0.1209989616,
    "incomeTaxExpense": 73875000,
    "netIncome": 156262000,
    "netIncomeRatio": 0.0821577571,
    "eps": 0.55,
    "epsdiluted": 0.54,
    "weightedAverageShsOut": 284112727,
    "weightedAverageShsOutDil": 289374074,
    "link": "https://www.sec.gov/Archives/edgar/data/789570/000095015306002767/0000950153-06-002767-index.htm",
    "finalLink": "https://www.sec.gov/Archives/edgar/data/789570/000095015306002767/p73118e10vq.htm"
  },
  {
    "date": "2006-06-30",
    "symbol": "MGM",
    "reportedCurrency": "USD",
    "cik": "0000789570",
    "fillingDate": "2006-08-09",
    "acceptedDate": "2006-08-09 15:04:12",
    "calendarYear": "2006",
    "period": "Q2",
    "revenue": 2019185000,
    "costOfRevenue": 988510000,
    "grossProfit": 1030675000,
    "grossProfitRatio": 0.5104410938,
    "researchAndDevelopmentExpenses": 0,
    "generalAndAdministrativeExpenses": 330225000,
    "sellingAndMarketingExpenses": 152002000,
    "sellingGeneralAndAdministrativeExpenses": 482227000,
    "otherExpenses": 120478000,
    "operatingExpenses": 602705000,
    "costAndExpenses": 1591215000,
    "interestIncome": 0,
    "interestExpense": 0,
    "depreciationAndAmortization": 164611000,
    "ebitda": 582264000,
    "ebitdaratio": 0.2883658506,
    "operatingIncome": 427739000,
    "operatingIncomeRatio": 0.2118374493,
    "totalOtherIncomeExpensesNet": -203581000,
    "incomeBeforeTax": 228747000,
    "incomeBeforeTaxRatio": 0.1132867964,
    "incomeTaxExpense": 82353000,
    "netIncome": 146394000,
    "netIncomeRatio": 0.0725015291,
    "eps": 0.51,
    "epsdiluted": 0.5,
    "weightedAverageShsOut": 287047059,
    "weightedAverageShsOutDil": 292788000,
    "link": "https://www.sec.gov/Archives/edgar/data/789570/000095015306002109/0000950153-06-002109-index.htm",
    "finalLink": "https://www.sec.gov/Archives/edgar/data/789570/000095015306002109/p72714e10vq.htm"
  },
  {
    "date": "2006-03-31",
    "symbol": "MGM",
    "reportedCurrency": "USD",
    "cik": "0000789570",
    "fillingDate": "2006-05-10",
    "acceptedDate": "2006-05-10 09:01:52",
    "calendarYear": "2006",
    "period": "Q1",
    "revenue": 1878533000,
    "costOfRevenue": 997332000,
    "grossProfit": 881201000,
    "grossProfitRatio": 0.4690899761,
    "researchAndDevelopmentExpenses": 0,
    "generalAndAdministrativeExpenses": 306656000,
    "sellingAndMarketingExpenses": 6181000,
    "sellingGeneralAndAdministrativeExpenses": 312837000,
    "otherExpenses": 143188000,
    "operatingExpenses": 456025000,
    "costAndExpenses": 1453357000,
    "interestIncome": 0,
    "interestExpense": 0,
    "depreciationAndAmortization": 154508000,
    "ebitda": 568665000,
    "ebitdaratio": 0.3027175993,
    "operatingIncome": 424372000,
    "operatingIncomeRatio": 0.2259060661,
    "totalOtherIncomeExpensesNet": -207762000,
    "incomeBeforeTax": 223092000,
    "incomeBeforeTaxRatio": 0.1187586271,
    "incomeTaxExpense": 79055000,
    "netIncome": 144037000,
    "netIncomeRatio": 0.0766752567,
    "eps": 0.51,
    "epsdiluted": 0.49,
    "weightedAverageShsOut": 282425490,
    "weightedAverageShsOutDil": 293953061,
    "link": "https://www.sec.gov/Archives/edgar/data/789570/000095015306001293/0000950153-06-001293-index.htm",
    "finalLink": "https://www.sec.gov/Archives/edgar/data/789570/000095015306001293/p72296e10vq.htm"
  },
  {
    "date": "2005-12-31",
    "symbol": "MGM",
    "reportedCurrency": "USD",
    "cik": "0000789570",
    "fillingDate": "2006-03-13",
    "acceptedDate": "2006-03-13 16:36:31",
    "calendarYear": "2005",
    "period": "Q4",
    "revenue": 1753633000,
    "costOfRevenue": 967128000,
    "grossProfit": 786505000,
    "grossProfitRatio": 0.4485003419,
    "researchAndDevelopmentExpenses": 0,
    "generalAndAdministrativeExpenses": 0,
    "sellingAndMarketingExpenses": 0,
    "sellingGeneralAndAdministrativeExpenses": 304721000,
    "otherExpenses": 135680000,
    "operatingExpenses": 440401000,
    "costAndExpenses": 1407529000,
    "interestIncome": 0,
    "interestExpense": 0,
    "depreciationAndAmortization": 170159000,
    "ebitda": 516263000,
    "ebitdaratio": 0.2943962619,
    "operatingIncome": 346104000,
    "operatingIncomeRatio": 0.1973639866,
    "totalOtherIncomeExpensesNet": -199401000,
    "incomeBeforeTax": 146703000,
    "incomeBeforeTaxRatio": 0.0836566146,
    "incomeTaxExpense": 48904000,
    "netIncome": 97799000,
    "netIncomeRatio": 0.0557693657,
    "eps": 0.35,
    "epsdiluted": 0.35,
    "weightedAverageShsOut": 282425490,
    "weightedAverageShsOutDil": 282425490,
    "link": "https://www.sec.gov/Archives/edgar/data/789570/000095015306000642/0000950153-06-000642-index.htm",
    "finalLink": "https://www.sec.gov/Archives/edgar/data/789570/000095015306000642/p71958e10vk.htm"
  },
  {
    "date": "2005-09-30",
    "symbol": "MGM",
    "reportedCurrency": "USD",
    "cik": "0000789570",
    "fillingDate": "2005-11-09",
    "acceptedDate": "2005-11-09 16:46:55",
    "calendarYear": "2005",
    "period": "Q3",
    "revenue": 1808243000,
    "costOfRevenue": 1006049000,
    "grossProfit": 802194000,
    "grossProfitRatio": 0.4436317464,
    "researchAndDevelopmentExpenses": 0,
    "generalAndAdministrativeExpenses": 288728000,
    "sellingAndMarketingExpenses": 38259000,
    "sellingGeneralAndAdministrativeExpenses": 326987000,
    "otherExpenses": 135197000,
    "operatingExpenses": 462184000,
    "costAndExpenses": 1468233000,
    "interestIncome": 0,
    "interestExpense": 0,
    "depreciationAndAmortization": 161566000,
    "ebitda": 501576000,
    "ebitdaratio": 0.277383073,
    "operatingIncome": 339999000,
    "operatingIncomeRatio": 0.1880272729,
    "totalOtherIncomeExpensesNet": -192444000,
    "incomeBeforeTax": 147555000,
    "incomeBeforeTaxRatio": 0.0816013113,
    "incomeTaxExpense": 54345000,
    "netIncome": 93210000,
    "netIncomeRatio": 0.0515472754,
    "eps": 0.33,
    "epsdiluted": 0.31,
    "weightedAverageShsOut": 282454545,
    "weightedAverageShsOutDil": 300677419,
    "link": "https://www.sec.gov/Archives/edgar/data/789570/000095015305002853/0000950153-05-002853-index.htm",
    "finalLink": "https://www.sec.gov/Archives/edgar/data/789570/000095015305002853/p71436e10vq.htm"
  },
  {
    "date": "2005-06-30",
    "symbol": "MGM",
    "reportedCurrency": "USD",
    "cik": "0000789570",
    "fillingDate": "2005-08-09",
    "acceptedDate": "2005-08-09 13:11:47",
    "calendarYear": "2005",
    "period": "Q2",
    "revenue": 1715956000,
    "costOfRevenue": 930189000,
    "grossProfit": 785767000,
    "grossProfitRatio": 0.4579179186,
    "researchAndDevelopmentExpenses": 0,
    "generalAndAdministrativeExpenses": 249713000,
    "sellingAndMarketingExpenses": 35548000,
    "sellingGeneralAndAdministrativeExpenses": 285261000,
    "otherExpenses": 122581000,
    "operatingExpenses": 407842000,
    "costAndExpenses": 1338031000,
    "interestIncome": 0,
    "interestExpense": 0,
    "depreciationAndAmortization": 144752000,
    "ebitda": 530808000,
    "ebitdaratio": 0.309336603,
    "operatingIncome": 377929000,
    "operatingIncomeRatio": 0.2202439923,
    "totalOtherIncomeExpensesNet": -168214000,
    "incomeBeforeTax": 209715000,
    "incomeBeforeTaxRatio": 0.1222146722,
    "incomeTaxExpense": 68547000,
    "netIncome": 141168000,
    "netIncomeRatio": 0.0822678437,
    "eps": 0.49,
    "epsdiluted": 0.48,
    "weightedAverageShsOut": 288097959,
    "weightedAverageShsOutDil": 294100000,
    "link": "https://www.sec.gov/Archives/edgar/data/789570/000095015305001918/0000950153-05-001918-index.htm",
    "finalLink": "https://www.sec.gov/Archives/edgar/data/789570/000095015305001918/p71030e10vq.htm"
  },
  {
    "date": "2005-03-31",
    "symbol": "MGM",
    "reportedCurrency": "USD",
    "cik": "0000789570",
    "fillingDate": "2005-05-09",
    "acceptedDate": "2005-05-09 16:18:37",
    "calendarYear": "2005",
    "period": "Q1",
    "revenue": 1204135000,
    "costOfRevenue": 643693000,
    "grossProfit": 560442000,
    "grossProfitRatio": 0.4654312017,
    "researchAndDevelopmentExpenses": 0,
    "generalAndAdministrativeExpenses": 158364000,
    "sellingAndMarketingExpenses": 33518000,
    "sellingGeneralAndAdministrativeExpenses": 191882000,
    "otherExpenses": 75450000,
    "operatingExpenses": 267332000,
    "costAndExpenses": 911025000,
    "interestIncome": 0,
    "interestExpense": 0,
    "depreciationAndAmortization": 117416000,
    "ebitda": 410526000,
    "ebitdaratio": 0.3409302113,
    "operatingIncome": 293176000,
    "operatingIncomeRatio": 0.2434743613,
    "totalOtherIncomeExpensesNet": -118249000,
    "incomeBeforeTax": 174927000,
    "incomeBeforeTaxRatio": 0.1452719172,
    "incomeTaxExpense": 63848000,
    "netIncome": 111079000,
    "netIncomeRatio": 0.0922479622,
    "eps": 0.39,
    "epsdiluted": 0.38,
    "weightedAverageShsOut": 284817949,
    "weightedAverageShsOutDil": 292313158,
    "link": "https://www.sec.gov/Archives/edgar/data/789570/000095015305001051/0000950153-05-001051-index.htm",
    "finalLink": "https://www.sec.gov/Archives/edgar/data/789570/000095015305001051/p70597e10vq.htm"
  },
  {
    "date": "2004-12-31",
    "symbol": "MGM",
    "reportedCurrency": "USD",
    "cik": "0000789570",
    "fillingDate": "2005-03-11",
    "acceptedDate": "2005-03-10 19:05:10",
    "calendarYear": "2004",
    "period": "Q4",
    "revenue": 1062747000,
    "costOfRevenue": 585397000,
    "grossProfit": 477350000,
    "grossProfitRatio": 0.4491661703,
    "researchAndDevelopmentExpenses": 0,
    "generalAndAdministrativeExpenses": 612615000,
    "sellingAndMarketingExpenses": -428689000,
    "sellingGeneralAndAdministrativeExpenses": 183926000,
    "otherExpenses": 80460000,
    "operatingExpenses": 264386000,
    "costAndExpenses": 849783000,
    "interestIncome": 0,
    "interestExpense": 0,
    "depreciationAndAmortization": 114098000,
    "ebitda": 327062000,
    "ebitdaratio": 0.3077515156,
    "operatingIncome": 213240000,
    "operatingIncomeRatio": 0.2006498254,
    "totalOtherIncomeExpensesNet": -91315000,
    "incomeBeforeTax": 121925000,
    "incomeBeforeTaxRatio": 0.1147262707,
    "incomeTaxExpense": 47039000,
    "netIncome": 74886000,
    "netIncomeRatio": 0.0704645602,
    "eps": 0.27,
    "epsdiluted": 0.27,
    "weightedAverageShsOut": 277767836,
    "weightedAverageShsOutDil": 281212658,
    "link": "https://www.sec.gov/Archives/edgar/data/789570/000095015305000488/0000950153-05-000488-index.htm",
    "finalLink": "https://www.sec.gov/Archives/edgar/data/789570/000095015305000488/p70273e10vk.htm"
  },
  {
    "date": "2004-09-30",
    "symbol": "MGM",
    "reportedCurrency": "USD",
    "cik": "0000789570",
    "fillingDate": "2004-11-09",
    "acceptedDate": "2004-11-09 14:50:02",
    "calendarYear": "2004",
    "period": "Q3",
    "revenue": 1036396000,
    "costOfRevenue": 570973000,
    "grossProfit": 465423000,
    "grossProfitRatio": 0.4490783446,
    "researchAndDevelopmentExpenses": 0,
    "generalAndAdministrativeExpenses": 160962000,
    "sellingAndMarketingExpenses": 10748000,
    "sellingGeneralAndAdministrativeExpenses": 171710000,
    "otherExpenses": 69769000,
    "operatingExpenses": 241479000,
    "costAndExpenses": 812452000,
    "interestIncome": 0,
    "interestExpense": 0,
    "depreciationAndAmortization": 109022000,
    "ebitda": 325189000,
    "ebitdaratio": 0.3137690612,
    "operatingIncome": 222357000,
    "operatingIncomeRatio": 0.2145483001,
    "totalOtherIncomeExpensesNet": -100695000,
    "incomeBeforeTax": 121662000,
    "incomeBeforeTaxRatio": 0.117389492,
    "incomeTaxExpense": 45495000,
    "netIncome": 126881000,
    "netIncomeRatio": 0.122425212,
    "eps": 0.46,
    "epsdiluted": 0.45,
    "weightedAverageShsOut": 275828261,
    "weightedAverageShsOutDil": 281957778,
    "link": "https://www.sec.gov/Archives/edgar/data/789570/000095012404005457/0000950124-04-005457-index.htm",
    "finalLink": "https://www.sec.gov/Archives/edgar/data/789570/000095012404005457/p69824e10vq.htm"
  },
  {
    "date": "2004-06-30",
    "symbol": "MGM",
    "reportedCurrency": "USD",
    "cik": "0000789570",
    "fillingDate": "2004-08-09",
    "acceptedDate": "2004-08-09 06:55:22",
    "calendarYear": "2004",
    "period": "Q2",
    "revenue": 1072525000,
    "costOfRevenue": 569566000,
    "grossProfit": 502959000,
    "grossProfitRatio": 0.4689485094,
    "researchAndDevelopmentExpenses": 0,
    "generalAndAdministrativeExpenses": 151420000,
    "sellingAndMarketingExpenses": 19100000,
    "sellingGeneralAndAdministrativeExpenses": 170520000,
    "otherExpenses": 67942000,
    "operatingExpenses": 238462000,
    "costAndExpenses": 808028000,
    "interestIncome": 0,
    "interestExpense": 0,
    "depreciationAndAmortization": 105177000,
    "ebitda": 353295000,
    "ebitdaratio": 0.329404909,
    "operatingIncome": 260597000,
    "operatingIncomeRatio": 0.242975222,
    "totalOtherIncomeExpensesNet": -100769000,
    "incomeBeforeTax": 159828000,
    "incomeBeforeTaxRatio": 0.1490203026,
    "incomeTaxExpense": 58165000,
    "netIncome": 104717000,
    "netIncomeRatio": 0.0976359525,
    "eps": 0.37,
    "epsdiluted": 0.36,
    "weightedAverageShsOut": 283018919,
    "weightedAverageShsOutDil": 290880556,
    "link": "https://www.sec.gov/Archives/edgar/data/789570/000095015304001901/0000950153-04-001901-index.htm",
    "finalLink": "https://www.sec.gov/Archives/edgar/data/789570/000095015304001901/p69500e10vq.htm"
  },
  {
    "date": "2004-03-31",
    "symbol": "MGM",
    "reportedCurrency": "USD",
    "cik": "0000789570",
    "fillingDate": "2004-05-10",
    "acceptedDate": "2004-05-10 12:30:39",
    "calendarYear": "2004",
    "period": "Q1",
    "revenue": 1066436000,
    "costOfRevenue": 566959000,
    "grossProfit": 499477000,
    "grossProfitRatio": 0.4683609706,
    "researchAndDevelopmentExpenses": 0,
    "generalAndAdministrativeExpenses": 146281000,
    "sellingAndMarketingExpenses": 24735000,
    "sellingGeneralAndAdministrativeExpenses": 171016000,
    "otherExpenses": 73381000,
    "operatingExpenses": 244397000,
    "costAndExpenses": 811356000,
    "interestIncome": 0,
    "interestExpense": 0,
    "depreciationAndAmortization": 105959000,
    "ebitda": 361039000,
    "ebitdaratio": 0.3385472733,
    "operatingIncome": 254666000,
    "operatingIncomeRatio": 0.2388010157,
    "totalOtherIncomeExpensesNet": -102266000,
    "incomeBeforeTax": 152400000,
    "incomeBeforeTaxRatio": 0.1429059034,
    "incomeTaxExpense": 55260000,
    "netIncome": 105848000,
    "netIncomeRatio": 0.0992539637,
    "eps": 0.37,
    "epsdiluted": 0.36,
    "weightedAverageShsOut": 286075676,
    "weightedAverageShsOutDil": 294022222,
    "link": "https://www.sec.gov/Archives/edgar/data/789570/000095015304001163/0000950153-04-001163-index.htm",
    "finalLink": "https://www.sec.gov/Archives/edgar/data/789570/000095015304001163/p69129e10vq.htm"
  },
  {
    "date": "2003-12-31",
    "symbol": "MGM",
    "reportedCurrency": "USD",
    "cik": "0000789570",
    "fillingDate": "2004-02-17",
    "acceptedDate": "2004-02-13 19:00:16",
    "calendarYear": "2003",
    "period": "Q4",
    "revenue": 973583000,
    "costOfRevenue": 546309000,
    "grossProfit": 427274000,
    "grossProfitRatio": 0.4388675645,
    "researchAndDevelopmentExpenses": 0,
    "generalAndAdministrativeExpenses": 591155000,
    "sellingAndMarketingExpenses": -430771000,
    "sellingGeneralAndAdministrativeExpenses": 160384000,
    "otherExpenses": 51059000,
    "operatingExpenses": 211443000,
    "costAndExpenses": 757752000,
    "interestIncome": 0,
    "interestExpense": 0,
    "depreciationAndAmortization": 107611000,
    "ebitda": 323442000,
    "ebitdaratio": 0.3322182084,
    "operatingIncome": 214421000,
    "operatingIncomeRatio": 0.2202390551,
    "totalOtherIncomeExpensesNet": -97325000,
    "incomeBeforeTax": 117096000,
    "incomeBeforeTaxRatio": 0.1202732587,
    "incomeTaxExpense": 29071000,
    "netIncome": 91735000,
    "netIncomeRatio": 0.0942241185,
    "eps": 0.32,
    "epsdiluted": 0.32,
    "weightedAverageShsOut": 286021299,
    "weightedAverageShsOutDil": 286075676,
    "link": "https://www.sec.gov/Archives/edgar/data/789570/000095015304000362/0000950153-04-000362-index.htm",
    "finalLink": "https://www.sec.gov/Archives/edgar/data/789570/000095015304000362/p68776e10vk.htm"
  },
  {
    "date": "2003-09-30",
    "symbol": "MGM",
    "reportedCurrency": "USD",
    "cik": "0000789570",
    "fillingDate": "2003-11-12",
    "acceptedDate": "2003-11-10 20:38:05",
    "calendarYear": "2003",
    "period": "Q3",
    "revenue": 989645000,
    "costOfRevenue": 554353000,
    "grossProfit": 435292000,
    "grossProfitRatio": 0.4398466117,
    "researchAndDevelopmentExpenses": 0,
    "generalAndAdministrativeExpenses": 155037000,
    "sellingAndMarketingExpenses": 26619000,
    "sellingGeneralAndAdministrativeExpenses": 181656000,
    "otherExpenses": 86922000,
    "operatingExpenses": 268578000,
    "costAndExpenses": 822931000,
    "interestIncome": 0,
    "interestExpense": 0,
    "depreciationAndAmortization": 111598000,
    "ebitda": 274174000,
    "ebitdaratio": 0.277042778,
    "operatingIncome": 162680000,
    "operatingIncomeRatio": 0.1643821774,
    "totalOtherIncomeExpensesNet": -98226000,
    "incomeBeforeTax": 67780000,
    "incomeBeforeTaxRatio": 0.0684892057,
    "incomeTaxExpense": 24093000,
    "netIncome": 47209000,
    "netIncomeRatio": 0.0477029642,
    "eps": 0.16,
    "epsdiluted": 0.16,
    "weightedAverageShsOut": 295056250,
    "weightedAverageShsOutDil": 304574194,
    "link": "https://www.sec.gov/Archives/edgar/data/789570/000110465903025400/0001104659-03-025400-index.htm",
    "finalLink": "https://www.sec.gov/Archives/edgar/data/789570/000110465903025400/a03-5043_110q.htm"
  },
  {
    "date": "2003-06-30",
    "symbol": "MGM",
    "reportedCurrency": "USD",
    "cik": "0000789570",
    "fillingDate": "2003-08-12",
    "acceptedDate": "2003-08-12 14:37:48",
    "calendarYear": "2003",
    "period": "Q2",
    "revenue": 985344000,
    "costOfRevenue": 528377000,
    "grossProfit": 456967000,
    "grossProfitRatio": 0.4637639241,
    "researchAndDevelopmentExpenses": 0,
    "generalAndAdministrativeExpenses": 148069000,
    "sellingAndMarketingExpenses": 36702000,
    "sellingGeneralAndAdministrativeExpenses": 184771000,
    "otherExpenses": 97091000,
    "operatingExpenses": 281862000,
    "costAndExpenses": 810239000,
    "interestIncome": 0,
    "interestExpense": 0,
    "depreciationAndAmortization": 115436000,
    "ebitda": 290541000,
    "ebitdaratio": 0.2948625049,
    "operatingIncome": 174557000,
    "operatingIncomeRatio": 0.1771533596,
    "totalOtherIncomeExpensesNet": -85876000,
    "incomeBeforeTax": 88681000,
    "incomeBeforeTaxRatio": 0.0900000406,
    "incomeTaxExpense": 32829000,
    "netIncome": 53750000,
    "netIncomeRatio": 0.0545494771,
    "eps": 0.18,
    "epsdiluted": 0.18,
    "weightedAverageShsOut": 298611111,
    "weightedAverageShsOutDil": 307142857,
    "link": "https://www.sec.gov/Archives/edgar/data/789570/000110465903017723/0001104659-03-017723-index.htm",
    "finalLink": "https://www.sec.gov/Archives/edgar/data/789570/000110465903017723/a03-2246_110q.htm"
  },
  {
    "date": "2003-03-31",
    "symbol": "MGM",
    "reportedCurrency": "USD",
    "cik": "0000789570",
    "fillingDate": "2003-05-14",
    "acceptedDate": "2003-05-14 17:24:00",
    "calendarYear": "2003",
    "period": "Q1",
    "revenue": 1021930000,
    "costOfRevenue": 572747000,
    "grossProfit": 449183000,
    "grossProfitRatio": 0.4395438044,
    "researchAndDevelopmentExpenses": 0,
    "generalAndAdministrativeExpenses": 150256000,
    "sellingAndMarketingExpenses": 29143000,
    "sellingGeneralAndAdministrativeExpenses": 179399000,
    "otherExpenses": 101608000,
    "operatingExpenses": 281007000,
    "costAndExpenses": 853754000,
    "interestIncome": 0,
    "interestExpense": 0,
    "depreciationAndAmortization": 114118000,
    "ebitda": 274208000,
    "ebitdaratio": 0.2683236621,
    "operatingIncome": 167571000,
    "operatingIncomeRatio": 0.1639750276,
    "totalOtherIncomeExpensesNet": -88559000,
    "incomeBeforeTax": 83749000,
    "incomeBeforeTaxRatio": 0.0819517971,
    "incomeTaxExpense": 32746000,
    "netIncome": 51003000,
    "netIncomeRatio": 0.0499085065,
    "eps": 0.17,
    "epsdiluted": 0.17,
    "weightedAverageShsOut": 300017647,
    "weightedAverageShsOutDil": 309109091,
    "link": "https://www.sec.gov/Archives/edgar/data/789570/000104746903018512/0001047469-03-018512-index.htm",
    "finalLink": "https://www.sec.gov/Archives/edgar/data/789570/000104746903018512/a2111083z10-q.htm"
  },
  {
    "date": "2002-12-31",
    "symbol": "MGM",
    "reportedCurrency": "USD",
    "cik": "0000789570",
    "fillingDate": "2003-03-26",
    "acceptedDate": "2003-03-26 15:41:52",
    "calendarYear": "2002",
    "period": "Q4",
    "revenue": 957626000,
    "costOfRevenue": 561812000,
    "grossProfit": 395814000,
    "grossProfitRatio": 0.4133283766,
    "researchAndDevelopmentExpenses": 0,
    "generalAndAdministrativeExpenses": 611866000,
    "sellingAndMarketingExpenses": -391812000,
    "sellingGeneralAndAdministrativeExpenses": 220054000,
    "otherExpenses": 38341000,
    "operatingExpenses": 258395000,
    "costAndExpenses": 820207000,
    "interestIncome": 0,
    "interestExpense": 0,
    "depreciationAndAmortization": 109097000,
    "ebitda": 246516000,
    "ebitdaratio": 0.2574240883,
    "operatingIncome": 144019000,
    "operatingIncomeRatio": 0.1503916978,
    "totalOtherIncomeExpensesNet": -81940000,
    "incomeBeforeTax": 62079000,
    "incomeBeforeTaxRatio": 0.0648259341,
    "incomeTaxExpense": 23035000,
    "netIncome": 39044000,
    "netIncomeRatio": 0.0407716582,
    "eps": 0.13,
    "epsdiluted": 0.13,
    "weightedAverageShsOut": 300017647,
    "weightedAverageShsOutDil": 300017647,
    "link": "https://www.sec.gov/Archives/edgar/data/789570/000104746903010320/0001047469-03-010320-index.htm",
    "finalLink": "https://www.sec.gov/Archives/edgar/data/789570/000104746903010320/a2106169z10-k.htm"
  },
  {
    "date": "2002-09-30",
    "symbol": "MGM",
    "reportedCurrency": "USD",
    "cik": "0000789570",
    "fillingDate": "2002-11-13",
    "acceptedDate": "2002-11-13 17:21:39",
    "calendarYear": "2002",
    "period": "Q3",
    "revenue": 1011308000,
    "costOfRevenue": 549514000,
    "grossProfit": 461794000,
    "grossProfitRatio": 0.4566304232,
    "researchAndDevelopmentExpenses": 0,
    "generalAndAdministrativeExpenses": 157848000,
    "sellingAndMarketingExpenses": 10620000,
    "sellingGeneralAndAdministrativeExpenses": 168468000,
    "otherExpenses": 111981000,
    "operatingExpenses": 280449000,
    "costAndExpenses": 829963000,
    "interestIncome": 0,
    "interestExpense": 0,
    "depreciationAndAmortization": 103041000,
    "ebitda": 284386000,
    "ebitdaratio": 0.2812061212,
    "operatingIncome": 181345000,
    "operatingIncomeRatio": 0.1793172802,
    "totalOtherIncomeExpensesNet": -73134000,
    "incomeBeforeTax": 108211000,
    "incomeBeforeTaxRatio": 0.1070010323,
    "incomeTaxExpense": 38323000,
    "netIncome": 69560000,
    "netIncomeRatio": 0.0687822108,
    "eps": 0.22,
    "epsdiluted": 0.22,
    "weightedAverageShsOut": 316181818,
    "weightedAverageShsOutDil": 323534884,
    "link": "https://www.sec.gov/Archives/edgar/data/789570/000104746902002907/0001047469-02-002907-index.htm",
    "finalLink": "https://www.sec.gov/Archives/edgar/data/789570/000104746902002907/a2093133z10-q.htm"
  },
  {
    "date": "2002-06-30",
    "symbol": "MGM",
    "reportedCurrency": "USD",
    "cik": "0000789570",
    "fillingDate": "2002-08-09",
    "acceptedDate": "2002-08-09 12:31:55",
    "calendarYear": "2002",
    "period": "Q2",
    "revenue": 1041221000,
    "costOfRevenue": 557255000,
    "grossProfit": 483966000,
    "grossProfitRatio": 0.4648062227,
    "researchAndDevelopmentExpenses": 0,
    "generalAndAdministrativeExpenses": 147971000,
    "sellingAndMarketingExpenses": 15320000,
    "sellingGeneralAndAdministrativeExpenses": 163291000,
    "otherExpenses": 97565000,
    "operatingExpenses": 260856000,
    "costAndExpenses": 818111000,
    "interestIncome": 0,
    "interestExpense": 0,
    "depreciationAndAmortization": 104465000,
    "ebitda": 327575000,
    "ebitdaratio": 0.3146066013,
    "operatingIncome": 233531000,
    "operatingIncomeRatio": 0.2242857184,
    "totalOtherIncomeExpensesNet": -71116000,
    "incomeBeforeTax": 162415000,
    "incomeBeforeTaxRatio": 0.1559851367,
    "incomeTaxExpense": 60540000,
    "netIncome": 101875000,
    "netIncomeRatio": 0.0978418607,
    "eps": 0.32,
    "epsdiluted": 0.32,
    "weightedAverageShsOut": 318359375,
    "weightedAverageShsOutDil": 323412698,
    "link": "https://www.sec.gov/Archives/edgar/data/789570/000091205702030672/0000912057-02-030672-index.htm",
    "finalLink": "https://www.sec.gov/Archives/edgar/data/789570/000091205702030672/a2086246z10-q.htm"
  },
  {
    "date": "2002-03-31",
    "symbol": "MGM",
    "reportedCurrency": "USD",
    "cik": "0000789570",
    "fillingDate": "2002-05-03",
    "acceptedDate": "2002-05-03 15:03:24",
    "calendarYear": "2002",
    "period": "Q1",
    "revenue": 1021140000,
    "costOfRevenue": 537389000,
    "grossProfit": 483751000,
    "grossProfitRatio": 0.4737362164,
    "researchAndDevelopmentExpenses": 0,
    "generalAndAdministrativeExpenses": 147580000,
    "sellingAndMarketingExpenses": 14297000,
    "sellingGeneralAndAdministrativeExpenses": 161877000,
    "otherExpenses": -151242000,
    "operatingExpenses": 10635000,
    "costAndExpenses": 548024000,
    "interestIncome": 0,
    "interestExpense": 0,
    "depreciationAndAmortization": 110547000,
    "ebitda": 583663000,
    "ebitdaratio": 0.571579803,
    "operatingIncome": 207866000,
    "operatingIncomeRatio": 0.2035626848,
    "totalOtherIncomeExpensesNet": -74257000,
    "incomeBeforeTax": 133609000,
    "incomeBeforeTaxRatio": 0.1308429794,
    "incomeTaxExpense": 51653000,
    "netIncome": 81956000,
    "netIncomeRatio": 0.080259318,
    "eps": 0.26,
    "epsdiluted": 0.26,
    "weightedAverageShsOut": 315215385,
    "weightedAverageShsOutDil": 321396078,
    "link": "https://www.sec.gov/Archives/edgar/data/789570/000091205702018387/0000912057-02-018387-index.htm",
    "finalLink": "https://www.sec.gov/Archives/edgar/data/789570/000091205702018387/a2078685z10-q.htm"
  },
  {
    "date": "2001-12-31",
    "symbol": "MGM",
    "reportedCurrency": "USD",
    "cik": "0000789570",
    "fillingDate": "2002-03-26",
    "acceptedDate": "2002-03-26 00:00:00",
    "calendarYear": "2001",
    "period": "Q4",
    "revenue": 896281000,
    "costOfRevenue": 512483000,
    "grossProfit": 383798000,
    "grossProfitRatio": 0.4282116881,
    "researchAndDevelopmentExpenses": 0,
    "generalAndAdministrativeExpenses": 0,
    "sellingAndMarketingExpenses": 0,
    "sellingGeneralAndAdministrativeExpenses": 165754000,
    "otherExpenses": 128870000,
    "operatingExpenses": 294624000,
    "costAndExpenses": 807107000,
    "interestIncome": 0,
    "interestExpense": 0,
    "depreciationAndAmortization": 105478000,
    "ebitda": 194652000,
    "ebitdaratio": 0.2171774254,
    "operatingIncome": 85349000,
    "operatingIncomeRatio": 0.095225716,
    "totalOtherIncomeExpensesNet": -46794000,
    "incomeBeforeTax": 38555000,
    "incomeBeforeTaxRatio": 0.0430166432,
    "incomeTaxExpense": 14867000,
    "netIncome": 23688000,
    "netIncomeRatio": 0.0264292114,
    "eps": 0.0751,
    "epsdiluted": 0.0751,
    "weightedAverageShsOut": 315215385,
    "weightedAverageShsOutDil": 315215385,
    "link": "https://www.sec.gov/Archives/edgar/data/789570/000091205702011658/0000912057-02-011658-index.htm",
    "finalLink": "https://www.sec.gov/Archives/edgar/data/789570/000091205702011658/a2073904z10-k405.htm"
  },
  {
    "date": "2001-09-30",
    "symbol": "MGM",
    "reportedCurrency": "USD",
    "cik": "0000789570",
    "fillingDate": "2001-11-14",
    "acceptedDate": "2001-11-14 00:00:00",
    "calendarYear": "2001",
    "period": "Q3",
    "revenue": 992889000,
    "costOfRevenue": 572253000,
    "grossProfit": 420636000,
    "grossProfitRatio": 0.4236485649,
    "researchAndDevelopmentExpenses": 0,
    "generalAndAdministrativeExpenses": 157127000,
    "sellingAndMarketingExpenses": 36507000,
    "sellingGeneralAndAdministrativeExpenses": 193634000,
    "otherExpenses": 137673000,
    "operatingExpenses": 331307000,
    "costAndExpenses": 903560000,
    "interestIncome": 0,
    "interestExpense": 0,
    "depreciationAndAmortization": 105257000,
    "ebitda": 186178000,
    "ebitdaratio": 0.1875113935,
    "operatingIncome": 69433000,
    "operatingIncomeRatio": 0.0699302742,
    "totalOtherIncomeExpensesNet": -93107000,
    "incomeBeforeTax": -23674000,
    "incomeBeforeTaxRatio": -0.0238435515,
    "incomeTaxExpense": -9321000,
    "netIncome": -14353000,
    "netIncomeRatio": -0.0144557952,
    "eps": -0.0451,
    "epsdiluted": -0.0451,
    "weightedAverageShsOut": 318396000,
    "weightedAverageShsOutDil": 318396000,
    "link": "https://www.sec.gov/Archives/edgar/data/789570/000091205701539288/0000912057-01-539288-index.htm",
    "finalLink": "https://www.sec.gov/Archives/edgar/data/789570/000091205701539288/a2063066z10-q.htm"
  },
  {
    "date": "2001-06-30",
    "symbol": "MGM",
    "reportedCurrency": "USD",
    "cik": "0000789570",
    "fillingDate": "2001-08-14",
    "acceptedDate": "2001-08-14 00:00:00",
    "calendarYear": "2001",
    "period": "Q2",
    "revenue": 1051676000,
    "costOfRevenue": 574688000,
    "grossProfit": 476988000,
    "grossProfitRatio": 0.453550333,
    "researchAndDevelopmentExpenses": 0,
    "generalAndAdministrativeExpenses": 152161000,
    "sellingAndMarketingExpenses": 0,
    "sellingGeneralAndAdministrativeExpenses": 152161000,
    "otherExpenses": 98499000,
    "operatingExpenses": 250660000,
    "costAndExpenses": 825348000,
    "interestIncome": 0,
    "interestExpense": 0,
    "depreciationAndAmortization": 103855000,
    "ebitda": 319808000,
    "ebitdaratio": 0.3040936562,
    "operatingIncome": 226328000,
    "operatingIncomeRatio": 0.2152069649,
    "totalOtherIncomeExpensesNet": -91747000,
    "incomeBeforeTax": 124206000,
    "incomeBeforeTaxRatio": 0.1181029138,
    "incomeTaxExpense": 47620000,
    "netIncome": 76586000,
    "netIncomeRatio": 0.0728228085,
    "eps": 0.24,
    "epsdiluted": 0.24,
    "weightedAverageShsOut": 318680000,
    "weightedAverageShsOutDil": 323306000,
    "link": "https://www.sec.gov/Archives/edgar/data/789570/000091205701528193/0000912057-01-528193-index.htm",
    "finalLink": "https://www.sec.gov/Archives/edgar/data/789570/000091205701528193/a2056607z10-q.htm"
  },
  {
    "date": "2001-03-31",
    "symbol": "MGM",
    "reportedCurrency": "USD",
    "cik": "0000789570",
    "fillingDate": "2001-05-14",
    "acceptedDate": "2001-05-14 00:00:00",
    "calendarYear": "2001",
    "period": "Q1",
    "revenue": 1069507000,
    "costOfRevenue": 570054000,
    "grossProfit": 499453000,
    "grossProfitRatio": 0.4669936709,
    "researchAndDevelopmentExpenses": 0,
    "generalAndAdministrativeExpenses": 141194000,
    "sellingAndMarketingExpenses": 26348000,
    "sellingGeneralAndAdministrativeExpenses": 167542000,
    "otherExpenses": 95943000,
    "operatingExpenses": 263485000,
    "costAndExpenses": 833539000,
    "interestIncome": 0,
    "interestExpense": 0,
    "depreciationAndAmortization": 106641000,
    "ebitda": 343754000,
    "ebitdaratio": 0.3214135111,
    "operatingIncome": 235968000,
    "operatingIncomeRatio": 0.220632497,
    "totalOtherIncomeExpensesNet": -97466000,
    "incomeBeforeTax": 138502000,
    "incomeBeforeTaxRatio": 0.1295007887,
    "incomeTaxExpense": 53830000,
    "netIncome": 83894000,
    "netIncomeRatio": 0.0784417493,
    "eps": 0.27,
    "epsdiluted": 0.26,
    "weightedAverageShsOut": 318438000,
    "weightedAverageShsOutDil": 322640000,
    "link": "https://www.sec.gov/Archives/edgar/data/789570/000091205701515323/0000912057-01-515323-index.htm",
    "finalLink": "https://www.sec.gov/Archives/edgar/data/789570/000091205701515323/a2047945z10-q.htm"
  },
  {
    "date": "2000-12-31",
    "symbol": "MGM",
    "reportedCurrency": "USD",
    "cik": "0000789570",
    "fillingDate": "2001-03-28",
    "acceptedDate": "2001-03-28 00:00:00",
    "calendarYear": "2000",
    "period": "Q4",
    "revenue": 1358047000,
    "costOfRevenue": 576495000,
    "grossProfit": 781552000,
    "grossProfitRatio": 0.5754970189,
    "researchAndDevelopmentExpenses": 0,
    "generalAndAdministrativeExpenses": 422655000,
    "sellingAndMarketingExpenses": 167923000,
    "sellingGeneralAndAdministrativeExpenses": 590578000,
    "otherExpenses": 107470000,
    "operatingExpenses": 698048000,
    "costAndExpenses": 1274543000,
    "interestIncome": 0,
    "interestExpense": 0,
    "depreciationAndAmortization": 107470000,
    "ebitda": 190974000,
    "ebitdaratio": 0.140623999,
    "operatingIncome": 83504000,
    "operatingIncomeRatio": 0.061488299,
    "totalOtherIncomeExpensesNet": -10401000,
    "incomeBeforeTax": 112519000,
    "incomeBeforeTaxRatio": 0.0828535389,
    "incomeTaxExpense": 44517000,
    "netIncome": 68002000,
    "netIncomeRatio": 0.0500733774,
    "eps": 0.21,
    "epsdiluted": 0.21,
    "weightedAverageShsOut": 314621315,
    "weightedAverageShsOutDil": 316581132,
    "link": "https://www.sec.gov/Archives/edgar/data/789570/000091205701008574/0000912057-01-008574-index.htm",
    "finalLink": "https://www.sec.gov/Archives/edgar/data/789570/000091205701008574/a2040243z10-k405.htm"
  },
  {
    "date": "2000-09-30",
    "symbol": "MGM",
    "reportedCurrency": "USD",
    "cik": "0000789570",
    "fillingDate": "2000-11-13",
    "acceptedDate": "2000-11-13 00:00:00",
    "calendarYear": "2000",
    "period": "Q3",
    "revenue": 1090674000,
    "costOfRevenue": 559527000,
    "grossProfit": 531147000,
    "grossProfitRatio": 0.4869896963,
    "researchAndDevelopmentExpenses": 0,
    "generalAndAdministrativeExpenses": 0,
    "sellingAndMarketingExpenses": 0,
    "sellingGeneralAndAdministrativeExpenses": 194524000,
    "otherExpenses": 111797000,
    "operatingExpenses": 306321000,
    "costAndExpenses": 865848000,
    "interestIncome": 0,
    "interestExpense": 0,
    "depreciationAndAmortization": 111797000,
    "ebitda": 348569000,
    "ebitdaratio": 0.3195904551,
    "operatingIncome": 224826000,
    "operatingIncomeRatio": 0.2061349221,
    "totalOtherIncomeExpensesNet": -115375000,
    "incomeBeforeTax": 121397000,
    "incomeBeforeTaxRatio": 0.1113045695,
    "incomeTaxExpense": 49283000,
    "netIncome": 67431000,
    "netIncomeRatio": 0.0618250733,
    "eps": 0.21,
    "epsdiluted": 0.21,
    "weightedAverageShsOut": 317696000,
    "weightedAverageShsOutDil": 324734000,
    "link": "https://www.sec.gov/Archives/edgar/data/789570/000091205700049259/0000912057-00-049259-index.htm",
    "finalLink": "https://www.sec.gov/Archives/edgar/data/789570/000091205700049259/a2029023z10-q.txt"
  },
  {
    "date": "2000-06-30",
    "symbol": "MGM",
    "reportedCurrency": "USD",
    "cik": "0000789570",
    "fillingDate": "2000-08-14",
    "acceptedDate": "2000-08-14 00:00:00",
    "calendarYear": "2000",
    "period": "Q2",
    "revenue": 627171000,
    "costOfRevenue": 315686000,
    "grossProfit": 311485000,
    "grossProfitRatio": 0.4966508337,
    "researchAndDevelopmentExpenses": 0,
    "generalAndAdministrativeExpenses": 0,
    "sellingAndMarketingExpenses": 0,
    "sellingGeneralAndAdministrativeExpenses": 115384000,
    "otherExpenses": 64632000,
    "operatingExpenses": 180016000,
    "costAndExpenses": 495702000,
    "interestIncome": 0,
    "interestExpense": 0,
    "depreciationAndAmortization": 64632000,
    "ebitda": 196101000,
    "ebitdaratio": 0.3126754904,
    "operatingIncome": 131469000,
    "operatingIncomeRatio": 0.2096222561,
    "totalOtherIncomeExpensesNet": -161297000,
    "incomeBeforeTax": -29828000,
    "incomeBeforeTaxRatio": -0.047559597,
    "incomeTaxExpense": -11567000,
    "netIncome": -18994000,
    "netIncomeRatio": -0.0302852013,
    "eps": -0.0632,
    "epsdiluted": -0.0632,
    "weightedAverageShsOut": 300368000,
    "weightedAverageShsOutDil": 300368000,
    "link": "https://www.sec.gov/Archives/edgar/data/789570/000094420900001352/0000944209-00-001352-index.htm",
    "finalLink": "https://www.sec.gov/Archives/edgar/data/789570/000094420900001352/0000944209-00-001352-0001.txt"
  },
  {
    "date": "2000-03-31",
    "symbol": "MGM",
    "reportedCurrency": "USD",
    "cik": "0000789570",
    "fillingDate": "2000-05-10",
    "acceptedDate": "2000-05-10 00:00:00",
    "calendarYear": "2000",
    "period": "Q1",
    "revenue": 442872000,
    "costOfRevenue": 233125000,
    "grossProfit": 209747000,
    "grossProfitRatio": 0.4736063693,
    "researchAndDevelopmentExpenses": 0,
    "generalAndAdministrativeExpenses": 0,
    "sellingAndMarketingExpenses": 0,
    "sellingGeneralAndAdministrativeExpenses": 76768000,
    "otherExpenses": 40539000,
    "operatingExpenses": 117307000,
    "costAndExpenses": 350432000,
    "interestIncome": 0,
    "interestExpense": 0,
    "depreciationAndAmortization": 40539000,
    "ebitda": 133141000,
    "ebitdaratio": 0.3006308821,
    "operatingIncome": 92440000,
    "operatingIncomeRatio": 0.2087284814,
    "totalOtherIncomeExpensesNet": -21490000,
    "incomeBeforeTax": 70952000,
    "incomeBeforeTaxRatio": 0.1602088188,
    "incomeTaxExpense": 26647000,
    "netIncome": 44305000,
    "netIncomeRatio": 0.1000401922,
    "eps": 0.2,
    "epsdiluted": 0.19,
    "weightedAverageShsOut": 225638000,
    "weightedAverageShsOutDil": 230876000,
    "link": "https://www.sec.gov/Archives/edgar/data/789570/000094420900000782/0000944209-00-000782-index.html",
    "finalLink": "https://www.sec.gov/Archives/edgar/data/789570/000094420900000782/"
  },
  {
    "date": "1999-12-31",
    "symbol": "MGM",
    "reportedCurrency": "USD",
    "cik": "0000789570",
    "fillingDate": "2000-03-22",
    "acceptedDate": "2000-03-22 00:00:00",
    "calendarYear": "1999",
    "period": "Q4",
    "revenue": 420900000,
    "costOfRevenue": 100100000,
    "grossProfit": 320800000,
    "grossProfitRatio": 0.7621762889,
    "researchAndDevelopmentExpenses": 0,
    "generalAndAdministrativeExpenses": 0,
    "sellingAndMarketingExpenses": 0,
    "sellingGeneralAndAdministrativeExpenses": 267000000,
    "otherExpenses": 39600000,
    "operatingExpenses": 306600000,
    "costAndExpenses": 406700000,
    "interestIncome": 0,
    "interestExpense": 0,
    "depreciationAndAmortization": 39600000,
    "ebitda": 53800000,
    "ebitdaratio": 0.1278213352,
    "operatingIncome": 14200000,
    "operatingIncomeRatio": 0.0337372297,
    "totalOtherIncomeExpensesNet": 49100000,
    "incomeBeforeTax": 63300000,
    "incomeBeforeTaxRatio": 0.1503920171,
    "incomeTaxExpense": 23400000,
    "netIncome": 39900000,
    "netIncomeRatio": 0.0947968639,
    "eps": 0.18,
    "epsdiluted": 0.18,
    "weightedAverageShsOut": 225212757,
    "weightedAverageShsOutDil": 225638000,
    "link": "https://www.sec.gov/Archives/edgar/data/789570/000094420900000404/0000944209-00-000404-index.html",
    "finalLink": "https://www.sec.gov/Archives/edgar/data/789570/000094420900000404/"
  },
  {
    "date": "1999-09-30",
    "symbol": "MGM",
    "reportedCurrency": "USD",
    "cik": "0000789570",
    "fillingDate": "1999-11-12",
    "acceptedDate": "1999-11-12 00:00:00",
    "calendarYear": "1999",
    "period": "Q3",
    "revenue": 400300000,
    "costOfRevenue": 199600000,
    "grossProfit": 200700000,
    "grossProfitRatio": 0.5013739695,
    "researchAndDevelopmentExpenses": 0,
    "generalAndAdministrativeExpenses": 0,
    "sellingAndMarketingExpenses": 0,
    "sellingGeneralAndAdministrativeExpenses": 78200000,
    "otherExpenses": 37800000,
    "operatingExpenses": 116000000,
    "costAndExpenses": 315600000,
    "interestIncome": 0,
    "interestExpense": 0,
    "depreciationAndAmortization": 37800000,
    "ebitda": 76384000,
    "ebitdaratio": 0.1908168873,
    "operatingIncome": 84700000,
    "operatingIncomeRatio": 0.2115913065,
    "totalOtherIncomeExpensesNet": -18931000,
    "incomeBeforeTax": 19700000,
    "incomeBeforeTaxRatio": 0.0492130902,
    "incomeTaxExpense": 7100000,
    "netIncome": 12605000,
    "netIncomeRatio": 0.0314888833,
    "eps": 0.055,
    "epsdiluted": 0.05,
    "weightedAverageShsOut": 229181818,
    "weightedAverageShsOutDil": 252100000,
    "link": "https://www.sec.gov/Archives/edgar/data/789570/000094420999001723/0000944209-99-001723-index.html",
    "finalLink": "https://www.sec.gov/Archives/edgar/data/789570/000094420999001723/"
  },
  {
    "date": "1999-06-30",
    "symbol": "MGM",
    "reportedCurrency": "USD",
    "cik": "0000789570",
    "fillingDate": "1999-08-03",
    "acceptedDate": "1999-08-03 00:00:00",
    "calendarYear": "1999",
    "period": "Q2",
    "revenue": 319100000,
    "costOfRevenue": 158000000,
    "grossProfit": 161100000,
    "grossProfitRatio": 0.5048574115,
    "researchAndDevelopmentExpenses": 0,
    "generalAndAdministrativeExpenses": 0,
    "sellingAndMarketingExpenses": 0,
    "sellingGeneralAndAdministrativeExpenses": 80900000,
    "otherExpenses": 29800000,
    "operatingExpenses": 110700000,
    "costAndExpenses": 268700000,
    "interestIncome": 0,
    "interestExpense": 0,
    "depreciationAndAmortization": 29800000,
    "ebitda": 80160000,
    "ebitdaratio": 0.2512065183,
    "operatingIncome": 50400000,
    "operatingIncomeRatio": 0.1579442181,
    "totalOtherIncomeExpensesNet": -12060000,
    "incomeBeforeTax": 38300000,
    "incomeBeforeTaxRatio": 0.1200250705,
    "incomeTaxExpense": 14200000,
    "netIncome": 24100000,
    "netIncomeRatio": 0.0755249138,
    "eps": 0.1,
    "epsdiluted": 0.095,
    "weightedAverageShsOut": 241000000,
    "weightedAverageShsOutDil": 253684211,
    "link": "https://www.sec.gov/Archives/edgar/data/789570/000094420999001240/0000944209-99-001240-index.html",
    "finalLink": "https://www.sec.gov/Archives/edgar/data/789570/000094420999001240/"
  },
  {
    "date": "1999-03-31",
    "symbol": "MGM",
    "reportedCurrency": "USD",
    "cik": "0000789570",
    "fillingDate": "1999-05-14",
    "acceptedDate": "1999-05-14 00:00:00",
    "calendarYear": "1999",
    "period": "Q1",
    "revenue": 251400000,
    "costOfRevenue": 132800000,
    "grossProfit": 118600000,
    "grossProfitRatio": 0.4717581543,
    "researchAndDevelopmentExpenses": 0,
    "generalAndAdministrativeExpenses": 0,
    "sellingAndMarketingExpenses": 0,
    "sellingGeneralAndAdministrativeExpenses": 59000000,
    "otherExpenses": 21600000,
    "operatingExpenses": 80600000,
    "costAndExpenses": 213400000,
    "interestIncome": 0,
    "interestExpense": 0,
    "depreciationAndAmortization": 21600000,
    "ebitda": 59567000,
    "ebitdaratio": 0.2369411297,
    "operatingIncome": 38000000,
    "operatingIncomeRatio": 0.1511535402,
    "totalOtherIncomeExpensesNet": -9167000,
    "incomeBeforeTax": 28800000,
    "incomeBeforeTaxRatio": 0.1145584726,
    "incomeTaxExpense": 10300000,
    "netIncome": 9400000,
    "netIncomeRatio": 0.0373906126,
    "eps": 0.04,
    "epsdiluted": 0.04,
    "weightedAverageShsOut": 235000000,
    "weightedAverageShsOutDil": 235000000,
    "link": "https://www.sec.gov/Archives/edgar/data/789570/000094420999000779/0000944209-99-000779-index.html",
    "finalLink": "https://www.sec.gov/Archives/edgar/data/789570/"
  },
  {
    "date": "1998-12-31",
    "symbol": "MGM",
    "reportedCurrency": "USD",
    "cik": "0000789570",
    "fillingDate": "1999-03-22",
    "acceptedDate": "1999-03-22 00:00:00",
    "calendarYear": "1998",
    "period": "Q4",
    "revenue": 215000000,
    "costOfRevenue": 108300000,
    "grossProfit": 106700000,
    "grossProfitRatio": 0.4962790698,
    "researchAndDevelopmentExpenses": 0,
    "generalAndAdministrativeExpenses": 0,
    "sellingAndMarketingExpenses": 0,
    "sellingGeneralAndAdministrativeExpenses": 44000000,
    "otherExpenses": 20600000,
    "operatingExpenses": 64600000,
    "costAndExpenses": 172900000,
    "interestIncome": 0,
    "interestExpense": 0,
    "depreciationAndAmortization": 20600000,
    "ebitda": 62700000,
    "ebitdaratio": 0.291627907,
    "operatingIncome": 42100000,
    "operatingIncomeRatio": 0.1958139535,
    "totalOtherIncomeExpensesNet": -8200000,
    "incomeBeforeTax": 33900000,
    "incomeBeforeTaxRatio": 0.1576744186,
    "incomeTaxExpense": 12700000,
    "netIncome": 21200000,
    "netIncomeRatio": 0.0986046512,
    "eps": 0.0902,
    "epsdiluted": 0.0902,
    "weightedAverageShsOut": 235000000,
    "weightedAverageShsOutDil": 235000000,
    "link": "https://www.sec.gov/Archives/edgar/data/789570/000094420999000341/0000944209-99-000341-index.html",
    "finalLink": "https://www.sec.gov/Archives/edgar/data/789570/"
  },
  {
    "date": "1998-09-30",
    "symbol": "MGM",
    "reportedCurrency": "USD",
    "cik": "0000789570",
    "fillingDate": "1998-11-10",
    "acceptedDate": "1998-11-10 00:00:00",
    "calendarYear": "1998",
    "period": "Q3",
    "revenue": 193700000,
    "costOfRevenue": 101700000,
    "grossProfit": 92000000,
    "grossProfitRatio": 0.4749612803,
    "researchAndDevelopmentExpenses": 0,
    "generalAndAdministrativeExpenses": 0,
    "sellingAndMarketingExpenses": 0,
    "sellingGeneralAndAdministrativeExpenses": 36700000,
    "otherExpenses": 21200000,
    "operatingExpenses": 57900000,
    "costAndExpenses": 159600000,
    "interestIncome": 0,
    "interestExpense": 0,
    "depreciationAndAmortization": 21200000,
    "ebitda": 55300000,
    "ebitdaratio": 0.2854930305,
    "operatingIncome": 34100000,
    "operatingIncomeRatio": 0.1760454311,
    "totalOtherIncomeExpensesNet": -7400000,
    "incomeBeforeTax": 26700000,
    "incomeBeforeTaxRatio": 0.1378420237,
    "incomeTaxExpense": 9600000,
    "netIncome": 17100000,
    "netIncomeRatio": 0.0882808467,
    "eps": 0.08,
    "epsdiluted": 0.08,
    "weightedAverageShsOut": 213750000,
    "weightedAverageShsOutDil": 213750000,
    "link": "https://www.sec.gov/Archives/edgar/data/789570/000094420998001850/0000944209-98-001850-index.html",
    "finalLink": "https://www.sec.gov/Archives/edgar/data/789570/"
  },
  {
    "date": "1998-06-30",
    "symbol": "MGM",
    "reportedCurrency": "USD",
    "cik": "0000789570",
    "fillingDate": "1998-08-13",
    "acceptedDate": "1998-08-13 00:00:00",
    "calendarYear": "1998",
    "period": "Q2",
    "revenue": 185400000,
    "costOfRevenue": 100100000,
    "grossProfit": 85300000,
    "grossProfitRatio": 0.4600862999,
    "researchAndDevelopmentExpenses": 0,
    "generalAndAdministrativeExpenses": 0,
    "sellingAndMarketingExpenses": 0,
    "sellingGeneralAndAdministrativeExpenses": 38700000,
    "otherExpenses": 19400000,
    "operatingExpenses": 58100000,
    "costAndExpenses": 158200000,
    "interestIncome": 0,
    "interestExpense": 0,
    "depreciationAndAmortization": 19400000,
    "ebitda": 46600000,
    "ebitdaratio": 0.2513484358,
    "operatingIncome": 27200000,
    "operatingIncomeRatio": 0.1467098166,
    "totalOtherIncomeExpensesNet": -3700000,
    "incomeBeforeTax": 23500000,
    "incomeBeforeTaxRatio": 0.1267529666,
    "incomeTaxExpense": 9100000,
    "netIncome": 14400000,
    "netIncomeRatio": 0.0776699029,
    "eps": 0.065,
    "epsdiluted": 0.065,
    "weightedAverageShsOut": 221538462,
    "weightedAverageShsOutDil": 221538462,
    "link": "https://www.sec.gov/Archives/edgar/data/789570/000094420998001467/0000944209-98-001467-index.html",
    "finalLink": "https://www.sec.gov/Archives/edgar/data/789570/"
  },
  {
    "date": "1998-03-31",
    "symbol": "MGM",
    "reportedCurrency": "USD",
    "cik": "0000789570",
    "fillingDate": "1998-05-14",
    "acceptedDate": "1998-05-14 00:00:00",
    "calendarYear": "1998",
    "period": "Q1",
    "revenue": 179800000,
    "costOfRevenue": 99200000,
    "grossProfit": 80600000,
    "grossProfitRatio": 0.4482758621,
    "researchAndDevelopmentExpenses": 0,
    "generalAndAdministrativeExpenses": 0,
    "sellingAndMarketingExpenses": 0,
    "sellingGeneralAndAdministrativeExpenses": 35200000,
    "otherExpenses": 17300000,
    "operatingExpenses": 52500000,
    "costAndExpenses": 151700000,
    "interestIncome": 0,
    "interestExpense": 0,
    "depreciationAndAmortization": 17300000,
    "ebitda": 45400000,
    "ebitdaratio": 0.2525027809,
    "operatingIncome": 28100000,
    "operatingIncomeRatio": 0.1562847608,
    "totalOtherIncomeExpensesNet": -2700000,
    "incomeBeforeTax": 25400000,
    "incomeBeforeTaxRatio": 0.1412680756,
    "incomeTaxExpense": 9100000,
    "netIncome": 16300000,
    "netIncomeRatio": 0.0906562848,
    "eps": 0.07,
    "epsdiluted": 0.07,
    "weightedAverageShsOut": 232857143,
    "weightedAverageShsOutDil": 232857143,
    "link": "https://www.sec.gov/Archives/edgar/data/789570/000094420998000994/0000944209-98-000994-index.html",
    "finalLink": "https://www.sec.gov/Archives/edgar/data/789570/"
  },
  {
    "date": "1997-12-31",
    "symbol": "MGM",
    "reportedCurrency": "USD",
    "cik": "0000789570",
    "fillingDate": "1998-03-30",
    "acceptedDate": "1998-03-30 00:00:00",
    "calendarYear": "1997",
    "period": "Q4",
    "revenue": 212600000,
    "costOfRevenue": 106100000,
    "grossProfit": 106500000,
    "grossProfitRatio": 0.5009407338,
    "researchAndDevelopmentExpenses": 0,
    "generalAndAdministrativeExpenses": 0,
    "sellingAndMarketingExpenses": 0,
    "sellingGeneralAndAdministrativeExpenses": 35800000,
    "otherExpenses": 16700000,
    "operatingExpenses": 52500000,
    "costAndExpenses": 158600000,
    "interestIncome": 0,
    "interestExpense": 0,
    "depreciationAndAmortization": 16700000,
    "ebitda": 70700000,
    "ebitdaratio": 0.3325493885,
    "operatingIncome": 54000000,
    "operatingIncomeRatio": 0.2539981185,
    "totalOtherIncomeExpensesNet": -2200000,
    "incomeBeforeTax": 51800000,
    "incomeBeforeTaxRatio": 0.243650047,
    "incomeTaxExpense": 18300000,
    "netIncome": 33500000,
    "netIncomeRatio": 0.1575729069,
    "eps": 0.14,
    "epsdiluted": 0.14,
    "weightedAverageShsOut": 230907960,
    "weightedAverageShsOutDil": 232857143,
    "link": "https://www.sec.gov/Archives/edgar/data/789570/000094420998000644/0000944209-98-000644-index.html",
    "finalLink": "https://www.sec.gov/Archives/edgar/data/789570/"
  },
  {
    "date": "1997-09-30",
    "symbol": "MGM",
    "reportedCurrency": "USD",
    "cik": "0000789570",
    "fillingDate": "1997-11-06",
    "acceptedDate": "1997-11-06 00:00:00",
    "calendarYear": "1997",
    "period": "Q3",
    "revenue": 208400000,
    "costOfRevenue": 99800000,
    "grossProfit": 108600000,
    "grossProfitRatio": 0.5211132438,
    "researchAndDevelopmentExpenses": 0,
    "generalAndAdministrativeExpenses": 0,
    "sellingAndMarketingExpenses": 0,
    "sellingGeneralAndAdministrativeExpenses": 32300000,
    "otherExpenses": 16400000,
    "operatingExpenses": 48700000,
    "costAndExpenses": 148500000,
    "interestIncome": 0,
    "interestExpense": 0,
    "depreciationAndAmortization": 16400000,
    "ebitda": 76300000,
    "ebitdaratio": 0.3661228407,
    "operatingIncome": 59900000,
    "operatingIncomeRatio": 0.287428023,
    "totalOtherIncomeExpensesNet": -30900000,
    "incomeBeforeTax": 29000000,
    "incomeBeforeTaxRatio": 0.1391554702,
    "incomeTaxExpense": 10300000,
    "netIncome": 14500000,
    "netIncomeRatio": 0.0695777351,
    "eps": 0.06,
    "epsdiluted": 0.06,
    "weightedAverageShsOut": 241666667,
    "weightedAverageShsOutDil": 241666667,
    "link": "https://www.sec.gov/Archives/edgar/data/789570/000094420997001462/0000944209-97-001462-index.html",
    "finalLink": "https://www.sec.gov/Archives/edgar/data/789570/"
  },
  {
    "date": "1997-06-30",
    "symbol": "MGM",
    "reportedCurrency": "USD",
    "cik": "0000789570",
    "fillingDate": "1997-08-12",
    "acceptedDate": "1997-08-12 00:00:00",
    "calendarYear": "1997",
    "period": "Q2",
    "revenue": 209100000,
    "costOfRevenue": 104600000,
    "grossProfit": 104500000,
    "grossProfitRatio": 0.49976088,
    "researchAndDevelopmentExpenses": 0,
    "generalAndAdministrativeExpenses": 0,
    "sellingAndMarketingExpenses": 0,
    "sellingGeneralAndAdministrativeExpenses": 34000000,
    "otherExpenses": 16400000,
    "operatingExpenses": 50400000,
    "costAndExpenses": 155000000,
    "interestIncome": 0,
    "interestExpense": 0,
    "depreciationAndAmortization": 16400000,
    "ebitda": 70500000,
    "ebitdaratio": 0.3371592539,
    "operatingIncome": 54100000,
    "operatingIncomeRatio": 0.2587278814,
    "totalOtherIncomeExpensesNet": -2700000,
    "incomeBeforeTax": 51400000,
    "incomeBeforeTaxRatio": 0.2458153993,
    "incomeTaxExpense": 18400000,
    "netIncome": 33000000,
    "netIncomeRatio": 0.1578192253,
    "eps": 0.14,
    "epsdiluted": 0.14,
    "weightedAverageShsOut": 227586207,
    "weightedAverageShsOutDil": 235714286,
    "link": "https://www.sec.gov/Archives/edgar/data/789570/000094420997001033/0000944209-97-001033-index.html",
    "finalLink": "https://www.sec.gov/Archives/edgar/data/789570/"
  },
  {
    "date": "1997-03-31",
    "symbol": "MGM",
    "reportedCurrency": "USD",
    "cik": "0000789570",
    "fillingDate": "1997-05-06",
    "acceptedDate": "1997-05-06 00:00:00",
    "calendarYear": "1997",
    "period": "Q1",
    "revenue": 197500000,
    "costOfRevenue": 94700000,
    "grossProfit": 102800000,
    "grossProfitRatio": 0.5205063291,
    "researchAndDevelopmentExpenses": 0,
    "generalAndAdministrativeExpenses": 0,
    "sellingAndMarketingExpenses": 0,
    "sellingGeneralAndAdministrativeExpenses": 35300000,
    "otherExpenses": 15900000,
    "operatingExpenses": 51200000,
    "costAndExpenses": 145900000,
    "interestIncome": 0,
    "interestExpense": 0,
    "depreciationAndAmortization": 15900000,
    "ebitda": 67500000,
    "ebitdaratio": 0.3417721519,
    "operatingIncome": 51600000,
    "operatingIncomeRatio": 0.2612658228,
    "totalOtherIncomeExpensesNet": -3500000,
    "incomeBeforeTax": 48100000,
    "incomeBeforeTaxRatio": 0.2435443038,
    "incomeTaxExpense": 17900000,
    "netIncome": 30200000,
    "netIncomeRatio": 0.1529113924,
    "eps": 0.13,
    "epsdiluted": 0.13,
    "weightedAverageShsOut": 232307692,
    "weightedAverageShsOutDil": 232307692,
    "link": "https://www.sec.gov/Archives/edgar/data/789570/000089843097001890/0000898430-97-001890-index.html",
    "finalLink": "https://www.sec.gov/Archives/edgar/data/789570/"
  },
  {
    "date": "1996-12-31",
    "symbol": "MGM",
    "reportedCurrency": "USD",
    "cik": "0000789570",
    "fillingDate": "1997-03-26",
    "acceptedDate": "1997-03-26 00:00:00",
    "calendarYear": "1996",
    "period": "Q4",
    "revenue": 206600000,
    "costOfRevenue": 106300000,
    "grossProfit": 100300000,
    "grossProfitRatio": 0.4854791868,
    "researchAndDevelopmentExpenses": 0,
    "generalAndAdministrativeExpenses": 0,
    "sellingAndMarketingExpenses": 0,
    "sellingGeneralAndAdministrativeExpenses": 39600000,
    "otherExpenses": 16500000,
    "operatingExpenses": 56100000,
    "costAndExpenses": 162400000,
    "interestIncome": 0,
    "interestExpense": 0,
    "depreciationAndAmortization": 16500000,
    "ebitda": 60700000,
    "ebitdaratio": 0.293804453,
    "operatingIncome": 44200000,
    "operatingIncomeRatio": 0.2139399806,
    "totalOtherIncomeExpensesNet": -7200000,
    "incomeBeforeTax": 37000000,
    "incomeBeforeTaxRatio": 0.179090029,
    "incomeTaxExpense": 13000000,
    "netIncome": 24000000,
    "netIncomeRatio": 0.1161665053,
    "eps": 0.1,
    "epsdiluted": 0.1,
    "weightedAverageShsOut": 232307692,
    "weightedAverageShsOutDil": 232307692,
    "link": "https://www.sec.gov/Archives/edgar/data/789570/000089843097001157/0000898430-97-001157-index.html",
    "finalLink": "https://www.sec.gov/Archives/edgar/data/789570/"
  },
  {
    "date": "1996-09-30",
    "symbol": "MGM",
    "reportedCurrency": "USD",
    "cik": "0000789570",
    "fillingDate": "1996-11-14",
    "acceptedDate": "1996-11-14 00:00:00",
    "calendarYear": "1996",
    "period": "Q3",
    "revenue": 198400000,
    "costOfRevenue": 99800000,
    "grossProfit": 98600000,
    "grossProfitRatio": 0.4969758065,
    "researchAndDevelopmentExpenses": 0,
    "generalAndAdministrativeExpenses": 0,
    "sellingAndMarketingExpenses": 0,
    "sellingGeneralAndAdministrativeExpenses": 37600000,
    "otherExpenses": 16600000,
    "operatingExpenses": 54200000,
    "costAndExpenses": 154000000,
    "interestIncome": 0,
    "interestExpense": 0,
    "depreciationAndAmortization": 17300000,
    "ebitda": 61700000,
    "ebitdaratio": 0.3109879032,
    "operatingIncome": 44400000,
    "operatingIncomeRatio": 0.2237903226,
    "totalOtherIncomeExpensesNet": -51200000,
    "incomeBeforeTax": -6800000,
    "incomeBeforeTaxRatio": -0.0342741935,
    "incomeTaxExpense": -2100000,
    "netIncome": -35500000,
    "netIncomeRatio": -0.1789314516,
    "eps": -0.16,
    "epsdiluted": -0.16,
    "weightedAverageShsOut": 229032258,
    "weightedAverageShsOutDil": 229032258,
    "link": "https://www.sec.gov/Archives/edgar/data/789570/000089843096005353/0000898430-96-005353-index.html",
    "finalLink": "https://www.sec.gov/Archives/edgar/data/789570/"
  },
  {
    "date": "1996-06-30",
    "symbol": "MGM",
    "reportedCurrency": "USD",
    "cik": "0000789570",
    "fillingDate": "1996-08-14",
    "acceptedDate": "1996-08-14 00:00:00",
    "calendarYear": "1996",
    "period": "Q2",
    "revenue": 190500000,
    "costOfRevenue": 95300000,
    "grossProfit": 95200000,
    "grossProfitRatio": 0.4997375328,
    "researchAndDevelopmentExpenses": 0,
    "generalAndAdministrativeExpenses": 0,
    "sellingAndMarketingExpenses": 0,
    "sellingGeneralAndAdministrativeExpenses": 31100000,
    "otherExpenses": 15400000,
    "operatingExpenses": 46500000,
    "costAndExpenses": 141800000,
    "interestIncome": 0,
    "interestExpense": 0,
    "depreciationAndAmortization": 14700000,
    "ebitda": 64100000,
    "ebitdaratio": 0.3364829396,
    "operatingIncome": 48700000,
    "operatingIncomeRatio": 0.2556430446,
    "totalOtherIncomeExpensesNet": -14400000,
    "incomeBeforeTax": 34300000,
    "incomeBeforeTaxRatio": 0.1800524934,
    "incomeTaxExpense": 13700000,
    "netIncome": 20600000,
    "netIncomeRatio": 0.1081364829,
    "eps": 0.11,
    "epsdiluted": 0.11,
    "weightedAverageShsOut": 187272727,
    "weightedAverageShsOutDil": 196190476,
    "link": "https://www.sec.gov/Archives/edgar/data/789570/000089843096003869/0000898430-96-003869-index.html",
    "finalLink": "https://www.sec.gov/Archives/edgar/data/789570/"
  },
  {
    "date": "1996-03-31",
    "symbol": "MGM",
    "reportedCurrency": "USD",
    "cik": "0000789570",
    "fillingDate": "1996-05-15",
    "acceptedDate": "1996-05-15 00:00:00",
    "calendarYear": "1996",
    "period": "Q1",
    "revenue": 209300000,
    "costOfRevenue": 102200000,
    "grossProfit": 107100000,
    "grossProfitRatio": 0.5117056856,
    "researchAndDevelopmentExpenses": 0,
    "generalAndAdministrativeExpenses": 0,
    "sellingAndMarketingExpenses": 0,
    "sellingGeneralAndAdministrativeExpenses": 41900000,
    "otherExpenses": 16000000,
    "operatingExpenses": 57900000,
    "costAndExpenses": 160100000,
    "interestIncome": 0,
    "interestExpense": 0,
    "depreciationAndAmortization": 16000000,
    "ebitda": 65200000,
    "ebitdaratio": 0.3115145724,
    "operatingIncome": 49200000,
    "operatingIncomeRatio": 0.2350692785,
    "totalOtherIncomeExpensesNet": 1100000,
    "incomeBeforeTax": 50300000,
    "incomeBeforeTaxRatio": 0.2403248925,
    "incomeTaxExpense": 14700000,
    "netIncome": 34500000,
    "netIncomeRatio": 0.1648351648,
    "eps": 0.18,
    "epsdiluted": 0.18,
    "weightedAverageShsOut": 191666667,
    "weightedAverageShsOutDil": 197142857,
    "link": "https://www.sec.gov/Archives/edgar/data/789570/000095010996003092/0000950109-96-003092-index.html",
    "finalLink": "https://www.sec.gov/Archives/edgar/data/789570/"
  },
  {
    "date": "1995-12-31",
    "symbol": "MGM",
    "reportedCurrency": "USD",
    "cik": "0000789570",
    "fillingDate": "1996-06-26",
    "acceptedDate": "1996-06-26 00:00:00",
    "calendarYear": "1995",
    "period": "Q4",
    "revenue": 150900000,
    "costOfRevenue": 50200000,
    "grossProfit": 100700000,
    "grossProfitRatio": 0.6673293572,
    "researchAndDevelopmentExpenses": 0,
    "generalAndAdministrativeExpenses": 0,
    "sellingAndMarketingExpenses": 0,
    "sellingGeneralAndAdministrativeExpenses": 39400000,
    "otherExpenses": 15600000,
    "operatingExpenses": 55000000,
    "costAndExpenses": 105200000,
    "interestIncome": 0,
    "interestExpense": 0,
    "depreciationAndAmortization": 15600000,
    "ebitda": 61300000,
    "ebitdaratio": 0.4062292909,
    "operatingIncome": 45700000,
    "operatingIncomeRatio": 0.3028495693,
    "totalOtherIncomeExpensesNet": 700000,
    "incomeBeforeTax": 46400000,
    "incomeBeforeTaxRatio": 0.3074884029,
    "incomeTaxExpense": 13900000,
    "netIncome": 31800000,
    "netIncomeRatio": 0.2107355865,
    "eps": 0.17,
    "epsdiluted": 0.17,
    "weightedAverageShsOut": 184704000,
    "weightedAverageShsOutDil": 191666667,
    "link": "https://www.sec.gov/Archives/edgar/data/789570/000094420996000096/0000944209-96-000096-index.html",
    "finalLink": "https://www.sec.gov/Archives/edgar/data/789570/"
  },
  {
    "date": "1995-09-30",
    "symbol": "MGM",
    "reportedCurrency": "USD",
    "cik": "0000789570",
    "fillingDate": "1995-11-14",
    "acceptedDate": "1995-11-14 00:00:00",
    "calendarYear": "1995",
    "period": "Q3",
    "revenue": 212400000,
    "costOfRevenue": 115500000,
    "grossProfit": 96900000,
    "grossProfitRatio": 0.4562146893,
    "researchAndDevelopmentExpenses": 0,
    "generalAndAdministrativeExpenses": 0,
    "sellingAndMarketingExpenses": 0,
    "sellingGeneralAndAdministrativeExpenses": 47100000,
    "otherExpenses": 14900000,
    "operatingExpenses": 62000000,
    "costAndExpenses": 177500000,
    "interestIncome": 0,
    "interestExpense": 0,
    "depreciationAndAmortization": 14900000,
    "ebitda": 49800000,
    "ebitdaratio": 0.2344632768,
    "operatingIncome": 34900000,
    "operatingIncomeRatio": 0.1643126177,
    "totalOtherIncomeExpensesNet": -5500000,
    "incomeBeforeTax": 29400000,
    "incomeBeforeTaxRatio": 0.1384180791,
    "incomeTaxExpense": 19000000,
    "netIncome": 15900000,
    "netIncomeRatio": 0.0748587571,
    "eps": 0.085,
    "epsdiluted": 0.085,
    "weightedAverageShsOut": 187058824,
    "weightedAverageShsOutDil": 187058824,
    "link": "https://www.sec.gov/Archives/edgar/data/789570/000089843095002386/0000898430-95-002386-index.html",
    "finalLink": "https://www.sec.gov/Archives/edgar/data/789570/"
  }
]