[
  {
    "date": "2024-12-31",
    "symbol": "MGM",
    "reportedCurrency": "USD",
    "cik": "0000789570",
    "fillingDate": "2025-02-18",
    "acceptedDate": "2025-02-18 16:14:47",
    "calendarYear": "2024",
    "period": "FY",
    "revenue": 17240545000,
    "costOfRevenue": 9393541000,
    "grossProfit": 7847004000,
    "grossProfitRatio": 0.4551482566,
    "researchAndDevelopmentExpenses": 0,
    "generalAndAdministrativeExpenses": 4825313000,
    "sellingAndMarketingExpenses": 0,
    "sellingGeneralAndAdministrativeExpenses": 4825313000,
    "otherExpenses": 1531235000,
    "operatingExpenses": 6356548000,
    "costAndExpenses": 15750089000,
    "interestIncome": 0,
    "interestExpense": 443230000,
    "depreciationAndAmortization": 831097000,
    "ebitda": 2391392000,
    "ebitdaratio": 0.1387074481,
    "operatingIncome": 1490456000,
    "operatingIncomeRatio": 0.0864506313,
    "totalOtherIncomeExpensesNet": -373391000,
    "incomeBeforeTax": 1117065000,
    "incomeBeforeTaxRatio": 0.0647929053,
    "incomeTaxExpense": 52457000,
    "netIncome": 746558000,
    "netIncomeRatio": 0.0433024594,
    "eps": 2.44,
    "epsdiluted": 2.42,
    "weightedAverageShsOut": 307408000,
    "weightedAverageShsOutDil": 310232000,
    "link": "https://www.sec.gov/Archives/edgar/data/789570/000078957025000008/0000789570-25-000008-index.htm",
    "finalLink": "https://www.sec.gov/Archives/edgar/data/789570/000078957025000008/mgm-20241231.htm"
  },
  {
    "date": "2023-12-31",
    "symbol": "MGM",
    "reportedCurrency": "USD",
    "cik": "0000789570",
    "fillingDate": "2024-02-23",
    "acceptedDate": "2024-02-23 08:28:47",
    "calendarYear": "2023",
    "period": "FY",
    "revenue": 16164249000,
    "costOfRevenue": 8553562000,
    "grossProfit": 7610687000,
    "grossProfitRatio": 0.4708345559,
    "researchAndDevelopmentExpenses": 0,
    "generalAndAdministrativeExpenses": 4914056000,
    "sellingAndMarketingExpenses": 299000000,
    "sellingGeneralAndAdministrativeExpenses": 5213471000,
    "otherExpenses": 505719000,
    "operatingExpenses": 5719190000,
    "costAndExpenses": 14227012000,
    "interestIncome": 0,
    "interestExpense": 460293000,
    "depreciationAndAmortization": 814128000,
    "ebitda": 2747184000,
    "ebitdaratio": 0.1699543233,
    "operatingIncome": 1891497000,
    "operatingIncomeRatio": 0.117017314,
    "totalOtherIncomeExpensesNet": -418734000,
    "incomeBeforeTax": 1472763000,
    "incomeBeforeTaxRatio": 0.0911123678,
    "incomeTaxExpense": 157839000,
    "netIncome": 1142180000,
    "netIncomeRatio": 0.0706608764,
    "eps": 3.22,
    "epsdiluted": 3.19,
    "weightedAverageShsOut": 354926000,
    "weightedAverageShsOutDil": 358627000,
    "link": "https://www.sec.gov/Archives/edgar/data/789570/000078957024000005/0000789570-24-000005-index.htm",
    "finalLink": "https://www.sec.gov/Archives/edgar/data/789570/000078957024000005/mgm-20231231.htm"
  },
  {
    "date": "2022-12-31",
    "symbol": "MGM",
    "reportedCurrency": "USD",
    "cik": "0000789570",
    "fillingDate": "2023-02-24",
    "acceptedDate": "2023-02-24 08:11:14",
    "calendarYear": "2022",
    "period": "FY",
    "revenue": 13127485000,
    "costOfRevenue": 6652983000,
    "grossProfit": 6474502000,
    "grossProfitRatio": 0.4932020109,
    "researchAndDevelopmentExpenses": 0,
    "generalAndAdministrativeExpenses": 4470735000,
    "sellingAndMarketingExpenses": 235000000,
    "sellingGeneralAndAdministrativeExpenses": 4707611000,
    "otherExpenses": 3961168000,
    "operatingExpenses": 8187785000,
    "costAndExpenses": 14840768000,
    "interestIncome": 0,
    "interestExpense": 594954000,
    "depreciationAndAmortization": 3919653000,
    "ebitda": 1766891000,
    "ebitdaratio": 0.1345947834,
    "operatingIncome": -1814115000,
    "operatingIncomeRatio": -0.1381921213,
    "totalOtherIncomeExpensesNet": -535573000,
    "incomeBeforeTax": 903799000,
    "incomeBeforeTaxRatio": 0.068847841,
    "incomeTaxExpense": 697068000,
    "netIncome": 206731000,
    "netIncomeRatio": 0.0157479517,
    "eps": 0.51,
    "epsdiluted": 0.5,
    "weightedAverageShsOut": 409201000,
    "weightedAverageShsOutDil": 412993000,
    "link": "https://www.sec.gov/Archives/edgar/data/789570/000078957023000008/0000789570-23-000008-index.htm",
    "finalLink": "https://www.sec.gov/Archives/edgar/data/789570/000078957023000008/mgm-20221231.htm"
  },
  {
    "date": "2021-12-31",
    "symbol": "MGM",
    "reportedCurrency": "USD",
    "cik": "0000789570",
    "fillingDate": "2022-02-25",
    "acceptedDate": "2022-02-25 08:14:02",
    "calendarYear": "2021",
    "period": "FY",
    "revenue": 9680140000,
    "costOfRevenue": 5030609000,
    "grossProfit": 4649531000,
    "grossProfitRatio": 0.4803165037,
    "researchAndDevelopmentExpenses": 0,
    "generalAndAdministrativeExpenses": 2507239000,
    "sellingAndMarketingExpenses": 0,
    "sellingGeneralAndAdministrativeExpenses": 2507239000,
    "otherExpenses": 1578481000,
    "operatingExpenses": 4085720000,
    "costAndExpenses": 9116329000,
    "interestIncome": 0,
    "interestExpense": 799593000,
    "depreciationAndAmortization": 1339527000,
    "ebitda": 1714421000,
    "ebitdaratio": 0.177107046,
    "operatingIncome": 631332000,
    "operatingIncomeRatio": 0.0652193047,
    "totalOtherIncomeExpensesNet": -816895000,
    "incomeBeforeTax": 1461804000,
    "incomeBeforeTaxRatio": 0.1510106259,
    "incomeTaxExpense": 253415000,
    "netIncome": 1254370000,
    "netIncomeRatio": 0.1295818036,
    "eps": 2.44,
    "epsdiluted": 2.41,
    "weightedAverageShsOut": 481930000,
    "weightedAverageShsOutDil": 487356000,
    "link": "https://www.sec.gov/Archives/edgar/data/789570/000078957022000005/0000789570-22-000005-index.htm",
    "finalLink": "https://www.sec.gov/Archives/edgar/data/789570/000078957022000005/mgm-20211231.htm"
  },
  {
    "date": "2020-12-31",
    "symbol": "MGM",
    "reportedCurrency": "USD",
    "cik": "0000789570",
    "fillingDate": "2021-02-26",
    "acceptedDate": "2021-02-26 08:16:34",
    "calendarYear": "2020",
    "period": "FY",
    "revenue": 5162082000,
    "costOfRevenue": 3452711000,
    "grossProfit": 1709371000,
    "grossProfitRatio": 0.3311398385,
    "researchAndDevelopmentExpenses": 0,
    "generalAndAdministrativeExpenses": 2401080000,
    "sellingAndMarketingExpenses": 88000000,
    "sellingGeneralAndAdministrativeExpenses": 2489164000,
    "otherExpenses": 1670788000,
    "operatingExpenses": 3793121000,
    "costAndExpenses": 7245832000,
    "interestIncome": 0,
    "interestExpense": 676380000,
    "depreciationAndAmortization": 1393955000,
    "ebitda": 558856000,
    "ebitdaratio": 0.108261744,
    "operatingIncome": -2083750000,
    "operatingIncomeRatio": -0.4036646454,
    "totalOtherIncomeExpensesNet": -869045000,
    "incomeBeforeTax": -1511479000,
    "incomeBeforeTaxRatio": -0.2928041438,
    "incomeTaxExpense": -191572000,
    "netIncome": -1319907000,
    "netIncomeRatio": -0.2556927612,
    "eps": -2.67,
    "epsdiluted": -2.67,
    "weightedAverageShsOut": 494152000,
    "weightedAverageShsOutDil": 494152000,
    "link": "https://www.sec.gov/Archives/edgar/data/789570/000156459021009205/0001564590-21-009205-index.htm",
    "finalLink": "https://www.sec.gov/Archives/edgar/data/789570/000156459021009205/mgm-10k_20201231.htm"
  },
  {
    "date": "2019-12-31",
    "symbol": "MGM",
    "reportedCurrency": "USD",
    "cik": "0000789570",
    "fillingDate": "2020-02-27",
    "acceptedDate": "2020-02-27 16:25:40",
    "calendarYear": "2019",
    "period": "FY",
    "revenue": 12899672000,
    "costOfRevenue": 7603489000,
    "grossProfit": 5296183000,
    "grossProfitRatio": 0.4105672609,
    "researchAndDevelopmentExpenses": 0,
    "generalAndAdministrativeExpenses": 2101217000,
    "sellingAndMarketingExpenses": 0,
    "sellingGeneralAndAdministrativeExpenses": 2101217000,
    "otherExpenses": -901530000,
    "operatingExpenses": 1199687000,
    "costAndExpenses": 8803176000,
    "interestIncome": 0,
    "interestExpense": 847932000,
    "depreciationAndAmortization": 1376433000,
    "ebitda": 2723149000,
    "ebitdaratio": 0.2111021893,
    "operatingIncome": 3940215000,
    "operatingIncomeRatio": 0.3054507898,
    "totalOtherIncomeExpensesNet": -1093490000,
    "incomeBeforeTax": 2846725000,
    "incomeBeforeTaxRatio": 0.2206819677,
    "incomeTaxExpense": 632345000,
    "netIncome": 2049146000,
    "netIncomeRatio": 0.1588525662,
    "eps": 3.9,
    "epsdiluted": 3.88,
    "weightedAverageShsOut": 524173000,
    "weightedAverageShsOutDil": 527645000,
    "link": "https://www.sec.gov/Archives/edgar/data/789570/000156459020007393/0001564590-20-007393-index.htm",
    "finalLink": "https://www.sec.gov/Archives/edgar/data/789570/000156459020007393/mgm-10k_20191231.htm"
  },
  {
    "date": "2018-12-31",
    "symbol": "MGM",
    "reportedCurrency": "USD",
    "cik": "0000789570",
    "fillingDate": "2019-02-27",
    "acceptedDate": "2019-02-27 14:03:00",
    "calendarYear": "2018",
    "period": "FY",
    "revenue": 11763096000,
    "costOfRevenue": 6918875000,
    "grossProfit": 4844221000,
    "grossProfitRatio": 0.4118151378,
    "researchAndDevelopmentExpenses": 0,
    "generalAndAdministrativeExpenses": 1764638000,
    "sellingAndMarketingExpenses": 0,
    "sellingGeneralAndAdministrativeExpenses": 1764638000,
    "otherExpenses": -18140000,
    "operatingExpenses": 3513278000,
    "costAndExpenses": 10432153000,
    "interestIncome": 0,
    "interestExpense": 769513000,
    "depreciationAndAmortization": 1178044000,
    "ebitda": 2508987000,
    "ebitdaratio": 0.213293082,
    "operatingIncome": 1469486000,
    "operatingIncomeRatio": 0.1249234045,
    "totalOtherIncomeExpensesNet": -835480000,
    "incomeBeforeTax": 634006000,
    "incomeBeforeTaxRatio": 0.0538978854,
    "incomeTaxExpense": 50112000,
    "netIncome": 466772000,
    "netIncomeRatio": 0.03968105,
    "eps": 0.86,
    "epsdiluted": 0.85,
    "weightedAverageShsOut": 544253000,
    "weightedAverageShsOutDil": 549536000,
    "link": "https://www.sec.gov/Archives/edgar/data/789570/000156459019004807/0001564590-19-004807-index.htm",
    "finalLink": "https://www.sec.gov/Archives/edgar/data/789570/000156459019004807/mgm-10k_20181231.htm"
  },
  {
    "date": "2017-12-31",
    "symbol": "MGM",
    "reportedCurrency": "USD",
    "cik": "0000789570",
    "fillingDate": "2018-03-01",
    "acceptedDate": "2018-03-01 06:04:26",
    "calendarYear": "2017",
    "period": "FY",
    "revenue": 10797479000,
    "costOfRevenue": 6193122000,
    "grossProfit": 4604357000,
    "grossProfitRatio": 0.4264288914,
    "researchAndDevelopmentExpenses": 0,
    "generalAndAdministrativeExpenses": 1559575000,
    "sellingAndMarketingExpenses": 0,
    "sellingGeneralAndAdministrativeExpenses": 1559575000,
    "otherExpenses": -48241000,
    "operatingExpenses": 3028402000,
    "costAndExpenses": 9221524000,
    "interestIncome": 0,
    "interestExpense": 668745000,
    "depreciationAndAmortization": 993480000,
    "ebitda": 2569435000,
    "ebitdaratio": 0.2379661956,
    "operatingIncome": 1712527000,
    "operatingIncomeRatio": 0.1586043372,
    "totalOtherIncomeExpensesNet": -751737000,
    "incomeBeforeTax": 960790000,
    "incomeBeforeTaxRatio": 0.0889828079,
    "incomeTaxExpense": -1127394000,
    "netIncome": 1952052000,
    "netIncomeRatio": 0.1807877561,
    "eps": 3.38,
    "epsdiluted": 3.34,
    "weightedAverageShsOut": 572253000,
    "weightedAverageShsOutDil": 578795000,
    "link": "https://www.sec.gov/Archives/edgar/data/789570/000156459018003942/0001564590-18-003942-index.htm",
    "finalLink": "https://www.sec.gov/Archives/edgar/data/789570/000156459018003942/mgm-10k_20171231.htm"
  },
  {
    "date": "2016-12-31",
    "symbol": "MGM",
    "reportedCurrency": "USD",
    "cik": "0000789570",
    "fillingDate": "2017-03-01",
    "acceptedDate": "2017-03-01 06:23:57",
    "calendarYear": "2016",
    "period": "FY",
    "revenue": 9455123000,
    "costOfRevenue": 5495664000,
    "grossProfit": 3959459000,
    "grossProfitRatio": 0.4187633519,
    "researchAndDevelopmentExpenses": 0,
    "generalAndAdministrativeExpenses": 1378617000,
    "sellingAndMarketingExpenses": 0,
    "sellingGeneralAndAdministrativeExpenses": 1378617000,
    "otherExpenses": -72698000,
    "operatingExpenses": 2680993000,
    "costAndExpenses": 8176657000,
    "interestIncome": 0,
    "interestExpense": 694773000,
    "depreciationAndAmortization": 849527000,
    "ebitda": 2803477000,
    "ebitdaratio": 0.2965034934,
    "operatingIncome": 2079787000,
    "operatingIncomeRatio": 0.2199640343,
    "totalOtherIncomeExpensesNet": -819022000,
    "incomeBeforeTax": 1259177000,
    "incomeBeforeTaxRatio": 0.1331740476,
    "incomeTaxExpense": 22299000,
    "netIncome": 1101440000,
    "netIncomeRatio": 0.1164913455,
    "eps": 1.94,
    "epsdiluted": 1.92,
    "weightedAverageShsOut": 568134000,
    "weightedAverageShsOutDil": 573317000,
    "link": "https://www.sec.gov/Archives/edgar/data/789570/000156459017003007/0001564590-17-003007-index.htm",
    "finalLink": "https://www.sec.gov/Archives/edgar/data/789570/000156459017003007/mgm-10k_20161231.htm"
  },
  {
    "date": "2015-12-31",
    "symbol": "MGM",
    "reportedCurrency": "USD",
    "cik": "0000789570",
    "fillingDate": "2016-02-29",
    "acceptedDate": "2016-02-29 06:14:09",
    "calendarYear": "2015",
    "period": "FY",
    "revenue": 9190068000,
    "costOfRevenue": 5625376000,
    "grossProfit": 3564692000,
    "grossProfitRatio": 0.3878852692,
    "researchAndDevelopmentExpenses": 0,
    "generalAndAdministrativeExpenses": 1309104000,
    "sellingAndMarketingExpenses": 0,
    "sellingGeneralAndAdministrativeExpenses": 1309104000,
    "otherExpenses": -15970000,
    "operatingExpenses": 2474865000,
    "costAndExpenses": 8100241000,
    "interestIncome": 0,
    "interestExpense": 797579000,
    "depreciationAndAmortization": 819883000,
    "ebitda": 571219000,
    "ebitdaratio": 0.0621561233,
    "operatingIncome": -156232000,
    "operatingIncomeRatio": -0.0170000918,
    "totalOtherIncomeExpensesNet": -890011000,
    "incomeBeforeTax": -1046243000,
    "incomeBeforeTaxRatio": -0.1138449683,
    "incomeTaxExpense": -6594000,
    "netIncome": -447720000,
    "netIncomeRatio": -0.0487178114,
    "eps": -0.82,
    "epsdiluted": -0.82,
    "weightedAverageShsOut": 542873000,
    "weightedAverageShsOutDil": 542873000,
    "link": "https://www.sec.gov/Archives/edgar/data/789570/000156459016013639/0001564590-16-013639-index.htm",
    "finalLink": "https://www.sec.gov/Archives/edgar/data/789570/000156459016013639/mgm-10k_20151231.htm"
  },
  {
    "date": "2014-12-31",
    "symbol": "MGM",
    "reportedCurrency": "USD",
    "cik": "0000789570",
    "fillingDate": "2015-03-02",
    "acceptedDate": "2015-03-02 14:37:23",
    "calendarYear": "2014",
    "period": "FY",
    "revenue": 10081984000,
    "costOfRevenue": 6368698000,
    "grossProfit": 3713286000,
    "grossProfitRatio": 0.368309055,
    "researchAndDevelopmentExpenses": 0,
    "generalAndAdministrativeExpenses": 1318749000,
    "sellingAndMarketingExpenses": 0,
    "sellingGeneralAndAdministrativeExpenses": 1318749000,
    "otherExpenses": -7797000,
    "operatingExpenses": 2412582000,
    "costAndExpenses": 8781280000,
    "interestIncome": 0,
    "interestExpense": 817061000,
    "depreciationAndAmortization": 815765000,
    "ebitda": 2116469000,
    "ebitdaratio": 0.209925844,
    "operatingIncome": 1323538000,
    "operatingIncomeRatio": 0.1312775343,
    "totalOtherIncomeExpensesNet": -912652000,
    "incomeBeforeTax": 410886000,
    "incomeBeforeTaxRatio": 0.0407544785,
    "incomeTaxExpense": 283708000,
    "netIncome": -149873000,
    "netIncomeRatio": -0.0148654273,
    "eps": -0.31,
    "epsdiluted": -0.31,
    "weightedAverageShsOut": 489765040,
    "weightedAverageShsOutDil": 490875000,
    "link": "https://www.sec.gov/Archives/edgar/data/789570/000156459015001180/0001564590-15-001180-index.htm",
    "finalLink": "https://www.sec.gov/Archives/edgar/data/789570/000156459015001180/mgm-10k_20141231.htm"
  },
  {
    "date": "2013-12-31",
    "symbol": "MGM",
    "reportedCurrency": "USD",
    "cik": "0000789570",
    "fillingDate": "2014-03-03",
    "acceptedDate": "2014-02-28 18:21:26",
    "calendarYear": "2013",
    "period": "FY",
    "revenue": 9809663000,
    "costOfRevenue": 6258716000,
    "grossProfit": 3550947000,
    "grossProfitRatio": 0.3619846064,
    "researchAndDevelopmentExpenses": 0,
    "generalAndAdministrativeExpenses": 1278450000,
    "sellingAndMarketingExpenses": 0,
    "sellingGeneralAndAdministrativeExpenses": 1278450000,
    "otherExpenses": -9062000,
    "operatingExpenses": 2357734000,
    "costAndExpenses": 8616450000,
    "interestIncome": 0,
    "interestExpense": 857347000,
    "depreciationAndAmortization": 849225000,
    "ebitda": 2042438000,
    "ebitdaratio": 0.2082067447,
    "operatingIncome": 1111512000,
    "operatingIncomeRatio": 0.113307868,
    "totalOtherIncomeExpensesNet": -1049516000,
    "incomeBeforeTax": 87765000,
    "incomeBeforeTaxRatio": 0.0089467905,
    "incomeTaxExpense": 31263000,
    "netIncome": -156606000,
    "netIncomeRatio": -0.0159644628,
    "eps": -0.32,
    "epsdiluted": -0.32,
    "weightedAverageShsOut": 489365461,
    "weightedAverageShsOutDil": 489661000,
    "link": "https://www.sec.gov/Archives/edgar/data/789570/000119312514078072/0001193125-14-078072-index.htm",
    "finalLink": "https://www.sec.gov/Archives/edgar/data/789570/000119312514078072/d656757d10k.htm"
  },
  {
    "date": "2012-12-31",
    "symbol": "MGM",
    "reportedCurrency": "USD",
    "cik": "0000789570",
    "fillingDate": "2013-03-01",
    "acceptedDate": "2013-02-28 19:49:54",
    "calendarYear": "2012",
    "period": "FY",
    "revenue": 9160844000,
    "costOfRevenue": 5921282000,
    "grossProfit": 3239562000,
    "grossProfitRatio": 0.3536313903,
    "researchAndDevelopmentExpenses": 0,
    "generalAndAdministrativeExpenses": 1239774000,
    "sellingAndMarketingExpenses": 0,
    "sellingGeneralAndAdministrativeExpenses": 1239774000,
    "otherExpenses": -608361000,
    "operatingExpenses": 2404605000,
    "costAndExpenses": 8325887000,
    "interestIncome": 0,
    "interestExpense": 1116358000,
    "depreciationAndAmortization": 927697000,
    "ebitda": 309842000,
    "ebitdaratio": 0.0338224295,
    "operatingIncome": 80526000,
    "operatingIncomeRatio": 0.0087902381,
    "totalOtherIncomeExpensesNet": -1814739000,
    "incomeBeforeTax": -1734213000,
    "incomeBeforeTaxRatio": -0.1893071206,
    "incomeTaxExpense": -117301000,
    "netIncome": -1767691000,
    "netIncomeRatio": -0.1929615874,
    "eps": -3.62,
    "epsdiluted": -3.61,
    "weightedAverageShsOut": 488312430,
    "weightedAverageShsOutDil": 488988000,
    "link": "https://www.sec.gov/Archives/edgar/data/789570/000104746913001980/0001047469-13-001980-index.htm",
    "finalLink": "https://www.sec.gov/Archives/edgar/data/789570/000104746913001980/a2212780z10-k.htm"
  },
  {
    "date": "2011-12-31",
    "symbol": "MGM",
    "reportedCurrency": "USD",
    "cik": "0000789570",
    "fillingDate": "2012-02-29",
    "acceptedDate": "2012-02-29 06:01:39",
    "calendarYear": "2011",
    "period": "FY",
    "revenue": 7849312000,
    "costOfRevenue": 5026361000,
    "grossProfit": 2822951000,
    "grossProfitRatio": 0.3596431127,
    "researchAndDevelopmentExpenses": 0,
    "generalAndAdministrativeExpenses": 1182505000,
    "sellingAndMarketingExpenses": 353253000,
    "sellingGeneralAndAdministrativeExpenses": 1535758000,
    "otherExpenses": 817146000,
    "operatingExpenses": 2352904000,
    "costAndExpenses": 7379265000,
    "interestIncome": 0,
    "interestExpense": 1086832000,
    "depreciationAndAmortization": 817146000,
    "ebitda": 4735609000,
    "ebitdaratio": 0.6033151695,
    "operatingIncome": 4057146000,
    "operatingIncomeRatio": 0.5168791864,
    "totalOtherIncomeExpensesNet": -1225515000,
    "incomeBeforeTax": 2831631000,
    "incomeBeforeTaxRatio": 0.3607489421,
    "incomeTaxExpense": -403313000,
    "netIncome": 3114637000,
    "netIncomeRatio": 0.3968038218,
    "eps": 6.37,
    "epsdiluted": 5.62,
    "weightedAverageShsOut": 488652000,
    "weightedAverageShsOutDil": 560895000,
    "link": "https://www.sec.gov/Archives/edgar/data/789570/000104746912001824/0001047469-12-001824-index.htm",
    "finalLink": "https://www.sec.gov/Archives/edgar/data/789570/000104746912001824/a2207412z10-k.htm"
  },
  {
    "date": "2010-12-31",
    "symbol": "MGM",
    "reportedCurrency": "USD",
    "cik": "0000789570",
    "fillingDate": "2011-02-28",
    "acceptedDate": "2011-02-28 16:25:14",
    "calendarYear": "2010",
    "period": "FY",
    "revenue": 6019233000,
    "costOfRevenue": 3757542000,
    "grossProfit": 2261691000,
    "grossProfitRatio": 0.3757440524,
    "researchAndDevelopmentExpenses": 0,
    "generalAndAdministrativeExpenses": 1128803000,
    "sellingAndMarketingExpenses": 1579962000,
    "sellingGeneralAndAdministrativeExpenses": 2708765000,
    "otherExpenses": 633423000,
    "operatingExpenses": 3342188000,
    "costAndExpenses": 7099730000,
    "interestIncome": 0,
    "interestExpense": 1113580000,
    "depreciationAndAmortization": 633423000,
    "ebitda": -469022000,
    "ebitdaratio": -0.077920559,
    "operatingIncome": -1158931000,
    "operatingIncomeRatio": -0.1925379862,
    "totalOtherIncomeExpensesNet": -2587002000,
    "incomeBeforeTax": -2216025000,
    "incomeBeforeTaxRatio": -0.3681573715,
    "incomeTaxExpense": -778628000,
    "netIncome": -1437397000,
    "netIncomeRatio": -0.2388006911,
    "eps": -3.19,
    "epsdiluted": -3.19,
    "weightedAverageShsOut": 450449000,
    "weightedAverageShsOutDil": 450449000,
    "link": "https://www.sec.gov/Archives/edgar/data/789570/000095012311019786/0000950123-11-019786-index.htm",
    "finalLink": "https://www.sec.gov/Archives/edgar/data/789570/000095012311019786/p18354e10vk.htm"
  },
  {
    "date": "2009-12-31",
    "symbol": "MGM",
    "reportedCurrency": "USD",
    "cik": "0000789570",
    "fillingDate": "2010-02-26",
    "acceptedDate": "2010-02-26 17:21:41",
    "calendarYear": "2009",
    "period": "FY",
    "revenue": 5978589000,
    "costOfRevenue": 3539306000,
    "grossProfit": 2439283000,
    "grossProfitRatio": 0.4080031258,
    "researchAndDevelopmentExpenses": 0,
    "generalAndAdministrativeExpenses": 1100193000,
    "sellingAndMarketingExpenses": 1525466000,
    "sellingGeneralAndAdministrativeExpenses": 2625659000,
    "otherExpenses": 689273000,
    "operatingExpenses": 3314932000,
    "costAndExpenses": 6854238000,
    "interestIncome": 12304000,
    "interestExpense": 775431000,
    "depreciationAndAmortization": 689273000,
    "ebitda": -547889000,
    "ebitdaratio": -0.0916418573,
    "operatingIncome": -963876000,
    "operatingIncomeRatio": -0.1612213183,
    "totalOtherIncomeExpensesNet": -1048717000,
    "incomeBeforeTax": -2012593000,
    "incomeBeforeTaxRatio": -0.3366334431,
    "incomeTaxExpense": -720911000,
    "netIncome": -1291682000,
    "netIncomeRatio": -0.2160513124,
    "eps": -3.41,
    "epsdiluted": -3.41,
    "weightedAverageShsOut": 378513000,
    "weightedAverageShsOutDil": 378513000,
    "link": "https://www.sec.gov/Archives/edgar/data/789570/000095012310018374/0000950123-10-018374-index.htm",
    "finalLink": "https://www.sec.gov/Archives/edgar/data/789570/000095012310018374/p16871e10vk.htm"
  },
  {
    "date": "2008-12-31",
    "symbol": "MGM",
    "reportedCurrency": "USD",
    "cik": "0000789570",
    "fillingDate": "2009-03-17",
    "acceptedDate": "2009-03-17 17:01:40",
    "calendarYear": "2008",
    "period": "FY",
    "revenue": 7208767000,
    "costOfRevenue": 4143653000,
    "grossProfit": 3065114000,
    "grossProfitRatio": 0.4251925468,
    "researchAndDevelopmentExpenses": 0,
    "generalAndAdministrativeExpenses": 1278501000,
    "sellingAndMarketingExpenses": 0,
    "sellingGeneralAndAdministrativeExpenses": 1278501000,
    "otherExpenses": 1915773000,
    "operatingExpenses": 3194274000,
    "costAndExpenses": 7337927000,
    "interestIncome": 16520000,
    "interestExpense": 609286000,
    "depreciationAndAmortization": 788856000,
    "ebitda": 718534000,
    "ebitdaratio": 0.0996750207,
    "operatingIncome": -129603000,
    "operatingIncomeRatio": -0.0179785253,
    "totalOtherIncomeExpensesNet": -539385000,
    "incomeBeforeTax": -668988000,
    "incomeBeforeTaxRatio": -0.0928020007,
    "incomeTaxExpense": 186298000,
    "netIncome": -855286000,
    "netIncomeRatio": -0.1186452551,
    "eps": -3.06,
    "epsdiluted": -3.06,
    "weightedAverageShsOut": 279815000,
    "weightedAverageShsOutDil": 279815000,
    "link": "https://www.sec.gov/Archives/edgar/data/789570/000095015309000211/0000950153-09-000211-index.htm",
    "finalLink": "https://www.sec.gov/Archives/edgar/data/789570/000095015309000211/p14075e10vk.htm"
  },
  {
    "date": "2007-12-31",
    "symbol": "MGM",
    "reportedCurrency": "USD",
    "cik": "0000789570",
    "fillingDate": "2008-02-29",
    "acceptedDate": "2008-02-29 14:58:23",
    "calendarYear": "2007",
    "period": "FY",
    "revenue": 7691637000,
    "costOfRevenue": 4139147000,
    "grossProfit": 3552490000,
    "grossProfitRatio": 0.4618639699,
    "researchAndDevelopmentExpenses": 0,
    "generalAndAdministrativeExpenses": 1140363000,
    "sellingAndMarketingExpenses": 285998000,
    "sellingGeneralAndAdministrativeExpenses": 1426361000,
    "otherExpenses": -737801000,
    "operatingExpenses": 688560000,
    "costAndExpenses": 4827707000,
    "interestIncome": 0,
    "interestExpense": 0,
    "depreciationAndAmortization": 704632000,
    "ebitda": 3568562000,
    "ebitdaratio": 0.4639535121,
    "operatingIncome": 2863930000,
    "operatingIncomeRatio": 0.3723433646,
    "totalOtherIncomeExpensesNet": -705502000,
    "incomeBeforeTax": 2158428000,
    "incomeBeforeTaxRatio": 0.2806201073,
    "incomeTaxExpense": 757883000,
    "netIncome": 1584419000,
    "netIncomeRatio": 0.2059924305,
    "eps": 5.52,
    "epsdiluted": 5.31,
    "weightedAverageShsOut": 286809000,
    "weightedAverageShsOutDil": 298284000,
    "link": "https://www.sec.gov/Archives/edgar/data/789570/000095015308000421/0000950153-08-000421-index.htm",
    "finalLink": "https://www.sec.gov/Archives/edgar/data/789570/000095015308000421/p75046e10vk.htm"
  },
  {
    "date": "2006-12-31",
    "symbol": "MGM",
    "reportedCurrency": "USD",
    "cik": "0000789570",
    "fillingDate": "2007-02-28",
    "acceptedDate": "2007-02-28 16:42:26",
    "calendarYear": "2006",
    "period": "FY",
    "revenue": 7175956000,
    "costOfRevenue": 3813386000,
    "grossProfit": 3362570000,
    "grossProfitRatio": 0.4685884362,
    "researchAndDevelopmentExpenses": 0,
    "generalAndAdministrativeExpenses": 1070942000,
    "sellingAndMarketingExpenses": 156889000,
    "sellingGeneralAndAdministrativeExpenses": 1227831000,
    "otherExpenses": 375456000,
    "operatingExpenses": 1603287000,
    "costAndExpenses": 5416673000,
    "interestIncome": 0,
    "interestExpense": 0,
    "depreciationAndAmortization": 650823000,
    "ebitda": 2410106000,
    "ebitdaratio": 0.3358585253,
    "operatingIncome": 1758248000,
    "operatingIncomeRatio": 0.2450193396,
    "totalOtherIncomeExpensesNet": -780322000,
    "incomeBeforeTax": 977926000,
    "incomeBeforeTaxRatio": 0.1362781489,
    "incomeTaxExpense": 341930000,
    "netIncome": 648264000,
    "netIncomeRatio": 0.0903383466,
    "eps": 2.29,
    "epsdiluted": 2.22,
    "weightedAverageShsOut": 283084716,
    "weightedAverageShsOutDil": 292010811,
    "link": "https://www.sec.gov/Archives/edgar/data/789570/000095015307000441/0000950153-07-000441-index.htm",
    "finalLink": "https://www.sec.gov/Archives/edgar/data/789570/000095015307000441/p73509e10vk.htm"
  },
  {
    "date": "2005-12-31",
    "symbol": "MGM",
    "reportedCurrency": "USD",
    "cik": "0000789570",
    "fillingDate": "2006-03-13",
    "acceptedDate": "2006-03-13 16:36:31",
    "calendarYear": "2005",
    "period": "FY",
    "revenue": 6481967000,
    "costOfRevenue": 3547059000,
    "grossProfit": 2934908000,
    "grossProfitRatio": 0.45278046,
    "researchAndDevelopmentExpenses": 0,
    "generalAndAdministrativeExpenses": 958263000,
    "sellingAndMarketingExpenses": 146385000,
    "sellingGeneralAndAdministrativeExpenses": 1104648000,
    "otherExpenses": 473111000,
    "operatingExpenses": 1577759000,
    "costAndExpenses": 5124818000,
    "interestIncome": 0,
    "interestExpense": 0,
    "depreciationAndAmortization": 593893000,
    "ebitda": 1870251000,
    "ebitdaratio": 0.288531398,
    "operatingIncome": 1357208000,
    "operatingIncomeRatio": 0.2093821212,
    "totalOtherIncomeExpensesNet": -690123000,
    "incomeBeforeTax": 678900000,
    "incomeBeforeTaxRatio": 0.1047367258,
    "incomeTaxExpense": 235644000,
    "netIncome": 443256000,
    "netIncomeRatio": 0.0683829461,
    "eps": 1.56,
    "epsdiluted": 1.5,
    "weightedAverageShsOut": 279080769,
    "weightedAverageShsOutDil": 290244000,
    "link": "https://www.sec.gov/Archives/edgar/data/789570/000095015306000642/0000950153-06-000642-index.htm",
    "finalLink": "https://www.sec.gov/Archives/edgar/data/789570/000095015306000642/p71958e10vk.htm"
  },
  {
    "date": "2004-12-31",
    "symbol": "MGM",
    "reportedCurrency": "USD",
    "cik": "0000789570",
    "fillingDate": "2005-03-11",
    "acceptedDate": "2005-03-10 19:05:10",
    "calendarYear": "2004",
    "period": "FY",
    "revenue": 4238104000,
    "costOfRevenue": 2292895000,
    "grossProfit": 1945209000,
    "grossProfitRatio": 0.45898095,
    "researchAndDevelopmentExpenses": 0,
    "generalAndAdministrativeExpenses": 612615000,
    "sellingAndMarketingExpenses": 84557000,
    "sellingGeneralAndAdministrativeExpenses": 697172000,
    "otherExpenses": 291552000,
    "operatingExpenses": 988724000,
    "costAndExpenses": 3281619000,
    "interestIncome": 0,
    "interestExpense": 0,
    "depreciationAndAmortization": 434256000,
    "ebitda": 1307696000,
    "ebitdaratio": 0.3085568452,
    "operatingIncome": 950860000,
    "operatingIncomeRatio": 0.2243597609,
    "totalOtherIncomeExpensesNet": -395045000,
    "incomeBeforeTax": 555815000,
    "incomeBeforeTaxRatio": 0.1311470884,
    "incomeTaxExpense": 205959000,
    "netIncome": 412332000,
    "netIncomeRatio": 0.0972916191,
    "eps": 1.48,
    "epsdiluted": 1.43,
    "weightedAverageShsOut": 278602703,
    "weightedAverageShsOutDil": 288344056,
    "link": "https://www.sec.gov/Archives/edgar/data/789570/000095015305000488/0000950153-05-000488-index.htm",
    "finalLink": "https://www.sec.gov/Archives/edgar/data/789570/000095015305000488/p70273e10vk.htm"
  },
  {
    "date": "2003-12-31",
    "symbol": "MGM",
    "reportedCurrency": "USD",
    "cik": "0000789570",
    "fillingDate": "2004-02-17",
    "acceptedDate": "2004-02-13 19:00:16",
    "calendarYear": "2003",
    "period": "FY",
    "revenue": 3908816000,
    "costOfRevenue": 2161969000,
    "grossProfit": 1746847000,
    "grossProfitRatio": 0.4468992657,
    "researchAndDevelopmentExpenses": 0,
    "generalAndAdministrativeExpenses": 591155000,
    "sellingAndMarketingExpenses": 103377000,
    "sellingGeneralAndAdministrativeExpenses": 694532000,
    "otherExpenses": 332649000,
    "operatingExpenses": 1027181000,
    "costAndExpenses": 3189150000,
    "interestIncome": 0,
    "interestExpense": 0,
    "depreciationAndAmortization": 448763000,
    "ebitda": 1155089000,
    "ebitdaratio": 0.2955086655,
    "operatingIncome": 713069000,
    "operatingIncomeRatio": 0.1824258292,
    "totalOtherIncomeExpensesNet": -369409000,
    "incomeBeforeTax": 353704000,
    "incomeBeforeTaxRatio": 0.0904887823,
    "incomeTaxExpense": 116592000,
    "netIncome": 243697000,
    "netIncomeRatio": 0.0623454775,
    "eps": 0.82,
    "epsdiluted": 0.8,
    "weightedAverageShsOut": 297191463,
    "weightedAverageShsOutDil": 304621250,
    "link": "https://www.sec.gov/Archives/edgar/data/789570/000095015304000362/0000950153-04-000362-index.htm",
    "finalLink": "https://www.sec.gov/Archives/edgar/data/789570/000095015304000362/p68776e10vk.htm"
  },
  {
    "date": "2002-12-31",
    "symbol": "MGM",
    "reportedCurrency": "USD",
    "cik": "0000789570",
    "fillingDate": "2003-03-26",
    "acceptedDate": "2003-03-26 15:41:52",
    "calendarYear": "2002",
    "period": "FY",
    "revenue": 4031295000,
    "costOfRevenue": 2195040000,
    "grossProfit": 1836255000,
    "grossProfitRatio": 0.4555000316,
    "researchAndDevelopmentExpenses": 0,
    "generalAndAdministrativeExpenses": 611866000,
    "sellingAndMarketingExpenses": 93675000,
    "sellingGeneralAndAdministrativeExpenses": 705541000,
    "otherExpenses": 380974000,
    "operatingExpenses": 1086515000,
    "costAndExpenses": 3281555000,
    "interestIncome": 0,
    "interestExpense": 0,
    "depreciationAndAmortization": 427150000,
    "ebitda": 1156667000,
    "ebitdaratio": 0.2869219444,
    "operatingIncome": 766761000,
    "operatingIncomeRatio": 0.1902021559,
    "totalOtherIncomeExpensesNet": -288611000,
    "incomeBeforeTax": 466314000,
    "incomeBeforeTaxRatio": 0.1156734995,
    "incomeTaxExpense": 173551000,
    "netIncome": 292435000,
    "netIncomeRatio": 0.0725412057,
    "eps": 0.93,
    "epsdiluted": 0.92,
    "weightedAverageShsOut": 315618000,
    "weightedAverageShsOutDil": 319880000,
    "link": "https://www.sec.gov/Archives/edgar/data/789570/000104746903010320/0001047469-03-010320-index.htm",
    "finalLink": "https://www.sec.gov/Archives/edgar/data/789570/000104746903010320/a2106169z10-k.htm"
  },
  {
    "date": "2001-12-31",
    "symbol": "MGM",
    "reportedCurrency": "USD",
    "cik": "0000789570",
    "fillingDate": "2002-03-26",
    "acceptedDate": "2002-03-26 00:00:00",
    "calendarYear": "2001",
    "period": "FY",
    "revenue": 4009618000,
    "costOfRevenue": 2207341000,
    "grossProfit": 1802277000,
    "grossProfitRatio": 0.449488455,
    "researchAndDevelopmentExpenses": 0,
    "generalAndAdministrativeExpenses": 597899000,
    "sellingAndMarketingExpenses": 114074000,
    "sellingGeneralAndAdministrativeExpenses": 711973000,
    "otherExpenses": 438681000,
    "operatingExpenses": 1150654000,
    "costAndExpenses": 3357995000,
    "interestIncome": 0,
    "interestExpense": 0,
    "depreciationAndAmortization": 421231000,
    "ebitda": 1054306000,
    "ebitdaratio": 0.2629442505,
    "operatingIncome": 627902000,
    "operatingIncomeRatio": 0.1565989578,
    "totalOtherIncomeExpensesNet": -396036000,
    "incomeBeforeTax": 277589000,
    "incomeBeforeTaxRatio": 0.0692307846,
    "incomeTaxExpense": 106996000,
    "netIncome": 169815000,
    "netIncomeRatio": 0.0423519148,
    "eps": 0.53,
    "epsdiluted": 0.53,
    "weightedAverageShsOut": 320405660,
    "weightedAverageShsOutDil": 320405660,
    "link": "https://www.sec.gov/Archives/edgar/data/789570/000091205702011658/0000912057-02-011658-index.htm",
    "finalLink": "https://www.sec.gov/Archives/edgar/data/789570/000091205702011658/a2073904z10-k405.htm"
  },
  {
    "date": "2000-12-31",
    "symbol": "MGM",
    "reportedCurrency": "USD",
    "cik": "0000789570",
    "fillingDate": "2001-03-28",
    "acceptedDate": "2001-03-28 00:00:00",
    "calendarYear": "2000",
    "period": "FY",
    "revenue": 3518933000,
    "costOfRevenue": 1675535000,
    "grossProfit": 1843398000,
    "grossProfitRatio": 0.5238514061,
    "researchAndDevelopmentExpenses": 0,
    "generalAndAdministrativeExpenses": 422655000,
    "sellingAndMarketingExpenses": 558589000,
    "sellingGeneralAndAdministrativeExpenses": 981244000,
    "otherExpenses": 324438000,
    "operatingExpenses": 1305682000,
    "costAndExpenses": 2981217000,
    "interestIncome": 0,
    "interestExpense": 0,
    "depreciationAndAmortization": 324438000,
    "ebitda": 862895000,
    "ebitdaratio": 0.2452149558,
    "operatingIncome": 537716000,
    "operatingIncomeRatio": 0.1528065468,
    "totalOtherIncomeExpensesNet": -296615000,
    "incomeBeforeTax": 275040000,
    "incomeBeforeTaxRatio": 0.0781600559,
    "incomeTaxExpense": 108880000,
    "netIncome": 160744000,
    "netIncomeRatio": 0.0456797558,
    "eps": 0.56,
    "epsdiluted": 0.55,
    "weightedAverageShsOut": 289628829,
    "weightedAverageShsOutDil": 294943119,
    "link": "https://www.sec.gov/Archives/edgar/data/789570/000091205701008574/0000912057-01-008574-index.htm",
    "finalLink": "https://www.sec.gov/Archives/edgar/data/789570/000091205701008574/a2040243z10-k405.htm"
  },
  {
    "date": "1999-12-31",
    "symbol": "MGM",
    "reportedCurrency": "USD",
    "cik": "0000789570",
    "fillingDate": "2000-03-22",
    "acceptedDate": "2000-03-22 00:00:00",
    "calendarYear": "1999",
    "period": "FY",
    "revenue": 1391700000,
    "costOfRevenue": 590700000,
    "grossProfit": 801000000,
    "grossProfitRatio": 0.5755550765,
    "researchAndDevelopmentExpenses": 0,
    "generalAndAdministrativeExpenses": 0,
    "sellingAndMarketingExpenses": 0,
    "sellingGeneralAndAdministrativeExpenses": 462400000,
    "otherExpenses": 128800000,
    "operatingExpenses": 591200000,
    "costAndExpenses": 1181900000,
    "interestIncome": 0,
    "interestExpense": 0,
    "depreciationAndAmortization": 128800000,
    "ebitda": 338436000,
    "ebitdaratio": 0.2431817202,
    "operatingIncome": 209800000,
    "operatingIncomeRatio": 0.1507508802,
    "totalOtherIncomeExpensesNet": -59715000,
    "incomeBeforeTax": 150100000,
    "incomeBeforeTaxRatio": 0.1078537041,
    "incomeTaxExpense": 55000000,
    "netIncome": 86000000,
    "netIncomeRatio": 0.0617949271,
    "eps": 0.37,
    "epsdiluted": 0.36,
    "weightedAverageShsOut": 232589189,
    "weightedAverageShsOutDil": 239050000,
    "link": "https://www.sec.gov/Archives/edgar/data/789570/000094420900000404/0000944209-00-000404-index.html",
    "finalLink": "https://www.sec.gov/Archives/edgar/data/789570/000094420900000404/"
  },
  {
    "date": "1998-12-31",
    "symbol": "MGM",
    "reportedCurrency": "USD",
    "cik": "0000789570",
    "fillingDate": "1999-03-22",
    "acceptedDate": "1999-03-22 00:00:00",
    "calendarYear": "1998",
    "period": "FY",
    "revenue": 773900000,
    "costOfRevenue": 409300000,
    "grossProfit": 364600000,
    "grossProfitRatio": 0.4711202998,
    "researchAndDevelopmentExpenses": 0,
    "generalAndAdministrativeExpenses": 0,
    "sellingAndMarketingExpenses": 0,
    "sellingGeneralAndAdministrativeExpenses": 154600000,
    "otherExpenses": 78500000,
    "operatingExpenses": 233100000,
    "costAndExpenses": 642400000,
    "interestIncome": 0,
    "interestExpense": 0,
    "depreciationAndAmortization": 78500000,
    "ebitda": 209705000,
    "ebitdaratio": 0.2709717018,
    "operatingIncome": 131500000,
    "operatingIncomeRatio": 0.1699185941,
    "totalOtherIncomeExpensesNet": -22046000,
    "incomeBeforeTax": 109500000,
    "incomeBeforeTaxRatio": 0.1414911487,
    "incomeTaxExpense": 40600000,
    "netIncome": 68900000,
    "netIncomeRatio": 0.0890295904,
    "eps": 0.31,
    "epsdiluted": 0.31,
    "weightedAverageShsOut": 222412903,
    "weightedAverageShsOutDil": 226059016,
    "link": "https://www.sec.gov/Archives/edgar/data/789570/000094420999000341/0000944209-99-000341-index.html",
    "finalLink": "https://www.sec.gov/Archives/edgar/data/789570/"
  },
  {
    "date": "1997-12-31",
    "symbol": "MGM",
    "reportedCurrency": "USD",
    "cik": "0000789570",
    "fillingDate": "1998-03-30",
    "acceptedDate": "1998-03-30 00:00:00",
    "calendarYear": "1997",
    "period": "FY",
    "revenue": 827600000,
    "costOfRevenue": 405200000,
    "grossProfit": 422400000,
    "grossProfitRatio": 0.5103914935,
    "researchAndDevelopmentExpenses": 0,
    "generalAndAdministrativeExpenses": 0,
    "sellingAndMarketingExpenses": 0,
    "sellingGeneralAndAdministrativeExpenses": 137400000,
    "otherExpenses": 65400000,
    "operatingExpenses": 202800000,
    "costAndExpenses": 608000000,
    "interestIncome": 0,
    "interestExpense": 0,
    "depreciationAndAmortization": 65400000,
    "ebitda": 256400000,
    "ebitdaratio": 0.3098115031,
    "operatingIncome": 219600000,
    "operatingIncomeRatio": 0.2653455776,
    "totalOtherIncomeExpensesNet": -10700000,
    "incomeBeforeTax": 180300000,
    "incomeBeforeTaxRatio": 0.217858869,
    "incomeTaxExpense": 65000000,
    "netIncome": 111100000,
    "netIncomeRatio": 0.1342435959,
    "eps": 0.48,
    "epsdiluted": 0.47,
    "weightedAverageShsOut": 231458333,
    "weightedAverageShsOutDil": 236382979,
    "link": "https://www.sec.gov/Archives/edgar/data/789570/000094420998000644/0000944209-98-000644-index.html",
    "finalLink": "https://www.sec.gov/Archives/edgar/data/789570/"
  },
  {
    "date": "1996-12-31",
    "symbol": "MGM",
    "reportedCurrency": "USD",
    "cik": "0000789570",
    "fillingDate": "1997-03-26",
    "acceptedDate": "1997-03-26 00:00:00",
    "calendarYear": "1996",
    "period": "FY",
    "revenue": 804800000,
    "costOfRevenue": 403600000,
    "grossProfit": 401200000,
    "grossProfitRatio": 0.4985089463,
    "researchAndDevelopmentExpenses": 0,
    "generalAndAdministrativeExpenses": 0,
    "sellingAndMarketingExpenses": 0,
    "sellingGeneralAndAdministrativeExpenses": 150100000,
    "otherExpenses": 64500000,
    "operatingExpenses": 214600000,
    "costAndExpenses": 618200000,
    "interestIncome": 0,
    "interestExpense": 0,
    "depreciationAndAmortization": 64500000,
    "ebitda": 193900000,
    "ebitdaratio": 0.2409294235,
    "operatingIncome": 186600000,
    "operatingIncomeRatio": 0.2318588469,
    "totalOtherIncomeExpensesNet": -30300000,
    "incomeBeforeTax": 99100000,
    "incomeBeforeTaxRatio": 0.1231361829,
    "incomeTaxExpense": 24600000,
    "netIncome": 43700000,
    "netIncomeRatio": 0.0542992048,
    "eps": 0.21,
    "epsdiluted": 0.2,
    "weightedAverageShsOut": 208095238,
    "weightedAverageShsOutDil": 218500000,
    "link": "https://www.sec.gov/Archives/edgar/data/789570/000089843097001157/0000898430-97-001157-index.html",
    "finalLink": "https://www.sec.gov/Archives/edgar/data/789570/"
  },
  {
    "date": "1995-12-31",
    "symbol": "MGM",
    "reportedCurrency": "USD",
    "cik": "0000789570",
    "fillingDate": "1996-06-26",
    "acceptedDate": "1996-06-26 00:00:00",
    "calendarYear": "1995",
    "period": "FY",
    "revenue": 721800000,
    "costOfRevenue": 386100000,
    "grossProfit": 335700000,
    "grossProfitRatio": 0.4650872818,
    "researchAndDevelopmentExpenses": 0,
    "generalAndAdministrativeExpenses": 0,
    "sellingAndMarketingExpenses": 0,
    "sellingGeneralAndAdministrativeExpenses": 167400000,
    "otherExpenses": 58700000,
    "operatingExpenses": 226100000,
    "costAndExpenses": 612200000,
    "interestIncome": 0,
    "interestExpense": 0,
    "depreciationAndAmortization": 58700000,
    "ebitda": 168300000,
    "ebitdaratio": 0.2331670823,
    "operatingIncome": 109600000,
    "operatingIncomeRatio": 0.1518426157,
    "totalOtherIncomeExpensesNet": -3800000,
    "incomeBeforeTax": 105800000,
    "incomeBeforeTaxRatio": 0.1465779994,
    "incomeTaxExpense": 63000000,
    "netIncome": 46600000,
    "netIncomeRatio": 0.0645608202,
    "eps": 0.24,
    "epsdiluted": 0.24,
    "weightedAverageShsOut": 194176000,
    "weightedAverageShsOutDil": 197333333,
    "link": "https://www.sec.gov/Archives/edgar/data/789570/000094420996000096/0000944209-96-000096-index.html",
    "finalLink": "https://www.sec.gov/Archives/edgar/data/789570/"
  },
  {
    "date": "1994-12-31",
    "symbol": "MGM",
    "reportedCurrency": "USD",
    "cik": "0000789570",
    "fillingDate": "1995-03-21",
    "acceptedDate": "1995-03-21 00:00:00",
    "calendarYear": "1994",
    "period": "FY",
    "revenue": 742200000,
    "costOfRevenue": 405300000,
    "grossProfit": 336900000,
    "grossProfitRatio": 0.4539207761,
    "researchAndDevelopmentExpenses": 0,
    "generalAndAdministrativeExpenses": 0,
    "sellingAndMarketingExpenses": 0,
    "sellingGeneralAndAdministrativeExpenses": 158800000,
    "otherExpenses": 48300000,
    "operatingExpenses": 207100000,
    "costAndExpenses": 612400000,
    "interestIncome": 0,
    "interestExpense": 0,
    "depreciationAndAmortization": 48300000,
    "ebitda": 178100000,
    "ebitdaratio": 0.2399622743,
    "operatingIncome": 129800000,
    "operatingIncomeRatio": 0.1748854756,
    "totalOtherIncomeExpensesNet": 5800000,
    "incomeBeforeTax": 135600000,
    "incomeBeforeTaxRatio": 0.1827000808,
    "incomeTaxExpense": 55300000,
    "netIncome": 74500000,
    "netIncomeRatio": 0.1003772568,
    "eps": 0.38,
    "epsdiluted": 0.38,
    "weightedAverageShsOut": 195952000,
    "weightedAverageShsOutDil": 195952000,
    "link": "https://www.sec.gov/Archives/edgar/data/789570/000089843095000343/0000898430-95-000343-index.html",
    "finalLink": "https://www.sec.gov/Archives/edgar/data/789570/"
  },
  {
    "date": "1993-12-31",
    "symbol": "MGM",
    "reportedCurrency": "USD",
    "cik": "0000789570",
    "fillingDate": "1994-03-29",
    "acceptedDate": "1994-03-29 00:00:00",
    "calendarYear": "1993",
    "period": "FY",
    "revenue": 57800000,
    "costOfRevenue": 104900000,
    "grossProfit": -47100000,
    "grossProfitRatio": -0.8148788927,
    "researchAndDevelopmentExpenses": 0,
    "generalAndAdministrativeExpenses": 0,
    "sellingAndMarketingExpenses": 0,
    "sellingGeneralAndAdministrativeExpenses": 64800000,
    "otherExpenses": 11300000,
    "operatingExpenses": 76100000,
    "costAndExpenses": 181000000,
    "interestIncome": 0,
    "interestExpense": 0,
    "depreciationAndAmortization": 11300000,
    "ebitda": -111900000,
    "ebitdaratio": -1.9359861592,
    "operatingIncome": -123200000,
    "operatingIncomeRatio": -2.1314878893,
    "totalOtherIncomeExpensesNet": 12200000,
    "incomeBeforeTax": -111000000,
    "incomeBeforeTaxRatio": -1.9204152249,
    "incomeTaxExpense": -5600000,
    "netIncome": -117600000,
    "netIncomeRatio": -2.0346020761,
    "eps": -0.62,
    "epsdiluted": -0.62,
    "weightedAverageShsOut": 189677419,
    "weightedAverageShsOutDil": 189677419,
    "link": "https://www.sec.gov/Archives/edgar/data/789570/000089843094000218/0000898430-94-000218-index.html",
    "finalLink": "https://www.sec.gov/Archives/edgar/data/789570/"
  },
  {
    "date": "1992-12-31",
    "symbol": "MGM",
    "reportedCurrency": "USD",
    "cik": "0000789570",
    "fillingDate": "1992-12-31",
    "acceptedDate": "1992-12-31 00:00:00",
    "calendarYear": "1992",
    "period": "FY",
    "revenue": 50000000,
    "costOfRevenue": 34700000,
    "grossProfit": 15300000,
    "grossProfitRatio": 0.306,
    "researchAndDevelopmentExpenses": 0,
    "generalAndAdministrativeExpenses": 0,
    "sellingAndMarketingExpenses": 0,
    "sellingGeneralAndAdministrativeExpenses": 22300000,
    "otherExpenses": 11600000,
    "operatingExpenses": 33900000,
    "costAndExpenses": 68600000,
    "interestIncome": 0,
    "interestExpense": 0,
    "depreciationAndAmortization": 11600000,
    "ebitda": -7000000,
    "ebitdaratio": -0.14,
    "operatingIncome": -18600000,
    "operatingIncomeRatio": -0.372,
    "totalOtherIncomeExpensesNet": 16500000,
    "incomeBeforeTax": -2100000,
    "incomeBeforeTaxRatio": -0.042,
    "incomeTaxExpense": 1500000,
    "netIncome": -20100000,
    "netIncomeRatio": -0.402,
    "eps": -0.12,
    "epsdiluted": -0.12,
    "weightedAverageShsOut": 167500000,
    "weightedAverageShsOutDil": 167500000,
    "link": null,
    "finalLink": null
  },
  {
    "date": "1991-12-31",
    "symbol": "MGM",
    "reportedCurrency": "USD",
    "cik": "0000789570",
    "fillingDate": "1991-12-31",
    "acceptedDate": "1991-12-31 00:00:00",
    "calendarYear": "1991",
    "period": "FY",
    "revenue": 146900000,
    "costOfRevenue": 100700000,
    "grossProfit": 46200000,
    "grossProfitRatio": 0.3144996596,
    "researchAndDevelopmentExpenses": 0,
    "generalAndAdministrativeExpenses": 0,
    "sellingAndMarketingExpenses": 0,
    "sellingGeneralAndAdministrativeExpenses": 45500000,
    "otherExpenses": 15600000,
    "operatingExpenses": 61100000,
    "costAndExpenses": 161800000,
    "interestIncome": 0,
    "interestExpense": 0,
    "depreciationAndAmortization": 15600000,
    "ebitda": 700000,
    "ebitdaratio": 0.0047651464,
    "operatingIncome": -14900000,
    "operatingIncomeRatio": -0.1014295439,
    "totalOtherIncomeExpensesNet": 2700000,
    "incomeBeforeTax": -12200000,
    "incomeBeforeTaxRatio": -0.0830496937,
    "incomeTaxExpense": 0,
    "netIncome": -12200000,
    "netIncomeRatio": -0.0830496937,
    "eps": -0.1,
    "epsdiluted": -0.1,
    "weightedAverageShsOut": 122000000,
    "weightedAverageShsOutDil": 122000000,
    "link": null,
    "finalLink": null
  },
  {
    "date": "1990-12-31",
    "symbol": "MGM",
    "reportedCurrency": "USD",
    "cik": "0000789570",
    "fillingDate": "1990-12-31",
    "acceptedDate": "1990-12-31 00:00:00",
    "calendarYear": "1990",
    "period": "FY",
    "revenue": 176500000,
    "costOfRevenue": 139200000,
    "grossProfit": 37300000,
    "grossProfitRatio": 0.2113314448,
    "researchAndDevelopmentExpenses": 0,
    "generalAndAdministrativeExpenses": 0,
    "sellingAndMarketingExpenses": 0,
    "sellingGeneralAndAdministrativeExpenses": 55700000,
    "otherExpenses": 15800000,
    "operatingExpenses": 71500000,
    "costAndExpenses": 210700000,
    "interestIncome": 0,
    "interestExpense": 0,
    "depreciationAndAmortization": 15800000,
    "ebitda": -18400000,
    "ebitdaratio": -0.1042492918,
    "operatingIncome": -34200000,
    "operatingIncomeRatio": -0.1937677054,
    "totalOtherIncomeExpensesNet": -500000,
    "incomeBeforeTax": -34700000,
    "incomeBeforeTaxRatio": -0.1966005666,
    "incomeTaxExpense": -11100000,
    "netIncome": -23600000,
    "netIncomeRatio": -0.1337110482,
    "eps": -0.23,
    "epsdiluted": -0.23,
    "weightedAverageShsOut": 100425532,
    "weightedAverageShsOutDil": 100425532,
    "link": null,
    "finalLink": null
  },
  {
    "date": "1989-12-31",
    "symbol": "MGM",
    "reportedCurrency": "USD",
    "cik": "0000789570",
    "fillingDate": "1989-12-31",
    "acceptedDate": "1989-12-31 00:00:00",
    "calendarYear": "1989",
    "period": "FY",
    "revenue": 213000000,
    "costOfRevenue": 154400000,
    "grossProfit": 58600000,
    "grossProfitRatio": 0.2751173709,
    "researchAndDevelopmentExpenses": 0,
    "generalAndAdministrativeExpenses": 0,
    "sellingAndMarketingExpenses": 0,
    "sellingGeneralAndAdministrativeExpenses": 37700000,
    "otherExpenses": 11700000,
    "operatingExpenses": 49400000,
    "costAndExpenses": 203800000,
    "interestIncome": 0,
    "interestExpense": 0,
    "depreciationAndAmortization": 11700000,
    "ebitda": 20900000,
    "ebitdaratio": 0.0981220657,
    "operatingIncome": 9200000,
    "operatingIncomeRatio": 0.0431924883,
    "totalOtherIncomeExpensesNet": 30500000,
    "incomeBeforeTax": 39700000,
    "incomeBeforeTaxRatio": 0.1863849765,
    "incomeTaxExpense": 14100000,
    "netIncome": 25600000,
    "netIncomeRatio": 0.1201877934,
    "eps": 0.31,
    "epsdiluted": 0.31,
    "weightedAverageShsOut": 83934426,
    "weightedAverageShsOutDil": 83934426,
    "link": null,
    "finalLink": null
  },
  {
    "date": "1988-12-31",
    "symbol": "MGM",
    "reportedCurrency": "USD",
    "cik": "0000789570",
    "fillingDate": "1988-12-31",
    "acceptedDate": "1988-12-30 19:00:00",
    "calendarYear": "1988",
    "period": "FY",
    "revenue": 207900000,
    "costOfRevenue": 136300000,
    "grossProfit": 71600000,
    "grossProfitRatio": 0.3443963444,
    "researchAndDevelopmentExpenses": 0,
    "generalAndAdministrativeExpenses": 0,
    "sellingAndMarketingExpenses": 0,
    "sellingGeneralAndAdministrativeExpenses": 53300000,
    "otherExpenses": 9800000,
    "operatingExpenses": 63100000,
    "costAndExpenses": 199400000,
    "interestIncome": 0,
    "interestExpense": 0,
    "depreciationAndAmortization": 9800000,
    "ebitda": 18300000,
    "ebitdaratio": 0.088023088,
    "operatingIncome": 8500000,
    "operatingIncomeRatio": 0.0408850409,
    "totalOtherIncomeExpensesNet": -1900000,
    "incomeBeforeTax": 6600000,
    "incomeBeforeTaxRatio": 0.0317460317,
    "incomeTaxExpense": 2300000,
    "netIncome": 4300000,
    "netIncomeRatio": 0.0206830207,
    "eps": 0.06,
    "epsdiluted": 0.06,
    "weightedAverageShsOut": 71666667,
    "weightedAverageShsOutDil": 71666667,
    "link": "",
    "finalLink": ""
  }
]