[
  {
    "date": "2025-06-28",
    "symbol": "MHK",
    "reportedCurrency": "USD",
    "cik": "0000851968",
    "fillingDate": "2025-07-25",
    "acceptedDate": "2025-07-25 12:09:46",
    "calendarYear": "2025",
    "period": "Q2",
    "revenue": 2802100000,
    "costOfRevenue": 2087700000,
    "grossProfit": 714400000,
    "grossProfitRatio": 0.2549516434,
    "researchAndDevelopmentExpenses": 0,
    "generalAndAdministrativeExpenses": 0,
    "sellingAndMarketingExpenses": 0,
    "sellingGeneralAndAdministrativeExpenses": 525700000,
    "otherExpenses": 0,
    "operatingExpenses": 525700000,
    "costAndExpenses": 2613400000,
    "interestIncome": 0,
    "interestExpense": 5200000,
    "depreciationAndAmortization": 155600000,
    "ebitda": 341300000,
    "ebitdaratio": 0.121801506,
    "operatingIncome": 188700000,
    "operatingIncomeRatio": 0.0673423504,
    "totalOtherIncomeExpensesNet": -8200000,
    "incomeBeforeTax": 180500000,
    "incomeBeforeTaxRatio": 0.0644159737,
    "incomeTaxExpense": 34000000,
    "netIncome": 146400000,
    "netIncomeRatio": 0.0522465294,
    "eps": 2.34,
    "epsdiluted": 2.34,
    "weightedAverageShsOut": 62500000,
    "weightedAverageShsOutDil": 62700000,
    "link": "https://www.sec.gov/Archives/edgar/data/851968/000085196825000114/0000851968-25-000114-index.htm",
    "finalLink": "https://www.sec.gov/Archives/edgar/data/851968/000085196825000114/mhk-20250628.htm"
  },
  {
    "date": "2025-03-29",
    "symbol": "MHK",
    "reportedCurrency": "USD",
    "cik": "0000851968",
    "fillingDate": "2025-05-02",
    "acceptedDate": "2025-05-02 13:27:06",
    "calendarYear": "2025",
    "period": "Q1",
    "revenue": 2525800000,
    "costOfRevenue": 1942500000,
    "grossProfit": 583300000,
    "grossProfitRatio": 0.2309367329,
    "researchAndDevelopmentExpenses": 0,
    "generalAndAdministrativeExpenses": 0,
    "sellingAndMarketingExpenses": 0,
    "sellingGeneralAndAdministrativeExpenses": 487300000,
    "otherExpenses": 0,
    "operatingExpenses": 487300000,
    "costAndExpenses": 2429800000,
    "interestIncome": 0,
    "interestExpense": 6400000,
    "depreciationAndAmortization": 150400000,
    "ebitda": 246900000,
    "ebitdaratio": 0.0977512075,
    "operatingIncome": 96000000,
    "operatingIncomeRatio": 0.0380077599,
    "totalOtherIncomeExpensesNet": -5900000,
    "incomeBeforeTax": 90100000,
    "incomeBeforeTaxRatio": 0.0356718663,
    "incomeTaxExpense": 17500000,
    "netIncome": 72600000,
    "netIncomeRatio": 0.0287433684,
    "eps": 1.16,
    "epsdiluted": 1.15,
    "weightedAverageShsOut": 62600000,
    "weightedAverageShsOutDil": 62900000,
    "link": "https://www.sec.gov/Archives/edgar/data/851968/000085196825000097/0000851968-25-000097-index.htm",
    "finalLink": "https://www.sec.gov/Archives/edgar/data/851968/000085196825000097/mhk-20250329.htm"
  },
  {
    "date": "2024-12-31",
    "symbol": "MHK",
    "reportedCurrency": "USD",
    "cik": "0000851968",
    "fillingDate": "2025-02-20",
    "acceptedDate": "2025-02-19 20:48:17",
    "calendarYear": "2024",
    "period": "Q4",
    "revenue": 2637200000,
    "costOfRevenue": 2015400000,
    "grossProfit": 621800000,
    "grossProfitRatio": 0.2357803731,
    "researchAndDevelopmentExpenses": 0,
    "generalAndAdministrativeExpenses": 0,
    "sellingAndMarketingExpenses": 0,
    "sellingGeneralAndAdministrativeExpenses": 491800000,
    "otherExpenses": 8200000,
    "operatingExpenses": 500000000,
    "costAndExpenses": 2515400000,
    "interestIncome": 0,
    "interestExpense": 9900000,
    "depreciationAndAmortization": 156400000,
    "ebitda": 277800000,
    "ebitdaratio": 0.1053389959,
    "operatingIncome": 121800000,
    "operatingIncomeRatio": 0.0461853481,
    "totalOtherIncomeExpensesNet": -10300000,
    "incomeBeforeTax": 111500000,
    "incomeBeforeTaxRatio": 0.0422796906,
    "incomeTaxExpense": 18300000,
    "netIncome": 93200000,
    "netIncomeRatio": 0.0353405127,
    "eps": 1.48,
    "epsdiluted": 1.47,
    "weightedAverageShsOut": 62800000,
    "weightedAverageShsOutDil": 63200000,
    "link": "https://www.sec.gov/Archives/edgar/data/851968/000085196825000023/0000851968-25-000023-index.htm",
    "finalLink": "https://www.sec.gov/Archives/edgar/data/851968/000085196825000023/mhk-20241231.htm"
  },
  {
    "date": "2024-09-28",
    "symbol": "MHK",
    "reportedCurrency": "USD",
    "cik": "0000851968",
    "fillingDate": "2024-10-25",
    "acceptedDate": "2024-10-25 12:15:22",
    "calendarYear": "2024",
    "period": "Q3",
    "revenue": 2719000000,
    "costOfRevenue": 2026400000,
    "grossProfit": 692600000,
    "grossProfitRatio": 0.2547260022,
    "researchAndDevelopmentExpenses": 0,
    "generalAndAdministrativeExpenses": 0,
    "sellingAndMarketingExpenses": 0,
    "sellingGeneralAndAdministrativeExpenses": 480300000,
    "otherExpenses": 0,
    "operatingExpenses": 480300000,
    "costAndExpenses": 2506700000,
    "interestIncome": 0,
    "interestExpense": 11200000,
    "depreciationAndAmortization": 156200000,
    "ebitda": 369200000,
    "ebitdaratio": 0.1357852152,
    "operatingIncome": 212300000,
    "operatingIncomeRatio": 0.0780801765,
    "totalOtherIncomeExpensesNet": -10500000,
    "incomeBeforeTax": 201800000,
    "incomeBeforeTaxRatio": 0.0742184627,
    "incomeTaxExpense": 39800000,
    "netIncome": 162000000,
    "netIncomeRatio": 0.0595807282,
    "eps": 2.57,
    "epsdiluted": 2.56,
    "weightedAverageShsOut": 63100000,
    "weightedAverageShsOutDil": 63400000,
    "link": "https://www.sec.gov/Archives/edgar/data/851968/000085196824000125/0000851968-24-000125-index.htm",
    "finalLink": "https://www.sec.gov/Archives/edgar/data/851968/000085196824000125/mhk-20240928.htm"
  },
  {
    "date": "2024-06-29",
    "symbol": "MHK",
    "reportedCurrency": "USD",
    "cik": "0000851968",
    "fillingDate": "2024-07-26",
    "acceptedDate": "2024-07-26 12:12:25",
    "calendarYear": "2024",
    "period": "Q2",
    "revenue": 2801300000,
    "costOfRevenue": 2077500000,
    "grossProfit": 723800000,
    "grossProfitRatio": 0.2583800378,
    "researchAndDevelopmentExpenses": 0,
    "generalAndAdministrativeExpenses": 0,
    "sellingAndMarketingExpenses": 0,
    "sellingGeneralAndAdministrativeExpenses": 509800000,
    "otherExpenses": 0,
    "operatingExpenses": 509800000,
    "costAndExpenses": 2587300000,
    "interestIncome": 0,
    "interestExpense": 12600000,
    "depreciationAndAmortization": 171500000,
    "ebitda": 383900000,
    "ebitdaratio": 0.1370435155,
    "operatingIncome": 214000000,
    "operatingIncomeRatio": 0.0763931032,
    "totalOtherIncomeExpensesNet": -14200000,
    "incomeBeforeTax": 199800000,
    "incomeBeforeTaxRatio": 0.0713240281,
    "incomeTaxExpense": 42300000,
    "netIncome": 157400000,
    "netIncomeRatio": 0.0561881983,
    "eps": 2.47,
    "epsdiluted": 2.46,
    "weightedAverageShsOut": 63600000,
    "weightedAverageShsOutDil": 63900000,
    "link": "https://www.sec.gov/Archives/edgar/data/851968/000085196824000106/0000851968-24-000106-index.htm",
    "finalLink": "https://www.sec.gov/Archives/edgar/data/851968/000085196824000106/mhk-20240629.htm"
  },
  {
    "date": "2024-03-30",
    "symbol": "MHK",
    "reportedCurrency": "USD",
    "cik": "0000851968",
    "fillingDate": "2024-04-26",
    "acceptedDate": "2024-04-26 12:08:53",
    "calendarYear": "2024",
    "period": "Q1",
    "revenue": 2679400000,
    "costOfRevenue": 2029900000,
    "grossProfit": 649500000,
    "grossProfitRatio": 0.242405016,
    "researchAndDevelopmentExpenses": 0,
    "generalAndAdministrativeExpenses": 0,
    "sellingAndMarketingExpenses": 0,
    "sellingGeneralAndAdministrativeExpenses": 502900000,
    "otherExpenses": 0,
    "operatingExpenses": 502900000,
    "costAndExpenses": 2532800000,
    "interestIncome": 0,
    "interestExpense": 14900000,
    "depreciationAndAmortization": 154200000,
    "ebitda": 301900000,
    "ebitdaratio": 0.1126744794,
    "operatingIncome": 146600000,
    "operatingIncomeRatio": 0.0547137419,
    "totalOtherIncomeExpensesNet": -13800000,
    "incomeBeforeTax": 132800000,
    "incomeBeforeTaxRatio": 0.0495633351,
    "incomeTaxExpense": 27800000,
    "netIncome": 105000000,
    "netIncomeRatio": 0.0391878779,
    "eps": 1.65,
    "epsdiluted": 1.64,
    "weightedAverageShsOut": 63700000,
    "weightedAverageShsOutDil": 64000000,
    "link": "https://www.sec.gov/Archives/edgar/data/851968/000085196824000082/0000851968-24-000082-index.htm",
    "finalLink": "https://www.sec.gov/Archives/edgar/data/851968/000085196824000082/mhk-20240330.htm"
  },
  {
    "date": "2023-12-31",
    "symbol": "MHK",
    "reportedCurrency": "USD",
    "cik": "0000851968",
    "fillingDate": "2024-02-23",
    "acceptedDate": "2024-02-23 17:16:41",
    "calendarYear": "2023",
    "period": "Q4",
    "revenue": 2612278000,
    "costOfRevenue": 1969984000,
    "grossProfit": 642294000,
    "grossProfitRatio": 0.2458750562,
    "researchAndDevelopmentExpenses": 0,
    "generalAndAdministrativeExpenses": 0,
    "sellingAndMarketingExpenses": 0,
    "sellingGeneralAndAdministrativeExpenses": 473560000,
    "otherExpenses": 1636000,
    "operatingExpenses": 475196000,
    "costAndExpenses": 2445180000,
    "interestIncome": 0,
    "interestExpense": 17376000,
    "depreciationAndAmortization": 154215000,
    "ebitda": 325224000,
    "ebitdaratio": 0.1244982349,
    "operatingIncome": 167098000,
    "operatingIncomeRatio": 0.0639663926,
    "totalOtherIncomeExpensesNet": -13465000,
    "incomeBeforeTax": 153633000,
    "incomeBeforeTaxRatio": 0.0588118876,
    "incomeTaxExpense": 14205000,
    "netIncome": 139488000,
    "netIncomeRatio": 0.0533970734,
    "eps": 2.19,
    "epsdiluted": 2.18,
    "weightedAverageShsOut": 63683000,
    "weightedAverageShsOutDil": 63938000,
    "link": "https://www.sec.gov/Archives/edgar/data/851968/000085196824000027/0000851968-24-000027-index.htm",
    "finalLink": "https://www.sec.gov/Archives/edgar/data/851968/000085196824000027/mhk-20231231.htm"
  },
  {
    "date": "2023-09-30",
    "symbol": "MHK",
    "reportedCurrency": "USD",
    "cik": "0000851968",
    "fillingDate": "2023-10-27",
    "acceptedDate": "2023-10-27 13:14:27",
    "calendarYear": "2023",
    "period": "Q3",
    "revenue": 2766100000,
    "costOfRevenue": 2074100000,
    "grossProfit": 692000000,
    "grossProfitRatio": 0.2501717219,
    "researchAndDevelopmentExpenses": 0,
    "generalAndAdministrativeExpenses": 0,
    "sellingAndMarketingExpenses": 0,
    "sellingGeneralAndAdministrativeExpenses": 549600000,
    "otherExpenses": 876100000,
    "operatingExpenses": 1425700000,
    "costAndExpenses": 3499800000,
    "interestIncome": 0,
    "interestExpense": 20100000,
    "depreciationAndAmortization": 149600000,
    "ebitda": -575600000,
    "ebitdaratio": -0.2080908138,
    "operatingIncome": -733700000,
    "operatingIncomeRatio": -0.2652470988,
    "totalOtherIncomeExpensesNet": -11600000,
    "incomeBeforeTax": -745300000,
    "incomeBeforeTaxRatio": -0.2694407288,
    "incomeTaxExpense": 14954000,
    "netIncome": -760459000,
    "netIncomeRatio": -0.2749210079,
    "eps": -11.94,
    "epsdiluted": -11.94,
    "weightedAverageShsOut": 63682000,
    "weightedAverageShsOutDil": 63682000,
    "link": "https://www.sec.gov/Archives/edgar/data/851968/000085196823000097/0000851968-23-000097-index.htm",
    "finalLink": "https://www.sec.gov/Archives/edgar/data/851968/000085196823000097/mhk-20230930.htm"
  },
  {
    "date": "2023-07-01",
    "symbol": "MHK",
    "reportedCurrency": "USD",
    "cik": "0000851968",
    "fillingDate": "2023-07-28",
    "acceptedDate": "2023-07-28 12:27:03",
    "calendarYear": "2023",
    "period": "Q2",
    "revenue": 2950500000,
    "costOfRevenue": 2218500000,
    "grossProfit": 732000000,
    "grossProfitRatio": 0.2480935435,
    "researchAndDevelopmentExpenses": 0,
    "generalAndAdministrativeExpenses": 0,
    "sellingAndMarketingExpenses": 0,
    "sellingGeneralAndAdministrativeExpenses": 578900000,
    "otherExpenses": 0,
    "operatingExpenses": 578900000,
    "costAndExpenses": 2797400000,
    "interestIncome": 0,
    "interestExpense": 22900000,
    "depreciationAndAmortization": 156600000,
    "ebitda": 307500000,
    "ebitdaratio": 0.1042196238,
    "operatingIncome": 153100000,
    "operatingIncomeRatio": 0.0518895103,
    "totalOtherIncomeExpensesNet": -25100000,
    "incomeBeforeTax": 128000000,
    "incomeBeforeTaxRatio": 0.0433824775,
    "incomeTaxExpense": 26760000,
    "netIncome": 101200000,
    "netIncomeRatio": 0.0342992713,
    "eps": 1.59,
    "epsdiluted": 1.58,
    "weightedAverageShsOut": 63680000,
    "weightedAverageShsOutDil": 63900000,
    "link": "https://www.sec.gov/Archives/edgar/data/851968/000085196823000086/0000851968-23-000086-index.htm",
    "finalLink": "https://www.sec.gov/Archives/edgar/data/851968/000085196823000086/mhk-20230701.htm"
  },
  {
    "date": "2023-04-01",
    "symbol": "MHK",
    "reportedCurrency": "USD",
    "cik": "0000851968",
    "fillingDate": "2023-04-28",
    "acceptedDate": "2023-04-28 13:05:50",
    "calendarYear": "2023",
    "period": "Q1",
    "revenue": 2806200000,
    "costOfRevenue": 2162800000,
    "grossProfit": 643400000,
    "grossProfitRatio": 0.2292780272,
    "researchAndDevelopmentExpenses": 0,
    "generalAndAdministrativeExpenses": 0,
    "sellingAndMarketingExpenses": 0,
    "sellingGeneralAndAdministrativeExpenses": 517700000,
    "otherExpenses": 0,
    "operatingExpenses": 517700000,
    "costAndExpenses": 2680500000,
    "interestIncome": 0,
    "interestExpense": 17100000,
    "depreciationAndAmortization": 169900000,
    "ebitda": 296200000,
    "ebitdaratio": 0.105551992,
    "operatingIncome": 125700000,
    "operatingIncomeRatio": 0.0447936712,
    "totalOtherIncomeExpensesNet": -16500000,
    "incomeBeforeTax": 109200000,
    "incomeBeforeTaxRatio": 0.0389138337,
    "incomeTaxExpense": 28943000,
    "netIncome": 80200000,
    "netIncomeRatio": 0.0285795738,
    "eps": 1.26,
    "epsdiluted": 1.26,
    "weightedAverageShsOut": 63582000,
    "weightedAverageShsOutDil": 63846000,
    "link": "https://www.sec.gov/Archives/edgar/data/851968/000085196823000065/0000851968-23-000065-index.htm",
    "finalLink": "https://www.sec.gov/Archives/edgar/data/851968/000085196823000065/mhk-20230401.htm"
  },
  {
    "date": "2022-12-31",
    "symbol": "MHK",
    "reportedCurrency": "USD",
    "cik": "0000851968",
    "fillingDate": "2023-02-22",
    "acceptedDate": "2023-02-22 17:20:45",
    "calendarYear": "2022",
    "period": "Q4",
    "revenue": 2650675000,
    "costOfRevenue": 2096235000,
    "grossProfit": 554440000,
    "grossProfitRatio": 0.2091693625,
    "researchAndDevelopmentExpenses": 0,
    "generalAndAdministrativeExpenses": 0,
    "sellingAndMarketingExpenses": 0,
    "sellingGeneralAndAdministrativeExpenses": 493362000,
    "otherExpenses": 0,
    "operatingExpenses": 493362000,
    "costAndExpenses": 2589597000,
    "interestIncome": 0,
    "interestExpense": 14601000,
    "depreciationAndAmortization": 159015000,
    "ebitda": 210085000,
    "ebitdaratio": 0.0792571703,
    "operatingIncome": 61078000,
    "operatingIncomeRatio": 0.0230424326,
    "totalOtherIncomeExpensesNet": -24609000,
    "incomeBeforeTax": 36469000,
    "incomeBeforeTaxRatio": 0.0137583823,
    "incomeTaxExpense": 2917000,
    "netIncome": 33456000,
    "netIncomeRatio": 0.0126216907,
    "eps": 0.53,
    "epsdiluted": 0.52,
    "weightedAverageShsOut": 63534000,
    "weightedAverageShsOutDil": 63792000,
    "link": "https://www.sec.gov/Archives/edgar/data/851968/000085196823000033/0000851968-23-000033-index.htm",
    "finalLink": "https://www.sec.gov/Archives/edgar/data/851968/000085196823000033/mhk-20221231.htm"
  },
  {
    "date": "2022-10-01",
    "symbol": "MHK",
    "reportedCurrency": "USD",
    "cik": "0000851968",
    "fillingDate": "2022-10-28",
    "acceptedDate": "2022-10-28 13:03:11",
    "calendarYear": "2022",
    "period": "Q3",
    "revenue": 2917539000,
    "costOfRevenue": 2203878000,
    "grossProfit": 713661000,
    "grossProfitRatio": 0.2446106119,
    "researchAndDevelopmentExpenses": 0,
    "generalAndAdministrativeExpenses": 0,
    "sellingAndMarketingExpenses": 0,
    "sellingGeneralAndAdministrativeExpenses": 523479000,
    "otherExpenses": 695771000,
    "operatingExpenses": 1219250000,
    "costAndExpenses": 3423128000,
    "interestIncome": 0,
    "interestExpense": 13797000,
    "depreciationAndAmortization": 153465000,
    "ebitda": -350882000,
    "ebitdaratio": -0.12026643,
    "operatingIncome": -505589000,
    "operatingIncomeRatio": -0.1732929705,
    "totalOtherIncomeExpensesNet": -12555000,
    "incomeBeforeTax": -518144000,
    "incomeBeforeTaxRatio": -0.1775962549,
    "incomeTaxExpense": 15569000,
    "netIncome": -533713000,
    "netIncomeRatio": -0.1829326018,
    "eps": -8.4,
    "epsdiluted": -8.4,
    "weightedAverageShsOut": 63534000,
    "weightedAverageShsOutDil": 63534000,
    "link": "https://www.sec.gov/Archives/edgar/data/851968/000085196822000091/0000851968-22-000091-index.htm",
    "finalLink": "https://www.sec.gov/Archives/edgar/data/851968/000085196822000091/mhk-20221001.htm"
  },
  {
    "date": "2022-07-02",
    "symbol": "MHK",
    "reportedCurrency": "USD",
    "cik": "0000851968",
    "fillingDate": "2022-07-29",
    "acceptedDate": "2022-07-29 13:01:33",
    "calendarYear": "2022",
    "period": "Q2",
    "revenue": 3153188000,
    "costOfRevenue": 2279991000,
    "grossProfit": 873197000,
    "grossProfitRatio": 0.276925131,
    "researchAndDevelopmentExpenses": 0,
    "generalAndAdministrativeExpenses": 0,
    "sellingAndMarketingExpenses": 0,
    "sellingGeneralAndAdministrativeExpenses": 505270000,
    "otherExpenses": 0,
    "operatingExpenses": 505270000,
    "costAndExpenses": 2785261000,
    "interestIncome": 0,
    "interestExpense": 12059000,
    "depreciationAndAmortization": 141569000,
    "ebitda": 512314000,
    "ebitdaratio": 0.1624749301,
    "operatingIncome": 367927000,
    "operatingIncomeRatio": 0.1166841305,
    "totalOtherIncomeExpensesNet": -9241000,
    "incomeBeforeTax": 358686000,
    "incomeBeforeTaxRatio": 0.1137534457,
    "incomeTaxExpense": 78176000,
    "netIncome": 280431000,
    "netIncomeRatio": 0.0889357057,
    "eps": 4.41,
    "epsdiluted": 4.4,
    "weightedAverageShsOut": 63540000,
    "weightedAverageShsOutDil": 63798000,
    "link": "https://www.sec.gov/Archives/edgar/data/851968/000085196822000076/0000851968-22-000076-index.htm",
    "finalLink": "https://www.sec.gov/Archives/edgar/data/851968/000085196822000076/mhk-20220702.htm"
  },
  {
    "date": "2022-04-02",
    "symbol": "MHK",
    "reportedCurrency": "USD",
    "cik": "0000851968",
    "fillingDate": "2022-04-29",
    "acceptedDate": "2022-04-29 13:02:21",
    "calendarYear": "2022",
    "period": "Q1",
    "revenue": 3015663000,
    "costOfRevenue": 2213535000,
    "grossProfit": 802128000,
    "grossProfitRatio": 0.2659872804,
    "researchAndDevelopmentExpenses": 0,
    "generalAndAdministrativeExpenses": 0,
    "sellingAndMarketingExpenses": 0,
    "sellingGeneralAndAdministrativeExpenses": 481327000,
    "otherExpenses": 0,
    "operatingExpenses": 481327000,
    "costAndExpenses": 2694862000,
    "interestIncome": 0,
    "interestExpense": 11481000,
    "depreciationAndAmortization": 141415000,
    "ebitda": 459778000,
    "ebitdaratio": 0.1524633223,
    "operatingIncome": 320801000,
    "operatingIncomeRatio": 0.1063782657,
    "totalOtherIncomeExpensesNet": -13919000,
    "incomeBeforeTax": 306882000,
    "incomeBeforeTaxRatio": 0.101762697,
    "incomeTaxExpense": 61448000,
    "netIncome": 245329000,
    "netIncomeRatio": 0.0813515966,
    "eps": 3.79,
    "epsdiluted": 3.78,
    "weightedAverageShsOut": 64686000,
    "weightedAverageShsOutDil": 64970000,
    "link": "https://www.sec.gov/Archives/edgar/data/851968/000085196822000058/0000851968-22-000058-index.htm",
    "finalLink": "https://www.sec.gov/Archives/edgar/data/851968/000085196822000058/mhk-20220402.htm"
  },
  {
    "date": "2021-12-31",
    "symbol": "MHK",
    "reportedCurrency": "USD",
    "cik": "0000851968",
    "fillingDate": "2022-02-23",
    "acceptedDate": "2022-02-23 16:19:13",
    "calendarYear": "2021",
    "period": "Q4",
    "revenue": 2760737000,
    "costOfRevenue": 2023294000,
    "grossProfit": 737443000,
    "grossProfitRatio": 0.2671181645,
    "researchAndDevelopmentExpenses": 0,
    "generalAndAdministrativeExpenses": 0,
    "sellingAndMarketingExpenses": 0,
    "sellingGeneralAndAdministrativeExpenses": 484345000,
    "otherExpenses": 0,
    "operatingExpenses": 484345000,
    "costAndExpenses": 2507639000,
    "interestIncome": 0,
    "interestExpense": 12169000,
    "depreciationAndAmortization": 143412000,
    "ebitda": 395370000,
    "ebitdaratio": 0.1432117583,
    "operatingIncome": 253098000,
    "operatingIncomeRatio": 0.0916776933,
    "totalOtherIncomeExpensesNet": -13309000,
    "incomeBeforeTax": 239789000,
    "incomeBeforeTaxRatio": 0.0868568792,
    "incomeTaxExpense": 50689000,
    "netIncome": 189089000,
    "netIncomeRatio": 0.0684922178,
    "eps": 2.81,
    "epsdiluted": 2.8,
    "weightedAverageShsOut": 67209000,
    "weightedAverageShsOutDil": 67535000,
    "link": "https://www.sec.gov/Archives/edgar/data/851968/000085196822000026/0000851968-22-000026-index.htm",
    "finalLink": "https://www.sec.gov/Archives/edgar/data/851968/000085196822000026/mhk-20211231.htm"
  },
  {
    "date": "2021-10-02",
    "symbol": "MHK",
    "reportedCurrency": "USD",
    "cik": "0000851968",
    "fillingDate": "2021-10-29",
    "acceptedDate": "2021-10-29 13:12:04",
    "calendarYear": "2021",
    "period": "Q3",
    "revenue": 2817017000,
    "costOfRevenue": 1979702000,
    "grossProfit": 837315000,
    "grossProfitRatio": 0.297234628,
    "researchAndDevelopmentExpenses": 0,
    "generalAndAdministrativeExpenses": 0,
    "sellingAndMarketingExpenses": 0,
    "sellingGeneralAndAdministrativeExpenses": 477341000,
    "otherExpenses": 0,
    "operatingExpenses": 477341000,
    "costAndExpenses": 2457043000,
    "interestIncome": 0,
    "interestExpense": 14948000,
    "depreciationAndAmortization": 148618000,
    "ebitda": 508571000,
    "ebitdaratio": 0.1805352967,
    "operatingIncome": 359974000,
    "operatingIncomeRatio": 0.1277855263,
    "totalOtherIncomeExpensesNet": -14969000,
    "incomeBeforeTax": 345005000,
    "incomeBeforeTaxRatio": 0.1224717494,
    "incomeTaxExpense": 73821000,
    "netIncome": 270978000,
    "netIncomeRatio": 0.0961932427,
    "eps": 3.95,
    "epsdiluted": 3.93,
    "weightedAverageShsOut": 68541000,
    "weightedAverageShsOutDil": 68864000,
    "link": "https://www.sec.gov/Archives/edgar/data/851968/000085196821000080/0000851968-21-000080-index.htm",
    "finalLink": "https://www.sec.gov/Archives/edgar/data/851968/000085196821000080/mhk-20211002.htm"
  },
  {
    "date": "2021-07-03",
    "symbol": "MHK",
    "reportedCurrency": "USD",
    "cik": "0000851968",
    "fillingDate": "2021-07-30",
    "acceptedDate": "2021-07-30 13:03:15",
    "calendarYear": "2021",
    "period": "Q2",
    "revenue": 2953833000,
    "costOfRevenue": 2051626000,
    "grossProfit": 902207000,
    "grossProfitRatio": 0.3054360216,
    "researchAndDevelopmentExpenses": 0,
    "generalAndAdministrativeExpenses": 0,
    "sellingAndMarketingExpenses": 0,
    "sellingGeneralAndAdministrativeExpenses": 497783000,
    "otherExpenses": 0,
    "operatingExpenses": 497783000,
    "costAndExpenses": 2549409000,
    "interestIncome": 0,
    "interestExpense": 14894000,
    "depreciationAndAmortization": 148465000,
    "ebitda": 564057000,
    "ebitdaratio": 0.1909576472,
    "operatingIncome": 404424000,
    "operatingIncomeRatio": 0.1369149847,
    "totalOtherIncomeExpensesNet": -3726000,
    "incomeBeforeTax": 400698000,
    "incomeBeforeTaxRatio": 0.1356535728,
    "incomeTaxExpense": 64245000,
    "netIncome": 336285000,
    "netIncomeRatio": 0.1138469913,
    "eps": 4.84,
    "epsdiluted": 4.82,
    "weightedAverageShsOut": 69432000,
    "weightedAverageShsOutDil": 69745000,
    "link": "https://www.sec.gov/Archives/edgar/data/851968/000085196821000060/0000851968-21-000060-index.htm",
    "finalLink": "https://www.sec.gov/Archives/edgar/data/851968/000085196821000060/mhk-20210703.htm"
  },
  {
    "date": "2021-04-03",
    "symbol": "MHK",
    "reportedCurrency": "USD",
    "cik": "0000851968",
    "fillingDate": "2021-04-30",
    "acceptedDate": "2021-04-30 13:32:10",
    "calendarYear": "2021",
    "period": "Q1",
    "revenue": 2669026000,
    "costOfRevenue": 1877257000,
    "grossProfit": 791769000,
    "grossProfitRatio": 0.2966509131,
    "researchAndDevelopmentExpenses": 0,
    "generalAndAdministrativeExpenses": 0,
    "sellingAndMarketingExpenses": 0,
    "sellingGeneralAndAdministrativeExpenses": 474254000,
    "otherExpenses": 0,
    "operatingExpenses": 474254000,
    "costAndExpenses": 2351511000,
    "interestIncome": 0,
    "interestExpense": 15241000,
    "depreciationAndAmortization": 151216000,
    "ebitda": 470958000,
    "ebitdaratio": 0.1764531331,
    "operatingIncome": 317515000,
    "operatingIncomeRatio": 0.1189628726,
    "totalOtherIncomeExpensesNet": -13014000,
    "incomeBeforeTax": 304501000,
    "incomeBeforeTaxRatio": 0.1140869366,
    "incomeTaxExpense": 67690000,
    "netIncome": 236807000,
    "netIncomeRatio": 0.0887241263,
    "eps": 3.37,
    "epsdiluted": 3.36,
    "weightedAverageShsOut": 70179000,
    "weightedAverageShsOutDil": 70474000,
    "link": "https://www.sec.gov/Archives/edgar/data/851968/000085196821000042/0000851968-21-000042-index.htm",
    "finalLink": "https://www.sec.gov/Archives/edgar/data/851968/000085196821000042/mhk-20210403.htm"
  },
  {
    "date": "2020-12-31",
    "symbol": "MHK",
    "reportedCurrency": "USD",
    "cik": "0000851968",
    "fillingDate": "2021-02-24",
    "acceptedDate": "2021-02-24 17:03:03",
    "calendarYear": "2020",
    "period": "Q4",
    "revenue": 2641764000,
    "costOfRevenue": 1903680000,
    "grossProfit": 738084000,
    "grossProfitRatio": 0.279390589,
    "researchAndDevelopmentExpenses": 0,
    "generalAndAdministrativeExpenses": 0,
    "sellingAndMarketingExpenses": 0,
    "sellingGeneralAndAdministrativeExpenses": 455350000,
    "otherExpenses": 0,
    "operatingExpenses": 455350000,
    "costAndExpenses": 2359030000,
    "interestIncome": 0,
    "interestExpense": 15897000,
    "depreciationAndAmortization": 156555000,
    "ebitda": 446030000,
    "ebitdaratio": 0.1688379431,
    "operatingIncome": 282734000,
    "operatingIncomeRatio": 0.1070247002,
    "totalOtherIncomeExpensesNet": -9157000,
    "incomeBeforeTax": 273577000,
    "incomeBeforeTaxRatio": 0.1035584556,
    "incomeTaxExpense": 25180000,
    "netIncome": 248222000,
    "netIncomeRatio": 0.093960702,
    "eps": 3.5,
    "epsdiluted": 3.49,
    "weightedAverageShsOut": 70951000,
    "weightedAverageShsOutDil": 71209000,
    "link": "https://www.sec.gov/Archives/edgar/data/851968/000085196821000019/0000851968-21-000019-index.htm",
    "finalLink": "https://www.sec.gov/Archives/edgar/data/851968/000085196821000019/mhk-20201231.htm"
  },
  {
    "date": "2020-09-26",
    "symbol": "MHK",
    "reportedCurrency": "USD",
    "cik": "0000851968",
    "fillingDate": "2020-10-30",
    "acceptedDate": "2020-10-30 13:29:44",
    "calendarYear": "2020",
    "period": "Q3",
    "revenue": 2574870000,
    "costOfRevenue": 1868671000,
    "grossProfit": 706199000,
    "grossProfitRatio": 0.2742658853,
    "researchAndDevelopmentExpenses": 0,
    "generalAndAdministrativeExpenses": 0,
    "sellingAndMarketingExpenses": 0,
    "sellingGeneralAndAdministrativeExpenses": 443455000,
    "otherExpenses": 0,
    "operatingExpenses": 443455000,
    "costAndExpenses": 2312126000,
    "interestIncome": 0,
    "interestExpense": 14854000,
    "depreciationAndAmortization": 151342000,
    "ebitda": 414812000,
    "ebitdaratio": 0.161100172,
    "operatingIncome": 262744000,
    "operatingIncomeRatio": 0.1020416565,
    "totalOtherIncomeExpensesNet": -14128000,
    "incomeBeforeTax": 248616000,
    "incomeBeforeTaxRatio": 0.0965547775,
    "incomeTaxExpense": 43163000,
    "netIncome": 205117000,
    "netIncomeRatio": 0.0796611091,
    "eps": 2.88,
    "epsdiluted": 2.87,
    "weightedAverageShsOut": 71197000,
    "weightedAverageShsOutDil": 71378000,
    "link": "https://www.sec.gov/Archives/edgar/data/851968/000085196820000086/0000851968-20-000086-index.htm",
    "finalLink": "https://www.sec.gov/Archives/edgar/data/851968/000085196820000086/mhk-20200926.htm"
  },
  {
    "date": "2020-06-27",
    "symbol": "MHK",
    "reportedCurrency": "USD",
    "cik": "0000851968",
    "fillingDate": "2020-08-06",
    "acceptedDate": "2020-08-06 16:12:09",
    "calendarYear": "2020",
    "period": "Q2",
    "revenue": 2049800000,
    "costOfRevenue": 1679833000,
    "grossProfit": 369967000,
    "grossProfitRatio": 0.180489316,
    "researchAndDevelopmentExpenses": 0,
    "generalAndAdministrativeExpenses": 0,
    "sellingAndMarketingExpenses": 0,
    "sellingGeneralAndAdministrativeExpenses": 430925000,
    "otherExpenses": 0,
    "operatingExpenses": 430925000,
    "costAndExpenses": 2110758000,
    "interestIncome": 0,
    "interestExpense": 12956000,
    "depreciationAndAmortization": 154094000,
    "ebitda": 92099000,
    "ebitdaratio": 0.0449307249,
    "operatingIncome": -60958000,
    "operatingIncomeRatio": -0.0297385111,
    "totalOtherIncomeExpensesNet": -13993000,
    "incomeBeforeTax": -74951000,
    "incomeBeforeTaxRatio": -0.0365650307,
    "incomeTaxExpense": -26363000,
    "netIncome": -48257000,
    "netIncomeRatio": -0.0235422968,
    "eps": -0.68,
    "epsdiluted": -0.68,
    "weightedAverageShsOut": 70966176,
    "weightedAverageShsOutDil": 71186000,
    "link": "https://www.sec.gov/Archives/edgar/data/851968/000085196820000075/0000851968-20-000075-index.htm",
    "finalLink": "https://www.sec.gov/Archives/edgar/data/851968/000085196820000075/mhk-20200627.htm"
  },
  {
    "date": "2020-03-28",
    "symbol": "MHK",
    "reportedCurrency": "USD",
    "cik": "0000851968",
    "fillingDate": "2020-05-05",
    "acceptedDate": "2020-05-05 16:44:35",
    "calendarYear": "2020",
    "period": "Q1",
    "revenue": 2285763000,
    "costOfRevenue": 1669323000,
    "grossProfit": 616440000,
    "grossProfitRatio": 0.2696867523,
    "researchAndDevelopmentExpenses": 0,
    "generalAndAdministrativeExpenses": 0,
    "sellingAndMarketingExpenses": 0,
    "sellingGeneralAndAdministrativeExpenses": 464957000,
    "otherExpenses": 0,
    "operatingExpenses": 464957000,
    "costAndExpenses": 2134280000,
    "interestIncome": 0,
    "interestExpense": 8671000,
    "depreciationAndAmortization": 145516000,
    "ebitda": 291320000,
    "ebitdaratio": 0.1274497837,
    "operatingIncome": 151483000,
    "operatingIncomeRatio": 0.0662724001,
    "totalOtherIncomeExpensesNet": -14350000,
    "incomeBeforeTax": 137133000,
    "incomeBeforeTaxRatio": 0.0599944089,
    "incomeTaxExpense": 26668000,
    "netIncome": 110514000,
    "netIncomeRatio": 0.0483488446,
    "eps": 1.54,
    "epsdiluted": 1.54,
    "weightedAverageShsOut": 71547000,
    "weightedAverageShsOutDil": 71777000,
    "link": "https://www.sec.gov/Archives/edgar/data/851968/000085196820000051/0000851968-20-000051-index.htm",
    "finalLink": "https://www.sec.gov/Archives/edgar/data/851968/000085196820000051/a2020q110-qdocument.htm"
  },
  {
    "date": "2019-12-31",
    "symbol": "MHK",
    "reportedCurrency": "USD",
    "cik": "0000851968",
    "fillingDate": "2020-02-28",
    "acceptedDate": "2020-02-28 16:47:26",
    "calendarYear": "2019",
    "period": "Q4",
    "revenue": 2424512000,
    "costOfRevenue": 1801705000,
    "grossProfit": 622807000,
    "grossProfitRatio": 0.2568793225,
    "researchAndDevelopmentExpenses": 0,
    "generalAndAdministrativeExpenses": 0,
    "sellingAndMarketingExpenses": 0,
    "sellingGeneralAndAdministrativeExpenses": 467993000,
    "otherExpenses": 0,
    "operatingExpenses": 467993000,
    "costAndExpenses": 2269698000,
    "interestIncome": 0,
    "interestExpense": 10962000,
    "depreciationAndAmortization": 153759000,
    "ebitda": 318095000,
    "ebitdaratio": 0.1311995981,
    "operatingIncome": 154814000,
    "operatingIncomeRatio": 0.0638536745,
    "totalOtherIncomeExpensesNet": -1440000,
    "incomeBeforeTax": 153374000,
    "incomeBeforeTaxRatio": 0.0632597405,
    "incomeTaxExpense": -111299000,
    "netIncome": 264667000,
    "netIncomeRatio": 0.1091629986,
    "eps": 3.69,
    "epsdiluted": 3.68,
    "weightedAverageShsOut": 71640000,
    "weightedAverageShsOutDil": 71954000,
    "link": "https://www.sec.gov/Archives/edgar/data/851968/000085196820000020/0000851968-20-000020-index.htm",
    "finalLink": "https://www.sec.gov/Archives/edgar/data/851968/000085196820000020/a2019q410-kdocument.htm"
  },
  {
    "date": "2019-09-28",
    "symbol": "MHK",
    "reportedCurrency": "USD",
    "cik": "0000851968",
    "fillingDate": "2019-11-01",
    "acceptedDate": "2019-11-01 16:31:25",
    "calendarYear": "2019",
    "period": "Q3",
    "revenue": 2519185000,
    "costOfRevenue": 1827494000,
    "grossProfit": 691691000,
    "grossProfitRatio": 0.2745693548,
    "researchAndDevelopmentExpenses": 0,
    "generalAndAdministrativeExpenses": 0,
    "sellingAndMarketingExpenses": 0,
    "sellingGeneralAndAdministrativeExpenses": 451471000,
    "otherExpenses": 0,
    "operatingExpenses": 451471000,
    "costAndExpenses": 2278965000,
    "interestIncome": 0,
    "interestExpense": 9316000,
    "depreciationAndAmortization": 144920000,
    "ebitda": 332427000,
    "ebitdaratio": 0.1319581531,
    "operatingIncome": 240220000,
    "operatingIncomeRatio": 0.0953562362,
    "totalOtherIncomeExpensesNet": -62029000,
    "incomeBeforeTax": 178191000,
    "incomeBeforeTaxRatio": 0.0707335904,
    "incomeTaxExpense": 22522000,
    "netIncome": 155518000,
    "netIncomeRatio": 0.0617334574,
    "eps": 2.16,
    "epsdiluted": 2.15,
    "weightedAverageShsOut": 72106000,
    "weightedAverageShsOutDil": 72392000,
    "link": "https://www.sec.gov/Archives/edgar/data/851968/000085196819000082/0000851968-19-000082-index.htm",
    "finalLink": "https://www.sec.gov/Archives/edgar/data/851968/000085196819000082/a2019q310qdocument.htm"
  },
  {
    "date": "2019-06-29",
    "symbol": "MHK",
    "reportedCurrency": "USD",
    "cik": "0000851968",
    "fillingDate": "2019-08-02",
    "acceptedDate": "2019-08-02 16:23:48",
    "calendarYear": "2019",
    "period": "Q2",
    "revenue": 2584485000,
    "costOfRevenue": 1847867000,
    "grossProfit": 736618000,
    "grossProfitRatio": 0.2850153899,
    "researchAndDevelopmentExpenses": 0,
    "generalAndAdministrativeExpenses": 0,
    "sellingAndMarketingExpenses": 0,
    "sellingGeneralAndAdministrativeExpenses": 469758000,
    "otherExpenses": 0,
    "operatingExpenses": 469758000,
    "costAndExpenses": 2317625000,
    "interestIncome": 0,
    "interestExpense": 10521000,
    "depreciationAndAmortization": 140482000,
    "ebitda": 410390000,
    "ebitdaratio": 0.1587898556,
    "operatingIncome": 266860000,
    "operatingIncomeRatio": 0.1032546136,
    "totalOtherIncomeExpensesNet": -7473000,
    "incomeBeforeTax": 259387000,
    "incomeBeforeTaxRatio": 0.1003631284,
    "incomeTaxExpense": 56733000,
    "netIncome": 202441000,
    "netIncomeRatio": 0.0783293383,
    "eps": 2.8,
    "epsdiluted": 2.79,
    "weightedAverageShsOut": 72402000,
    "weightedAverageShsOutDil": 72680000,
    "link": "https://www.sec.gov/Archives/edgar/data/851968/000085196819000071/0000851968-19-000071-index.htm",
    "finalLink": "https://www.sec.gov/Archives/edgar/data/851968/000085196819000071/a2019q210qdocument.htm"
  },
  {
    "date": "2019-03-30",
    "symbol": "MHK",
    "reportedCurrency": "USD",
    "cik": "0000851968",
    "fillingDate": "2019-05-03",
    "acceptedDate": "2019-05-03 16:35:38",
    "calendarYear": "2019",
    "period": "Q1",
    "revenue": 2442490000,
    "costOfRevenue": 1817563000,
    "grossProfit": 624927000,
    "grossProfitRatio": 0.2558565235,
    "researchAndDevelopmentExpenses": 0,
    "generalAndAdministrativeExpenses": 0,
    "sellingAndMarketingExpenses": 0,
    "sellingGeneralAndAdministrativeExpenses": 459597000,
    "otherExpenses": 0,
    "operatingExpenses": 459597000,
    "costAndExpenses": 2277160000,
    "interestIncome": 0,
    "interestExpense": 10473000,
    "depreciationAndAmortization": 137291000,
    "ebitda": 306357000,
    "ebitdaratio": 0.1254281491,
    "operatingIncome": 165330000,
    "operatingIncomeRatio": 0.0676891205,
    "totalOtherIncomeExpensesNet": -6737000,
    "incomeBeforeTax": 158593000,
    "incomeBeforeTaxRatio": 0.0649308697,
    "incomeTaxExpense": 37018000,
    "netIncome": 121585000,
    "netIncomeRatio": 0.0497791189,
    "eps": 1.68,
    "epsdiluted": 1.67,
    "weightedAverageShsOut": 72342000,
    "weightedAverageShsOutDil": 72646000,
    "link": "https://www.sec.gov/Archives/edgar/data/851968/000085196819000046/0000851968-19-000046-index.htm",
    "finalLink": "https://www.sec.gov/Archives/edgar/data/851968/000085196819000046/a2019q110qdocument.htm"
  },
  {
    "date": "2018-12-31",
    "symbol": "MHK",
    "reportedCurrency": "USD",
    "cik": "0000851968",
    "fillingDate": "2019-02-28",
    "acceptedDate": "2019-02-28 16:45:15",
    "calendarYear": "2018",
    "period": "Q4",
    "revenue": 2448618000,
    "costOfRevenue": 1802228000,
    "grossProfit": 646390000,
    "grossProfitRatio": 0.2639815602,
    "researchAndDevelopmentExpenses": 0,
    "generalAndAdministrativeExpenses": 0,
    "sellingAndMarketingExpenses": 0,
    "sellingGeneralAndAdministrativeExpenses": 433014000,
    "otherExpenses": 0,
    "operatingExpenses": 433014000,
    "costAndExpenses": 2235242000,
    "interestIncome": 0,
    "interestExpense": 14411000,
    "depreciationAndAmortization": 139092000,
    "ebitda": 351964000,
    "ebitdaratio": 0.1437398565,
    "operatingIncome": 213376000,
    "operatingIncomeRatio": 0.0871413998,
    "totalOtherIncomeExpensesNet": -14915000,
    "incomeBeforeTax": 198461000,
    "incomeBeforeTaxRatio": 0.0810502087,
    "incomeTaxExpense": -31582000,
    "netIncome": 229339000,
    "netIncomeRatio": 0.0936605873,
    "eps": 3.07,
    "epsdiluted": 3.05,
    "weightedAverageShsOut": 73856000,
    "weightedAverageShsOutDil": 74183000,
    "link": "https://www.sec.gov/Archives/edgar/data/851968/000085196819000020/0000851968-19-000020-index.htm",
    "finalLink": "https://www.sec.gov/Archives/edgar/data/851968/000085196819000020/a4q201810kdocument-classic.htm"
  },
  {
    "date": "2018-09-29",
    "symbol": "MHK",
    "reportedCurrency": "USD",
    "cik": "0000851968",
    "fillingDate": "2018-11-02",
    "acceptedDate": "2018-11-02 16:19:46",
    "calendarYear": "2018",
    "period": "Q3",
    "revenue": 2545800000,
    "costOfRevenue": 1825367000,
    "grossProfit": 720433000,
    "grossProfitRatio": 0.2829888444,
    "researchAndDevelopmentExpenses": 0,
    "generalAndAdministrativeExpenses": 0,
    "sellingAndMarketingExpenses": 0,
    "sellingGeneralAndAdministrativeExpenses": 433189000,
    "otherExpenses": 0,
    "operatingExpenses": 433189000,
    "costAndExpenses": 2258556000,
    "interestIncome": 0,
    "interestExpense": 9025000,
    "depreciationAndAmortization": 132971000,
    "ebitda": 419509000,
    "ebitdaratio": 0.1647847435,
    "operatingIncome": 287244000,
    "operatingIncomeRatio": 0.1128305444,
    "totalOtherIncomeExpensesNet": -9731000,
    "incomeBeforeTax": 277513000,
    "incomeBeforeTaxRatio": 0.1090081703,
    "incomeTaxExpense": 49487000,
    "netIncome": 227013000,
    "netIncomeRatio": 0.0891715767,
    "eps": 3.03,
    "epsdiluted": 3.02,
    "weightedAverageShsOut": 74603000,
    "weightedAverageShsOutDil": 74945000,
    "link": "https://www.sec.gov/Archives/edgar/data/851968/000085196818000119/0000851968-18-000119-index.htm",
    "finalLink": "https://www.sec.gov/Archives/edgar/data/851968/000085196818000119/a3q201810qdocument-classic.htm"
  },
  {
    "date": "2018-06-30",
    "symbol": "MHK",
    "reportedCurrency": "USD",
    "cik": "0000851968",
    "fillingDate": "2018-08-03",
    "acceptedDate": "2018-08-03 16:21:49",
    "calendarYear": "2018",
    "period": "Q2",
    "revenue": 2577014000,
    "costOfRevenue": 1810459000,
    "grossProfit": 766555000,
    "grossProfitRatio": 0.2974586091,
    "researchAndDevelopmentExpenses": 0,
    "generalAndAdministrativeExpenses": 0,
    "sellingAndMarketingExpenses": 0,
    "sellingGeneralAndAdministrativeExpenses": 440248000,
    "otherExpenses": 0,
    "operatingExpenses": 440248000,
    "costAndExpenses": 2250707000,
    "interestIncome": 0,
    "interestExpense": 7863000,
    "depreciationAndAmortization": 127048000,
    "ebitda": 451265000,
    "ebitdaratio": 0.1751115826,
    "operatingIncome": 326307000,
    "operatingIncomeRatio": 0.1266221293,
    "totalOtherIncomeExpensesNet": -9953000,
    "incomeBeforeTax": 316354000,
    "incomeBeforeTaxRatio": 0.1227599074,
    "incomeTaxExpense": 118809000,
    "netIncome": 196586000,
    "netIncomeRatio": 0.0762844129,
    "eps": 2.64,
    "epsdiluted": 2.62,
    "weightedAverageShsOut": 74597000,
    "weightedAverageShsOutDil": 74937000,
    "link": "https://www.sec.gov/Archives/edgar/data/851968/000085196818000103/0000851968-18-000103-index.htm",
    "finalLink": "https://www.sec.gov/Archives/edgar/data/851968/000085196818000103/a2q201810qdocument-classic.htm"
  },
  {
    "date": "2018-03-31",
    "symbol": "MHK",
    "reportedCurrency": "USD",
    "cik": "0000851968",
    "fillingDate": "2018-05-04",
    "acceptedDate": "2018-05-04 16:16:29",
    "calendarYear": "2018",
    "period": "Q1",
    "revenue": 2412202000,
    "costOfRevenue": 1707510000,
    "grossProfit": 704692000,
    "grossProfitRatio": 0.2921363965,
    "researchAndDevelopmentExpenses": 0,
    "generalAndAdministrativeExpenses": 0,
    "sellingAndMarketingExpenses": 0,
    "sellingGeneralAndAdministrativeExpenses": 436293000,
    "otherExpenses": 0,
    "operatingExpenses": 436293000,
    "costAndExpenses": 2143803000,
    "interestIncome": 0,
    "interestExpense": 7528000,
    "depreciationAndAmortization": 122654000,
    "ebitda": 387055000,
    "ebitdaratio": 0.1604571259,
    "operatingIncome": 268399000,
    "operatingIncomeRatio": 0.1112672156,
    "totalOtherIncomeExpensesNet": -11526000,
    "incomeBeforeTax": 256873000,
    "incomeBeforeTaxRatio": 0.1064890088,
    "incomeTaxExpense": 47632000,
    "netIncome": 208766000,
    "netIncomeRatio": 0.08654582,
    "eps": 2.8,
    "epsdiluted": 2.78,
    "weightedAverageShsOut": 74453000,
    "weightedAverageShsOutDil": 74929000,
    "link": "https://www.sec.gov/Archives/edgar/data/851968/000085196818000079/0000851968-18-000079-index.htm",
    "finalLink": "https://www.sec.gov/Archives/edgar/data/851968/000085196818000079/a1q201810qdocument.htm"
  },
  {
    "date": "2017-12-31",
    "symbol": "MHK",
    "reportedCurrency": "USD",
    "cik": "0000851968",
    "fillingDate": "2018-02-28",
    "acceptedDate": "2018-02-28 16:19:31",
    "calendarYear": "2017",
    "period": "Q4",
    "revenue": 2369097000,
    "costOfRevenue": 1615473000,
    "grossProfit": 753624000,
    "grossProfitRatio": 0.3181060125,
    "researchAndDevelopmentExpenses": 0,
    "generalAndAdministrativeExpenses": 0,
    "sellingAndMarketingExpenses": 0,
    "sellingGeneralAndAdministrativeExpenses": 410158000,
    "otherExpenses": 0,
    "operatingExpenses": 410158000,
    "costAndExpenses": 2025631000,
    "interestIncome": 0,
    "interestExpense": 7257000,
    "depreciationAndAmortization": 118372000,
    "ebitda": 458088000,
    "ebitdaratio": 0.1933597485,
    "operatingIncome": 343466000,
    "operatingIncomeRatio": 0.1449776012,
    "totalOtherIncomeExpensesNet": -11007000,
    "incomeBeforeTax": 332459000,
    "incomeBeforeTaxRatio": 0.1403315272,
    "incomeTaxExpense": 91593000,
    "netIncome": 240378000,
    "netIncomeRatio": 0.1014639755,
    "eps": 3.23,
    "epsdiluted": 3.21,
    "weightedAverageShsOut": 74414000,
    "weightedAverageShsOutDil": 74915000,
    "link": "https://www.sec.gov/Archives/edgar/data/851968/000085196818000038/0000851968-18-000038-index.htm",
    "finalLink": "https://www.sec.gov/Archives/edgar/data/851968/000085196818000038/a201710kdocument.htm"
  },
  {
    "date": "2017-09-30",
    "symbol": "MHK",
    "reportedCurrency": "USD",
    "cik": "0000851968",
    "fillingDate": "2017-11-03",
    "acceptedDate": "2017-11-03 16:16:27",
    "calendarYear": "2017",
    "period": "Q3",
    "revenue": 2448510000,
    "costOfRevenue": 1665209000,
    "grossProfit": 783301000,
    "grossProfitRatio": 0.3199092509,
    "researchAndDevelopmentExpenses": 0,
    "generalAndAdministrativeExpenses": 0,
    "sellingAndMarketingExpenses": 0,
    "sellingGeneralAndAdministrativeExpenses": 403203000,
    "otherExpenses": 0,
    "operatingExpenses": 403203000,
    "costAndExpenses": 2068412000,
    "interestIncome": 0,
    "interestExpense": 7259000,
    "depreciationAndAmortization": 113515000,
    "ebitda": 492328000,
    "ebitdaratio": 0.201072489,
    "operatingIncome": 380098000,
    "operatingIncomeRatio": 0.1552364499,
    "totalOtherIncomeExpensesNet": -8544000,
    "incomeBeforeTax": 371554000,
    "incomeBeforeTaxRatio": 0.1517469808,
    "incomeTaxExpense": 100532000,
    "netIncome": 270025000,
    "netIncomeRatio": 0.1102813548,
    "eps": 3.63,
    "epsdiluted": 3.61,
    "weightedAverageShsOut": 74338000,
    "weightedAverageShsOutDil": 74841000,
    "link": "https://www.sec.gov/Archives/edgar/data/851968/000085196817000092/0000851968-17-000092-index.htm",
    "finalLink": "https://www.sec.gov/Archives/edgar/data/851968/000085196817000092/a3q201710qdocument.htm"
  },
  {
    "date": "2017-07-01",
    "symbol": "MHK",
    "reportedCurrency": "USD",
    "cik": "0000851968",
    "fillingDate": "2017-08-04",
    "acceptedDate": "2017-08-04 16:18:01",
    "calendarYear": "2017",
    "period": "Q2",
    "revenue": 2453038000,
    "costOfRevenue": 1673902000,
    "grossProfit": 779136000,
    "grossProfitRatio": 0.317620844,
    "researchAndDevelopmentExpenses": 0,
    "generalAndAdministrativeExpenses": 0,
    "sellingAndMarketingExpenses": 0,
    "sellingGeneralAndAdministrativeExpenses": 423311000,
    "otherExpenses": 0,
    "operatingExpenses": 423311000,
    "costAndExpenses": 2097213000,
    "interestIncome": 0,
    "interestExpense": 8393000,
    "depreciationAndAmortization": 109761000,
    "ebitda": 462584000,
    "ebitdaratio": 0.1885759617,
    "operatingIncome": 355825000,
    "operatingIncomeRatio": 0.1450548259,
    "totalOtherIncomeExpensesNet": -11395000,
    "incomeBeforeTax": 344430000,
    "incomeBeforeTaxRatio": 0.1404095656,
    "incomeTaxExpense": 82682000,
    "netIncome": 260681000,
    "netIncomeRatio": 0.1062686351,
    "eps": 3.51,
    "epsdiluted": 3.48,
    "weightedAverageShsOut": 74327000,
    "weightedAverageShsOutDil": 74801000,
    "link": "https://www.sec.gov/Archives/edgar/data/851968/000085196817000075/0000851968-17-000075-index.htm",
    "finalLink": "https://www.sec.gov/Archives/edgar/data/851968/000085196817000075/a2q201710qdocument.htm"
  },
  {
    "date": "2017-04-01",
    "symbol": "MHK",
    "reportedCurrency": "USD",
    "cik": "0000851968",
    "fillingDate": "2017-05-05",
    "acceptedDate": "2017-05-05 16:28:59",
    "calendarYear": "2017",
    "period": "Q1",
    "revenue": 2220645000,
    "costOfRevenue": 1540292000,
    "grossProfit": 680353000,
    "grossProfitRatio": 0.3063763006,
    "researchAndDevelopmentExpenses": 0,
    "generalAndAdministrativeExpenses": 0,
    "sellingAndMarketingExpenses": 0,
    "sellingGeneralAndAdministrativeExpenses": 405569000,
    "otherExpenses": 0,
    "operatingExpenses": 405569000,
    "costAndExpenses": 1945861000,
    "interestIncome": 0,
    "interestExpense": 8202000,
    "depreciationAndAmortization": 105024000,
    "ebitda": 382640000,
    "ebitdaratio": 0.1723102972,
    "operatingIncome": 274784000,
    "operatingIncomeRatio": 0.1237406249,
    "totalOtherIncomeExpensesNet": -5370000,
    "incomeBeforeTax": 269414000,
    "incomeBeforeTaxRatio": 0.1213224086,
    "incomeTaxExpense": 68358000,
    "netIncome": 200554000,
    "netIncomeRatio": 0.0903133999,
    "eps": 2.7,
    "epsdiluted": 2.68,
    "weightedAverageShsOut": 74212000,
    "weightedAverageShsOutDil": 74754000,
    "link": "https://www.sec.gov/Archives/edgar/data/851968/000085196817000057/0000851968-17-000057-index.htm",
    "finalLink": "https://www.sec.gov/Archives/edgar/data/851968/000085196817000057/a1q201710qdocument.htm"
  },
  {
    "date": "2016-12-31",
    "symbol": "MHK",
    "reportedCurrency": "USD",
    "cik": "0000851968",
    "fillingDate": "2017-02-27",
    "acceptedDate": "2017-02-27 16:20:57",
    "calendarYear": "2016",
    "period": "Q4",
    "revenue": 2182566000,
    "costOfRevenue": 1491567000,
    "grossProfit": 690999000,
    "grossProfitRatio": 0.3165993606,
    "researchAndDevelopmentExpenses": 0,
    "generalAndAdministrativeExpenses": 0,
    "sellingAndMarketingExpenses": 0,
    "sellingGeneralAndAdministrativeExpenses": 385727000,
    "otherExpenses": 0,
    "operatingExpenses": 385727000,
    "costAndExpenses": 1877294000,
    "interestIncome": 0,
    "interestExpense": 8485000,
    "depreciationAndAmortization": 104379000,
    "ebitda": 412841000,
    "ebitdaratio": 0.1891539591,
    "operatingIncome": 305272000,
    "operatingIncomeRatio": 0.1398683934,
    "totalOtherIncomeExpensesNet": -5295000,
    "incomeBeforeTax": 299977000,
    "incomeBeforeTaxRatio": 0.13744235,
    "incomeTaxExpense": 65469000,
    "netIncome": 233748000,
    "netIncomeRatio": 0.1070977922,
    "eps": 3.15,
    "epsdiluted": 3.13,
    "weightedAverageShsOut": 74164000,
    "weightedAverageShsOutDil": 74638000,
    "link": "https://www.sec.gov/Archives/edgar/data/851968/000085196817000020/0000851968-17-000020-index.htm",
    "finalLink": "https://www.sec.gov/Archives/edgar/data/851968/000085196817000020/a201610kdocument.htm"
  },
  {
    "date": "2016-10-01",
    "symbol": "MHK",
    "reportedCurrency": "USD",
    "cik": "0000851968",
    "fillingDate": "2016-11-10",
    "acceptedDate": "2016-11-10 16:16:33",
    "calendarYear": "2016",
    "period": "Q3",
    "revenue": 2294139000,
    "costOfRevenue": 1567580000,
    "grossProfit": 726559000,
    "grossProfitRatio": 0.3167022574,
    "researchAndDevelopmentExpenses": 0,
    "generalAndAdministrativeExpenses": 0,
    "sellingAndMarketingExpenses": 0,
    "sellingGeneralAndAdministrativeExpenses": 348252000,
    "otherExpenses": 0,
    "operatingExpenses": 348252000,
    "costAndExpenses": 1915832000,
    "interestIncome": 0,
    "interestExpense": 9410000,
    "depreciationAndAmortization": 103680000,
    "ebitda": 478148000,
    "ebitdaratio": 0.2084215473,
    "operatingIncome": 378307000,
    "operatingIncomeRatio": 0.1649015164,
    "totalOtherIncomeExpensesNet": -13249000,
    "incomeBeforeTax": 365058000,
    "incomeBeforeTaxRatio": 0.1591263651,
    "incomeTaxExpense": 94231000,
    "netIncome": 269878000,
    "netIncomeRatio": 0.1176380333,
    "eps": 3.64,
    "epsdiluted": 3.62,
    "weightedAverageShsOut": 74154000,
    "weightedAverageShsOutDil": 74613000,
    "link": "https://www.sec.gov/Archives/edgar/data/851968/000085196816000200/0000851968-16-000200-index.htm",
    "finalLink": "https://www.sec.gov/Archives/edgar/data/851968/000085196816000200/a3q201610qdocument.htm"
  },
  {
    "date": "2016-07-02",
    "symbol": "MHK",
    "reportedCurrency": "USD",
    "cik": "0000851968",
    "fillingDate": "2016-08-05",
    "acceptedDate": "2016-08-05 16:16:50",
    "calendarYear": "2016",
    "period": "Q2",
    "revenue": 2310336000,
    "costOfRevenue": 1554748000,
    "grossProfit": 755588000,
    "grossProfitRatio": 0.3270468019,
    "researchAndDevelopmentExpenses": 0,
    "generalAndAdministrativeExpenses": 0,
    "sellingAndMarketingExpenses": 0,
    "sellingGeneralAndAdministrativeExpenses": 404896000,
    "otherExpenses": 0,
    "operatingExpenses": 404896000,
    "costAndExpenses": 1959644000,
    "interestIncome": 0,
    "interestExpense": 10351000,
    "depreciationAndAmortization": 101214000,
    "ebitda": 457713000,
    "ebitdaratio": 0.1981153391,
    "operatingIncome": 350692000,
    "operatingIncomeRatio": 0.1517926397,
    "totalOtherIncomeExpensesNet": -4544000,
    "incomeBeforeTax": 346148000,
    "incomeBeforeTaxRatio": 0.1498258262,
    "incomeTaxExpense": 90034000,
    "netIncome": 255188000,
    "netIncomeRatio": 0.1104549295,
    "eps": 3.44,
    "epsdiluted": 3.42,
    "weightedAverageShsOut": 74123000,
    "weightedAverageShsOutDil": 74574000,
    "link": "https://www.sec.gov/Archives/edgar/data/851968/000085196816000185/0000851968-16-000185-index.htm",
    "finalLink": "https://www.sec.gov/Archives/edgar/data/851968/000085196816000185/a2q201610qdocument.htm"
  },
  {
    "date": "2016-04-02",
    "symbol": "MHK",
    "reportedCurrency": "USD",
    "cik": "0000851968",
    "fillingDate": "2016-05-06",
    "acceptedDate": "2016-05-06 16:16:51",
    "calendarYear": "2016",
    "period": "Q1",
    "revenue": 2172046000,
    "costOfRevenue": 1532367000,
    "grossProfit": 639679000,
    "grossProfitRatio": 0.2945052729,
    "researchAndDevelopmentExpenses": 0,
    "generalAndAdministrativeExpenses": 0,
    "sellingAndMarketingExpenses": 0,
    "sellingGeneralAndAdministrativeExpenses": 394007000,
    "otherExpenses": 0,
    "operatingExpenses": 394007000,
    "costAndExpenses": 1926374000,
    "interestIncome": 0,
    "interestExpense": 12301000,
    "depreciationAndAmortization": 100194000,
    "ebitda": 342437000,
    "ebitdaratio": 0.1576564216,
    "operatingIncome": 245672000,
    "operatingIncomeRatio": 0.1131062602,
    "totalOtherIncomeExpensesNet": -15730000,
    "incomeBeforeTax": 229942000,
    "incomeBeforeTaxRatio": 0.1058642404,
    "incomeTaxExpense": 57825000,
    "netIncome": 171548000,
    "netIncomeRatio": 0.0789799111,
    "eps": 2.32,
    "epsdiluted": 2.3,
    "weightedAverageShsOut": 73976000,
    "weightedAverageShsOutDil": 74490000,
    "link": "https://www.sec.gov/Archives/edgar/data/851968/000085196816000161/0000851968-16-000161-index.htm",
    "finalLink": "https://www.sec.gov/Archives/edgar/data/851968/000085196816000161/a1q201610qdocument.htm"
  },
  {
    "date": "2015-12-31",
    "symbol": "MHK",
    "reportedCurrency": "USD",
    "cik": "0000851968",
    "fillingDate": "2016-02-29",
    "acceptedDate": "2016-02-29 16:41:24",
    "calendarYear": "2015",
    "period": "Q4",
    "revenue": 1997997000,
    "costOfRevenue": 1375787000,
    "grossProfit": 622210000,
    "grossProfitRatio": 0.311416884,
    "researchAndDevelopmentExpenses": 0,
    "generalAndAdministrativeExpenses": 0,
    "sellingAndMarketingExpenses": 0,
    "sellingGeneralAndAdministrativeExpenses": 372968000,
    "otherExpenses": 0,
    "operatingExpenses": 372968000,
    "costAndExpenses": 1748755000,
    "interestIncome": 0,
    "interestExpense": 18480000,
    "depreciationAndAmortization": 94025000,
    "ebitda": 331742000,
    "ebitdaratio": 0.1660372863,
    "operatingIncome": 249242000,
    "operatingIncomeRatio": 0.1247459331,
    "totalOtherIncomeExpensesNet": -30005000,
    "incomeBeforeTax": 219237000,
    "incomeBeforeTaxRatio": 0.109728393,
    "incomeTaxExpense": 27232000,
    "netIncome": 191559000,
    "netIncomeRatio": 0.0958755193,
    "eps": 2.59,
    "epsdiluted": 2.57,
    "weightedAverageShsOut": 73924000,
    "weightedAverageShsOutDil": 74475000,
    "link": "https://www.sec.gov/Archives/edgar/data/851968/000085196816000120/0000851968-16-000120-index.htm",
    "finalLink": "https://www.sec.gov/Archives/edgar/data/851968/000085196816000120/a201510kdocument.htm"
  },
  {
    "date": "2015-10-03",
    "symbol": "MHK",
    "reportedCurrency": "USD",
    "cik": "0000851968",
    "fillingDate": "2015-11-09",
    "acceptedDate": "2015-11-09 16:22:54",
    "calendarYear": "2015",
    "period": "Q3",
    "revenue": 2150656000,
    "costOfRevenue": 1489252000,
    "grossProfit": 661404000,
    "grossProfitRatio": 0.3075359332,
    "researchAndDevelopmentExpenses": 0,
    "generalAndAdministrativeExpenses": 0,
    "sellingAndMarketingExpenses": 0,
    "sellingGeneralAndAdministrativeExpenses": 372670000,
    "otherExpenses": 0,
    "operatingExpenses": 372670000,
    "costAndExpenses": 1861922000,
    "interestIncome": 0,
    "interestExpense": 19319000,
    "depreciationAndAmortization": 94955000,
    "ebitda": 379440000,
    "ebitdaratio": 0.1764298893,
    "operatingIncome": 288734000,
    "operatingIncomeRatio": 0.1342539207,
    "totalOtherIncomeExpensesNet": -23568000,
    "incomeBeforeTax": 265166000,
    "incomeBeforeTaxRatio": 0.1232954038,
    "incomeTaxExpense": 49463000,
    "netIncome": 214905000,
    "netIncomeRatio": 0.0999253251,
    "eps": 2.91,
    "epsdiluted": 2.89,
    "weightedAverageShsOut": 73915000,
    "weightedAverageShsOutDil": 74438000,
    "link": "https://www.sec.gov/Archives/edgar/data/851968/000085196815000098/0000851968-15-000098-index.htm",
    "finalLink": "https://www.sec.gov/Archives/edgar/data/851968/000085196815000098/a3q201510qdocument.htm"
  },
  {
    "date": "2015-07-04",
    "symbol": "MHK",
    "reportedCurrency": "USD",
    "cik": "0000851968",
    "fillingDate": "2015-08-07",
    "acceptedDate": "2015-08-07 16:04:40",
    "calendarYear": "2015",
    "period": "Q2",
    "revenue": 2041733000,
    "costOfRevenue": 1426604000,
    "grossProfit": 615129000,
    "grossProfitRatio": 0.301277885,
    "researchAndDevelopmentExpenses": 0,
    "generalAndAdministrativeExpenses": 0,
    "sellingAndMarketingExpenses": 0,
    "sellingGeneralAndAdministrativeExpenses": 359313000,
    "otherExpenses": 0,
    "operatingExpenses": 359313000,
    "costAndExpenses": 1785917000,
    "interestIncome": 0,
    "interestExpense": 16838000,
    "depreciationAndAmortization": 88011000,
    "ebitda": 340899000,
    "ebitdaratio": 0.1669655141,
    "operatingIncome": 255816000,
    "operatingIncomeRatio": 0.1252935619,
    "totalOtherIncomeExpensesNet": -19766000,
    "incomeBeforeTax": 236050000,
    "incomeBeforeTaxRatio": 0.1156125703,
    "incomeTaxExpense": 49276000,
    "netIncome": 186492000,
    "netIncomeRatio": 0.0913400528,
    "eps": 2.54,
    "epsdiluted": 2.53,
    "weightedAverageShsOut": 73264000,
    "weightedAverageShsOutDil": 73756000,
    "link": "https://www.sec.gov/Archives/edgar/data/851968/000085196815000080/0000851968-15-000080-index.htm",
    "finalLink": "https://www.sec.gov/Archives/edgar/data/851968/000085196815000080/a2q201510qdocument.htm"
  },
  {
    "date": "2015-04-04",
    "symbol": "MHK",
    "reportedCurrency": "USD",
    "cik": "0000851968",
    "fillingDate": "2015-05-08",
    "acceptedDate": "2015-05-08 16:32:36",
    "calendarYear": "2015",
    "period": "Q1",
    "revenue": 1881177000,
    "costOfRevenue": 1369234000,
    "grossProfit": 511943000,
    "grossProfitRatio": 0.2721397295,
    "researchAndDevelopmentExpenses": 0,
    "generalAndAdministrativeExpenses": 0,
    "sellingAndMarketingExpenses": 0,
    "sellingGeneralAndAdministrativeExpenses": 468169000,
    "otherExpenses": 0,
    "operatingExpenses": 468169000,
    "costAndExpenses": 1837403000,
    "interestIncome": 0,
    "interestExpense": 16449000,
    "depreciationAndAmortization": 85656000,
    "ebitda": 130513000,
    "ebitdaratio": 0.0693783732,
    "operatingIncome": 43774000,
    "operatingIncomeRatio": 0.0232694744,
    "totalOtherIncomeExpensesNet": -15366000,
    "incomeBeforeTax": 28408000,
    "incomeBeforeTaxRatio": 0.015101184,
    "incomeTaxExpense": 5904000,
    "netIncome": 22346000,
    "netIncomeRatio": 0.0118787334,
    "eps": 0.31,
    "epsdiluted": 0.3,
    "weightedAverageShsOut": 72988000,
    "weightedAverageShsOutDil": 73530000,
    "link": "https://www.sec.gov/Archives/edgar/data/851968/000085196815000046/0000851968-15-000046-index.htm",
    "finalLink": "https://www.sec.gov/Archives/edgar/data/851968/000085196815000046/a1q201510qdocument.htm"
  },
  {
    "date": "2014-12-31",
    "symbol": "MHK",
    "reportedCurrency": "USD",
    "cik": "0000851968",
    "fillingDate": "2015-02-27",
    "acceptedDate": "2015-02-27 15:12:28",
    "calendarYear": "2014",
    "period": "Q4",
    "revenue": 1951446000,
    "costOfRevenue": 1409843000,
    "grossProfit": 541603000,
    "grossProfitRatio": 0.2775393221,
    "researchAndDevelopmentExpenses": 0,
    "generalAndAdministrativeExpenses": 0,
    "sellingAndMarketingExpenses": 0,
    "sellingGeneralAndAdministrativeExpenses": 335483000,
    "otherExpenses": 0,
    "operatingExpenses": 335483000,
    "costAndExpenses": 1745326000,
    "interestIncome": 0,
    "interestExpense": 20623000,
    "depreciationAndAmortization": 95665000,
    "ebitda": 292048000,
    "ebitdaratio": 0.1496572285,
    "operatingIncome": 206120000,
    "operatingIncomeRatio": 0.1056242397,
    "totalOtherIncomeExpensesNet": -30360000,
    "incomeBeforeTax": 175760000,
    "incomeBeforeTaxRatio": 0.0900665455,
    "incomeTaxExpense": 28680000,
    "netIncome": 146868000,
    "netIncomeRatio": 0.0752611141,
    "eps": 2.01,
    "epsdiluted": 2,
    "weightedAverageShsOut": 72905000,
    "weightedAverageShsOutDil": 73452000,
    "link": "https://www.sec.gov/Archives/edgar/data/851968/000085196815000022/0000851968-15-000022-index.htm",
    "finalLink": "https://www.sec.gov/Archives/edgar/data/851968/000085196815000022/a4q201410kdocument.htm"
  },
  {
    "date": "2014-09-27",
    "symbol": "MHK",
    "reportedCurrency": "USD",
    "cik": "0000851968",
    "fillingDate": "2014-11-03",
    "acceptedDate": "2014-11-03 16:15:26",
    "calendarYear": "2014",
    "period": "Q3",
    "revenue": 1990658000,
    "costOfRevenue": 1434236000,
    "grossProfit": 556422000,
    "grossProfitRatio": 0.2795166221,
    "researchAndDevelopmentExpenses": 0,
    "generalAndAdministrativeExpenses": 0,
    "sellingAndMarketingExpenses": 0,
    "sellingGeneralAndAdministrativeExpenses": 342729000,
    "otherExpenses": 0,
    "operatingExpenses": 342729000,
    "costAndExpenses": 1776965000,
    "interestIncome": 0,
    "interestExpense": 34786000,
    "depreciationAndAmortization": 85167000,
    "ebitda": 301234000,
    "ebitdaratio": 0.1513238336,
    "operatingIncome": 213693000,
    "operatingIncomeRatio": 0.1073479221,
    "totalOtherIncomeExpensesNet": -32412000,
    "incomeBeforeTax": 181281000,
    "incomeBeforeTaxRatio": 0.0910658687,
    "incomeTaxExpense": 30021000,
    "netIncome": 151266000,
    "netIncomeRatio": 0.0759879397,
    "eps": 2.08,
    "epsdiluted": 2.06,
    "weightedAverageShsOut": 72864000,
    "weightedAverageShsOutDil": 73376000,
    "link": "https://www.sec.gov/Archives/edgar/data/851968/000085196814000083/0000851968-14-000083-index.htm",
    "finalLink": "https://www.sec.gov/Archives/edgar/data/851968/000085196814000083/a3q201410qdocument.htm"
  },
  {
    "date": "2014-06-28",
    "symbol": "MHK",
    "reportedCurrency": "USD",
    "cik": "0000851968",
    "fillingDate": "2014-08-04",
    "acceptedDate": "2014-08-04 16:12:49",
    "calendarYear": "2014",
    "period": "Q2",
    "revenue": 2048247000,
    "costOfRevenue": 1473435000,
    "grossProfit": 574812000,
    "grossProfitRatio": 0.2806360756,
    "researchAndDevelopmentExpenses": 0,
    "generalAndAdministrativeExpenses": 0,
    "sellingAndMarketingExpenses": 0,
    "sellingGeneralAndAdministrativeExpenses": 352564000,
    "otherExpenses": 0,
    "operatingExpenses": 352564000,
    "costAndExpenses": 1825999000,
    "interestIncome": 0,
    "interestExpense": 20702000,
    "depreciationAndAmortization": 83754000,
    "ebitda": 307557000,
    "ebitdaratio": 0.1501562067,
    "operatingIncome": 222248000,
    "operatingIncomeRatio": 0.1085064448,
    "totalOtherIncomeExpensesNet": -19147000,
    "incomeBeforeTax": 203101000,
    "incomeBeforeTaxRatio": 0.0991584511,
    "incomeTaxExpense": 50240000,
    "netIncome": 152750000,
    "netIncomeRatio": 0.0745759667,
    "eps": 2.1,
    "epsdiluted": 2.08,
    "weightedAverageShsOut": 72832000,
    "weightedAverageShsOutDil": 73297000,
    "link": "https://www.sec.gov/Archives/edgar/data/851968/000085196814000066/0000851968-14-000066-index.htm",
    "finalLink": "https://www.sec.gov/Archives/edgar/data/851968/000085196814000066/a2q201410qdocument.htm"
  },
  {
    "date": "2014-03-29",
    "symbol": "MHK",
    "reportedCurrency": "USD",
    "cik": "0000851968",
    "fillingDate": "2014-05-05",
    "acceptedDate": "2014-05-05 16:13:01",
    "calendarYear": "2014",
    "period": "Q1",
    "revenue": 1813095000,
    "costOfRevenue": 1331740000,
    "grossProfit": 481355000,
    "grossProfitRatio": 0.2654880191,
    "researchAndDevelopmentExpenses": 0,
    "generalAndAdministrativeExpenses": 0,
    "sellingAndMarketingExpenses": 0,
    "sellingGeneralAndAdministrativeExpenses": 350620000,
    "otherExpenses": 0,
    "operatingExpenses": 350620000,
    "costAndExpenses": 1682360000,
    "interestIncome": 0,
    "interestExpense": 22096000,
    "depreciationAndAmortization": 80984000,
    "ebitda": 206829000,
    "ebitdaratio": 0.1140751036,
    "operatingIncome": 130735000,
    "operatingIncomeRatio": 0.0721059845,
    "totalOtherIncomeExpensesNet": -26986000,
    "incomeBeforeTax": 103749000,
    "incomeBeforeTaxRatio": 0.057222043,
    "incomeTaxExpense": 22696000,
    "netIncome": 81081000,
    "netIncomeRatio": 0.0447196644,
    "eps": 1.11,
    "epsdiluted": 1.11,
    "weightedAverageShsOut": 72742000,
    "weightedAverageShsOutDil": 73282000,
    "link": "https://www.sec.gov/Archives/edgar/data/851968/000085196814000044/0000851968-14-000044-index.htm",
    "finalLink": "https://www.sec.gov/Archives/edgar/data/851968/000085196814000044/a1q201410qdocument.htm"
  },
  {
    "date": "2013-12-31",
    "symbol": "MHK",
    "reportedCurrency": "USD",
    "cik": "0000851968",
    "fillingDate": "2014-02-28",
    "acceptedDate": "2014-02-28 16:17:54",
    "calendarYear": "2013",
    "period": "Q4",
    "revenue": 1924104000,
    "costOfRevenue": 1411307000,
    "grossProfit": 512797000,
    "grossProfitRatio": 0.2665121012,
    "researchAndDevelopmentExpenses": 0,
    "generalAndAdministrativeExpenses": 0,
    "sellingAndMarketingExpenses": 0,
    "sellingGeneralAndAdministrativeExpenses": 361809000,
    "otherExpenses": 0,
    "operatingExpenses": 361809000,
    "costAndExpenses": 1773116000,
    "interestIncome": 0,
    "interestExpense": 22148000,
    "depreciationAndAmortization": 86329000,
    "ebitda": 234661000,
    "ebitdaratio": 0.1219585844,
    "operatingIncome": 150988000,
    "operatingIncomeRatio": 0.0784718498,
    "totalOtherIncomeExpensesNet": -24804000,
    "incomeBeforeTax": 126184000,
    "incomeBeforeTaxRatio": 0.0655806547,
    "incomeTaxExpense": 15420000,
    "netIncome": 94651000,
    "netIncomeRatio": 0.0491922474,
    "eps": 1.3,
    "epsdiluted": 1.29,
    "weightedAverageShsOut": 72654000,
    "weightedAverageShsOutDil": 73214000,
    "link": "https://www.sec.gov/Archives/edgar/data/851968/000085196814000021/0000851968-14-000021-index.htm",
    "finalLink": "https://www.sec.gov/Archives/edgar/data/851968/000085196814000021/a4q201310kdocument.htm"
  },
  {
    "date": "2013-09-28",
    "symbol": "MHK",
    "reportedCurrency": "USD",
    "cik": "0000851968",
    "fillingDate": "2013-11-04",
    "acceptedDate": "2013-11-04 16:31:02",
    "calendarYear": "2013",
    "period": "Q3",
    "revenue": 1961536000,
    "costOfRevenue": 1444646000,
    "grossProfit": 516890000,
    "grossProfitRatio": 0.2635128797,
    "researchAndDevelopmentExpenses": 0,
    "generalAndAdministrativeExpenses": 0,
    "sellingAndMarketingExpenses": 0,
    "sellingGeneralAndAdministrativeExpenses": 340987000,
    "otherExpenses": 0,
    "operatingExpenses": 340987000,
    "costAndExpenses": 1785633000,
    "interestIncome": 0,
    "interestExpense": 25630000,
    "depreciationAndAmortization": 81550000,
    "ebitda": 256285000,
    "ebitdaratio": 0.130655262,
    "operatingIncome": 175903000,
    "operatingIncomeRatio": 0.0896761518,
    "totalOtherIncomeExpensesNet": -26798000,
    "incomeBeforeTax": 149105000,
    "incomeBeforeTaxRatio": 0.0760144091,
    "incomeTaxExpense": 28993000,
    "netIncome": 119068000,
    "netIncomeRatio": 0.0607014095,
    "eps": 1.64,
    "epsdiluted": 1.63,
    "weightedAverageShsOut": 72575000,
    "weightedAverageShsOutDil": 73087000,
    "link": "https://www.sec.gov/Archives/edgar/data/851968/000085196813000079/0000851968-13-000079-index.htm",
    "finalLink": "https://www.sec.gov/Archives/edgar/data/851968/000085196813000079/a3q201310qdocument.htm"
  },
  {
    "date": "2013-06-29",
    "symbol": "MHK",
    "reportedCurrency": "USD",
    "cik": "0000851968",
    "fillingDate": "2013-08-07",
    "acceptedDate": "2013-08-07 08:53:26",
    "calendarYear": "2013",
    "period": "Q2",
    "revenue": 1976299000,
    "costOfRevenue": 1462243000,
    "grossProfit": 514056000,
    "grossProfitRatio": 0.2601104388,
    "researchAndDevelopmentExpenses": 0,
    "generalAndAdministrativeExpenses": 0,
    "sellingAndMarketingExpenses": 0,
    "sellingGeneralAndAdministrativeExpenses": 380858000,
    "otherExpenses": 0,
    "operatingExpenses": 380858000,
    "costAndExpenses": 1843101000,
    "interestIncome": 0,
    "interestExpense": 25312000,
    "depreciationAndAmortization": 80643000,
    "ebitda": 214938000,
    "ebitdaratio": 0.1087578347,
    "operatingIncome": 133198000,
    "operatingIncomeRatio": 0.0673976964,
    "totalOtherIncomeExpensesNet": -24215000,
    "incomeBeforeTax": 108983000,
    "incomeBeforeTaxRatio": 0.0551449958,
    "incomeTaxExpense": 23240000,
    "netIncome": 84572000,
    "netIncomeRatio": 0.0427931199,
    "eps": 1.17,
    "epsdiluted": 1.16,
    "weightedAverageShsOut": 72406000,
    "weightedAverageShsOutDil": 72867000,
    "link": "https://www.sec.gov/Archives/edgar/data/851968/000085196813000072/0000851968-13-000072-index.htm",
    "finalLink": "https://www.sec.gov/Archives/edgar/data/851968/000085196813000072/a2q201310qdocument.htm"
  },
  {
    "date": "2013-03-30",
    "symbol": "MHK",
    "reportedCurrency": "USD",
    "cik": "0000851968",
    "fillingDate": "2013-05-06",
    "acceptedDate": "2013-05-06 16:30:56",
    "calendarYear": "2013",
    "period": "Q1",
    "revenue": 1486815000,
    "costOfRevenue": 1109749000,
    "grossProfit": 377066000,
    "grossProfitRatio": 0.2536065348,
    "researchAndDevelopmentExpenses": 0,
    "generalAndAdministrativeExpenses": 0,
    "sellingAndMarketingExpenses": 0,
    "sellingGeneralAndAdministrativeExpenses": 290224000,
    "otherExpenses": 0,
    "operatingExpenses": 290224000,
    "costAndExpenses": 1399973000,
    "interestIncome": 0,
    "interestExpense": 19156000,
    "depreciationAndAmortization": 60349000,
    "ebitda": 140804000,
    "ebitdaratio": 0.0947017618,
    "operatingIncome": 86842000,
    "operatingIncomeRatio": 0.0584080736,
    "totalOtherIncomeExpensesNet": -25543000,
    "incomeBeforeTax": 61299000,
    "incomeBeforeTaxRatio": 0.0412283976,
    "incomeTaxExpense": 10732000,
    "netIncome": 50495000,
    "netIncomeRatio": 0.0339618581,
    "eps": 0.73,
    "epsdiluted": 0.72,
    "weightedAverageShsOut": 69375000,
    "weightedAverageShsOutDil": 69897000,
    "link": "https://www.sec.gov/Archives/edgar/data/851968/000085196813000050/0000851968-13-000050-index.htm",
    "finalLink": "https://www.sec.gov/Archives/edgar/data/851968/000085196813000050/a1q201310qdocument.htm"
  },
  {
    "date": "2012-12-31",
    "symbol": "MHK",
    "reportedCurrency": "USD",
    "cik": "0000851968",
    "fillingDate": "2013-02-27",
    "acceptedDate": "2013-02-27 16:47:24",
    "calendarYear": "2012",
    "period": "Q4",
    "revenue": 1435659000,
    "costOfRevenue": 1066328000,
    "grossProfit": 369331000,
    "grossProfitRatio": 0.2572553789,
    "researchAndDevelopmentExpenses": 0,
    "generalAndAdministrativeExpenses": 0,
    "sellingAndMarketingExpenses": 0,
    "sellingGeneralAndAdministrativeExpenses": 273471000,
    "otherExpenses": 0,
    "operatingExpenses": 273471000,
    "costAndExpenses": 1339799000,
    "interestIncome": 0,
    "interestExpense": 15402000,
    "depreciationAndAmortization": 63878000,
    "ebitda": 158372000,
    "ebitdaratio": 0.1103131036,
    "operatingIncome": 95860000,
    "operatingIncomeRatio": 0.0667707304,
    "totalOtherIncomeExpensesNet": -16768000,
    "incomeBeforeTax": 79092000,
    "incomeBeforeTaxRatio": 0.0550910766,
    "incomeTaxExpense": 12703000,
    "netIncome": 66389000,
    "netIncomeRatio": 0.0462428752,
    "eps": 0.96,
    "epsdiluted": 0.95,
    "weightedAverageShsOut": 69095000,
    "weightedAverageShsOutDil": 69536000,
    "link": "https://www.sec.gov/Archives/edgar/data/851968/000085196813000027/0000851968-13-000027-index.htm",
    "finalLink": "https://www.sec.gov/Archives/edgar/data/851968/000085196813000027/a201210k.htm"
  },
  {
    "date": "2012-09-29",
    "symbol": "MHK",
    "reportedCurrency": "USD",
    "cik": "0000851968",
    "fillingDate": "2012-11-02",
    "acceptedDate": "2012-11-02 16:07:23",
    "calendarYear": "2012",
    "period": "Q3",
    "revenue": 1473493000,
    "costOfRevenue": 1100656000,
    "grossProfit": 372837000,
    "grossProfitRatio": 0.2530293663,
    "researchAndDevelopmentExpenses": 0,
    "generalAndAdministrativeExpenses": 0,
    "sellingAndMarketingExpenses": 0,
    "sellingGeneralAndAdministrativeExpenses": 268883000,
    "otherExpenses": 0,
    "operatingExpenses": 268883000,
    "costAndExpenses": 1369539000,
    "interestIncome": 0,
    "interestExpense": 17969000,
    "depreciationAndAmortization": 71298000,
    "ebitda": 174930000,
    "ebitdaratio": 0.1187179036,
    "operatingIncome": 103954000,
    "operatingIncomeRatio": 0.0705493681,
    "totalOtherIncomeExpensesNet": -18291000,
    "incomeBeforeTax": 85663000,
    "incomeBeforeTaxRatio": 0.0581360074,
    "incomeTaxExpense": 15359000,
    "netIncome": 70304000,
    "netIncomeRatio": 0.0477124764,
    "eps": 1.02,
    "epsdiluted": 1.01,
    "weightedAverageShsOut": 69010000,
    "weightedAverageShsOutDil": 69337000,
    "link": "https://www.sec.gov/Archives/edgar/data/851968/000085196812000083/0000851968-12-000083-index.htm",
    "finalLink": "https://www.sec.gov/Archives/edgar/data/851968/000085196812000083/a3q201210qdocument.htm"
  },
  {
    "date": "2012-06-30",
    "symbol": "MHK",
    "reportedCurrency": "USD",
    "cik": "0000851968",
    "fillingDate": "2012-08-03",
    "acceptedDate": "2012-08-03 17:03:11",
    "calendarYear": "2012",
    "period": "Q2",
    "revenue": 1469793000,
    "costOfRevenue": 1081329000,
    "grossProfit": 388464000,
    "grossProfitRatio": 0.264298442,
    "researchAndDevelopmentExpenses": 0,
    "generalAndAdministrativeExpenses": 0,
    "sellingAndMarketingExpenses": 0,
    "sellingGeneralAndAdministrativeExpenses": 280746000,
    "otherExpenses": 0,
    "operatingExpenses": 280746000,
    "costAndExpenses": 1362075000,
    "interestIncome": 0,
    "interestExpense": 18844000,
    "depreciationAndAmortization": 71831000,
    "ebitda": 179109000,
    "ebitdaratio": 0.121860017,
    "operatingIncome": 107718000,
    "operatingIncomeRatio": 0.0732878711,
    "totalOtherIncomeExpensesNet": -19284000,
    "incomeBeforeTax": 88434000,
    "incomeBeforeTaxRatio": 0.0601676563,
    "incomeTaxExpense": 15246000,
    "netIncome": 73188000,
    "netIncomeRatio": 0.049794767,
    "eps": 1.06,
    "epsdiluted": 1.06,
    "weightedAverageShsOut": 68984000,
    "weightedAverageShsOutDil": 69259000,
    "link": "https://www.sec.gov/Archives/edgar/data/851968/000085196812000061/0000851968-12-000061-index.htm",
    "finalLink": "https://www.sec.gov/Archives/edgar/data/851968/000085196812000061/mhk-2012630x10qq2.htm"
  },
  {
    "date": "2012-03-31",
    "symbol": "MHK",
    "reportedCurrency": "USD",
    "cik": "0000851968",
    "fillingDate": "2012-05-04",
    "acceptedDate": "2012-05-04 16:55:50",
    "calendarYear": "2012",
    "period": "Q1",
    "revenue": 1409035000,
    "costOfRevenue": 1049609000,
    "grossProfit": 359426000,
    "grossProfitRatio": 0.2550866373,
    "researchAndDevelopmentExpenses": 0,
    "generalAndAdministrativeExpenses": 0,
    "sellingAndMarketingExpenses": 0,
    "sellingGeneralAndAdministrativeExpenses": 287450000,
    "otherExpenses": 0,
    "operatingExpenses": 287450000,
    "costAndExpenses": 1337059000,
    "interestIncome": 0,
    "interestExpense": 22498000,
    "depreciationAndAmortization": 73286000,
    "ebitda": 147087000,
    "ebitdaratio": 0.1043884644,
    "operatingIncome": 71976000,
    "operatingIncomeRatio": 0.0510817687,
    "totalOtherIncomeExpensesNet": -20673000,
    "incomeBeforeTax": 51303000,
    "incomeBeforeTaxRatio": 0.0364100253,
    "incomeTaxExpense": 10291000,
    "netIncome": 40377000,
    "netIncomeRatio": 0.0286557821,
    "eps": 0.59,
    "epsdiluted": 0.58,
    "weightedAverageShsOut": 68862000,
    "weightedAverageShsOutDil": 69141000,
    "link": "https://www.sec.gov/Archives/edgar/data/851968/000119312512212198/0001193125-12-212198-index.htm",
    "finalLink": "https://www.sec.gov/Archives/edgar/data/851968/000119312512212198/d313319d10q.htm"
  },
  {
    "date": "2011-12-31",
    "symbol": "MHK",
    "reportedCurrency": "USD",
    "cik": "0000851968",
    "fillingDate": "2012-02-29",
    "acceptedDate": "2012-02-29 07:02:10",
    "calendarYear": "2011",
    "period": "Q4",
    "revenue": 1378297000,
    "costOfRevenue": 1042880000,
    "grossProfit": 335417000,
    "grossProfitRatio": 0.2433561127,
    "researchAndDevelopmentExpenses": 0,
    "generalAndAdministrativeExpenses": 0,
    "sellingAndMarketingExpenses": 0,
    "sellingGeneralAndAdministrativeExpenses": 269123000,
    "otherExpenses": 0,
    "operatingExpenses": 269123000,
    "costAndExpenses": 1312003000,
    "interestIncome": 0,
    "interestExpense": 24130000,
    "depreciationAndAmortization": 74930000,
    "ebitda": 140967000,
    "ebitdaratio": 0.1022762148,
    "operatingIncome": 66294000,
    "operatingIncomeRatio": 0.0480984868,
    "totalOtherIncomeExpensesNet": -24387000,
    "incomeBeforeTax": 41907000,
    "incomeBeforeTaxRatio": 0.0304049127,
    "incomeTaxExpense": -1990000,
    "netIncome": 42931000,
    "netIncomeRatio": 0.0311478586,
    "eps": 0.62,
    "epsdiluted": 0.62,
    "weightedAverageShsOut": 68769000,
    "weightedAverageShsOutDil": 69000000,
    "link": "https://www.sec.gov/Archives/edgar/data/851968/000119312512087058/0001193125-12-087058-index.htm",
    "finalLink": "https://www.sec.gov/Archives/edgar/data/851968/000119312512087058/d261698d10k.htm"
  },
  {
    "date": "2011-10-01",
    "symbol": "MHK",
    "reportedCurrency": "USD",
    "cik": "0000851968",
    "fillingDate": "2011-11-04",
    "acceptedDate": "2011-11-04 17:22:49",
    "calendarYear": "2011",
    "period": "Q3",
    "revenue": 1442512000,
    "costOfRevenue": 1084889000,
    "grossProfit": 357623000,
    "grossProfitRatio": 0.2479168284,
    "researchAndDevelopmentExpenses": 0,
    "generalAndAdministrativeExpenses": 0,
    "sellingAndMarketingExpenses": 0,
    "sellingGeneralAndAdministrativeExpenses": 266159000,
    "otherExpenses": 0,
    "operatingExpenses": 266159000,
    "costAndExpenses": 1351048000,
    "interestIncome": 0,
    "interestExpense": 25132000,
    "depreciationAndAmortization": 74207000,
    "ebitda": 152258000,
    "ebitdaratio": 0.1055505951,
    "operatingIncome": 91464000,
    "operatingIncomeRatio": 0.0634060583,
    "totalOtherIncomeExpensesNet": -38545000,
    "incomeBeforeTax": 52919000,
    "incomeBeforeTaxRatio": 0.0366853101,
    "incomeTaxExpense": 5223000,
    "netIncome": 46646000,
    "netIncomeRatio": 0.0323366461,
    "eps": 0.68,
    "epsdiluted": 0.68,
    "weightedAverageShsOut": 68759000,
    "weightedAverageShsOutDil": 68954000,
    "link": "https://www.sec.gov/Archives/edgar/data/851968/000119312511297747/0001193125-11-297747-index.htm",
    "finalLink": "https://www.sec.gov/Archives/edgar/data/851968/000119312511297747/d233465d10q.htm"
  },
  {
    "date": "2011-07-02",
    "symbol": "MHK",
    "reportedCurrency": "USD",
    "cik": "0000851968",
    "fillingDate": "2011-08-05",
    "acceptedDate": "2011-08-05 16:46:56",
    "calendarYear": "2011",
    "period": "Q2",
    "revenue": 1477854000,
    "costOfRevenue": 1095607000,
    "grossProfit": 382247000,
    "grossProfitRatio": 0.2586500426,
    "researchAndDevelopmentExpenses": 0,
    "generalAndAdministrativeExpenses": 0,
    "sellingAndMarketingExpenses": 0,
    "sellingGeneralAndAdministrativeExpenses": 280547000,
    "otherExpenses": 0,
    "operatingExpenses": 280547000,
    "costAndExpenses": 1376154000,
    "interestIncome": 0,
    "interestExpense": 25760000,
    "depreciationAndAmortization": 74344000,
    "ebitda": 175648000,
    "ebitdaratio": 0.1188534185,
    "operatingIncome": 101700000,
    "operatingIncomeRatio": 0.0688159994,
    "totalOtherIncomeExpensesNet": -26156000,
    "incomeBeforeTax": 75544000,
    "incomeBeforeTaxRatio": 0.0511173634,
    "incomeTaxExpense": 13450000,
    "netIncome": 60903000,
    "netIncomeRatio": 0.0412104308,
    "eps": 0.89,
    "epsdiluted": 0.88,
    "weightedAverageShsOut": 68744000,
    "weightedAverageShsOutDil": 68981000,
    "link": "https://www.sec.gov/Archives/edgar/data/851968/000119312511212447/0001193125-11-212447-index.htm",
    "finalLink": "https://www.sec.gov/Archives/edgar/data/851968/000119312511212447/d10q.htm"
  },
  {
    "date": "2011-04-02",
    "symbol": "MHK",
    "reportedCurrency": "USD",
    "cik": "0000851968",
    "fillingDate": "2011-05-06",
    "acceptedDate": "2011-05-06 16:47:56",
    "calendarYear": "2011",
    "period": "Q1",
    "revenue": 1343595000,
    "costOfRevenue": 1002003000,
    "grossProfit": 341592000,
    "grossProfitRatio": 0.254237326,
    "researchAndDevelopmentExpenses": 0,
    "generalAndAdministrativeExpenses": 0,
    "sellingAndMarketingExpenses": 0,
    "sellingGeneralAndAdministrativeExpenses": 285508000,
    "otherExpenses": 0,
    "operatingExpenses": 285508000,
    "costAndExpenses": 1287511000,
    "interestIncome": 0,
    "interestExpense": 26595000,
    "depreciationAndAmortization": 74253000,
    "ebitda": 130352000,
    "ebitdaratio": 0.0970173304,
    "operatingIncome": 56084000,
    "operatingIncomeRatio": 0.0417417451,
    "totalOtherIncomeExpensesNet": -26580000,
    "incomeBeforeTax": 29504000,
    "incomeBeforeTaxRatio": 0.0219589981,
    "incomeTaxExpense": 4966000,
    "netIncome": 23442000,
    "netIncomeRatio": 0.0174472218,
    "eps": 0.34,
    "epsdiluted": 0.34,
    "weightedAverageShsOut": 68674000,
    "weightedAverageShsOutDil": 68904000,
    "link": "https://www.sec.gov/Archives/edgar/data/851968/000095012311046694/0000950123-11-046694-index.htm",
    "finalLink": "https://www.sec.gov/Archives/edgar/data/851968/000095012311046694/g26875e10vq.htm"
  },
  {
    "date": "2010-12-31",
    "symbol": "MHK",
    "reportedCurrency": "USD",
    "cik": "0000851968",
    "fillingDate": "2011-03-01",
    "acceptedDate": "2011-03-01 08:09:09",
    "calendarYear": "2010",
    "period": "Q4",
    "revenue": 1262198000,
    "costOfRevenue": 920532000,
    "grossProfit": 341666000,
    "grossProfitRatio": 0.2706912862,
    "researchAndDevelopmentExpenses": 0,
    "generalAndAdministrativeExpenses": 0,
    "sellingAndMarketingExpenses": 0,
    "sellingGeneralAndAdministrativeExpenses": 256026000,
    "otherExpenses": 0,
    "operatingExpenses": 256026000,
    "costAndExpenses": 1176558000,
    "interestIncome": 0,
    "interestExpense": 30166000,
    "depreciationAndAmortization": 74522000,
    "ebitda": 163164000,
    "ebitdaratio": 0.1292697342,
    "operatingIncome": 85640000,
    "operatingIncomeRatio": 0.0678498936,
    "totalOtherIncomeExpensesNet": -27164000,
    "incomeBeforeTax": 58476000,
    "incomeBeforeTaxRatio": 0.046328706,
    "incomeTaxExpense": 11040000,
    "netIncome": 45758000,
    "netIncomeRatio": 0.0362526323,
    "eps": 0.67,
    "epsdiluted": 0.67,
    "weightedAverageShsOut": 68611000,
    "weightedAverageShsOutDil": 68800000,
    "link": "https://www.sec.gov/Archives/edgar/data/851968/000095012311020223/0000950123-11-020223-index.htm",
    "finalLink": "https://www.sec.gov/Archives/edgar/data/851968/000095012311020223/g25981e10vk.htm"
  },
  {
    "date": "2010-10-02",
    "symbol": "MHK",
    "reportedCurrency": "USD",
    "cik": "0000851968",
    "fillingDate": "2010-11-05",
    "acceptedDate": "2010-11-05 17:25:44",
    "calendarYear": "2010",
    "period": "Q3",
    "revenue": 1309552000,
    "costOfRevenue": 964620000,
    "grossProfit": 344932000,
    "grossProfitRatio": 0.263396948,
    "researchAndDevelopmentExpenses": 0,
    "generalAndAdministrativeExpenses": 0,
    "sellingAndMarketingExpenses": 0,
    "sellingGeneralAndAdministrativeExpenses": 259750000,
    "otherExpenses": 0,
    "operatingExpenses": 259750000,
    "costAndExpenses": 1224370000,
    "interestIncome": 0,
    "interestExpense": 30046000,
    "depreciationAndAmortization": 72956000,
    "ebitda": 162779000,
    "ebitdaratio": 0.1243012878,
    "operatingIncome": 85182000,
    "operatingIncomeRatio": 0.0650466724,
    "totalOtherIncomeExpensesNet": -25405000,
    "incomeBeforeTax": 59777000,
    "incomeBeforeTaxRatio": 0.0456469083,
    "incomeTaxExpense": 7513000,
    "netIncome": 51094000,
    "netIncomeRatio": 0.0390163964,
    "eps": 0.74,
    "epsdiluted": 0.74,
    "weightedAverageShsOut": 68593000,
    "weightedAverageShsOutDil": 68773000,
    "link": "https://www.sec.gov/Archives/edgar/data/851968/000095012310101830/0000950123-10-101830-index.htm",
    "finalLink": "https://www.sec.gov/Archives/edgar/data/851968/000095012310101830/g25036e10vq.htm"
  },
  {
    "date": "2010-07-03",
    "symbol": "MHK",
    "reportedCurrency": "USD",
    "cik": "0000851968",
    "fillingDate": "2010-08-06",
    "acceptedDate": "2010-08-06 16:15:54",
    "calendarYear": "2010",
    "period": "Q2",
    "revenue": 1400086000,
    "costOfRevenue": 1025330000,
    "grossProfit": 374756000,
    "grossProfitRatio": 0.2676664148,
    "researchAndDevelopmentExpenses": 0,
    "generalAndAdministrativeExpenses": 0,
    "sellingAndMarketingExpenses": 0,
    "sellingGeneralAndAdministrativeExpenses": 285030000,
    "otherExpenses": 0,
    "operatingExpenses": 285030000,
    "costAndExpenses": 1310360000,
    "interestIncome": 0,
    "interestExpense": 39031000,
    "depreciationAndAmortization": 72497000,
    "ebitda": 161679000,
    "ebitdaratio": 0.1154779064,
    "operatingIncome": 89726000,
    "operatingIncomeRatio": 0.0640860633,
    "totalOtherIncomeExpensesNet": -39575000,
    "incomeBeforeTax": 50151000,
    "incomeBeforeTaxRatio": 0.0358199425,
    "incomeTaxExpense": -18814000,
    "netIncome": 68081000,
    "netIncomeRatio": 0.0486262987,
    "eps": 0.95,
    "epsdiluted": 0.95,
    "weightedAverageShsOut": 68585000,
    "weightedAverageShsOutDil": 68789000,
    "link": "https://www.sec.gov/Archives/edgar/data/851968/000095012310074324/0000950123-10-074324-index.htm",
    "finalLink": "https://www.sec.gov/Archives/edgar/data/851968/000095012310074324/g22129e10vq.htm"
  },
  {
    "date": "2010-04-03",
    "symbol": "MHK",
    "reportedCurrency": "USD",
    "cik": "0000851968",
    "fillingDate": "2010-05-03",
    "acceptedDate": "2010-05-03 16:51:20",
    "calendarYear": "2010",
    "period": "Q1",
    "revenue": 1347236000,
    "costOfRevenue": 1005990000,
    "grossProfit": 341246000,
    "grossProfitRatio": 0.2532934096,
    "researchAndDevelopmentExpenses": 0,
    "generalAndAdministrativeExpenses": 0,
    "sellingAndMarketingExpenses": 0,
    "sellingGeneralAndAdministrativeExpenses": 287625000,
    "otherExpenses": 0,
    "operatingExpenses": 287625000,
    "costAndExpenses": 1293615000,
    "interestIncome": 0,
    "interestExpense": 33908000,
    "depreciationAndAmortization": 76798000,
    "ebitda": 134950000,
    "ebitdaratio": 0.1001680478,
    "operatingIncome": 53621000,
    "operatingIncomeRatio": 0.0398007476,
    "totalOtherIncomeExpensesNet": -29377000,
    "incomeBeforeTax": 24244000,
    "incomeBeforeTaxRatio": 0.0179953624,
    "incomeTaxExpense": 2974000,
    "netIncome": 20538000,
    "netIncomeRatio": 0.0152445451,
    "eps": 0.3,
    "epsdiluted": 0.3,
    "weightedAverageShsOut": 68523000,
    "weightedAverageShsOutDil": 68730000,
    "link": "https://www.sec.gov/Archives/edgar/data/851968/000095012310042787/0000950123-10-042787-index.htm",
    "finalLink": "https://www.sec.gov/Archives/edgar/data/851968/000095012310042787/g23167e10vq.htm"
  },
  {
    "date": "2009-12-31",
    "symbol": "MHK",
    "reportedCurrency": "USD",
    "cik": "0000851968",
    "fillingDate": "2010-02-26",
    "acceptedDate": "2010-02-26 17:09:36",
    "calendarYear": "2009",
    "period": "Q4",
    "revenue": 1347108000,
    "costOfRevenue": 1005414000,
    "grossProfit": 341694000,
    "grossProfitRatio": 0.2536500414,
    "researchAndDevelopmentExpenses": 0,
    "generalAndAdministrativeExpenses": 0,
    "sellingAndMarketingExpenses": 0,
    "sellingGeneralAndAdministrativeExpenses": 294829000,
    "otherExpenses": 0,
    "operatingExpenses": 294829000,
    "costAndExpenses": 1300243000,
    "interestIncome": 0,
    "interestExpense": 34527000,
    "depreciationAndAmortization": 81827000,
    "ebitda": 128692000,
    "ebitdaratio": 0.0955320583,
    "operatingIncome": 46865000,
    "operatingIncomeRatio": 0.0347893413,
    "totalOtherIncomeExpensesNet": -34527000,
    "incomeBeforeTax": 12338000,
    "incomeBeforeTaxRatio": 0.0091588796,
    "incomeTaxExpense": -8950000,
    "netIncome": 19779000,
    "netIncomeRatio": 0.0146825644,
    "eps": 0.29,
    "epsdiluted": 0.29,
    "weightedAverageShsOut": 68470000,
    "weightedAverageShsOutDil": 68700000,
    "link": "https://www.sec.gov/Archives/edgar/data/851968/000095012310018309/0000950123-10-018309-index.htm",
    "finalLink": "https://www.sec.gov/Archives/edgar/data/851968/000095012310018309/g22145e10vk.htm"
  },
  {
    "date": "2009-09-26",
    "symbol": "MHK",
    "reportedCurrency": "USD",
    "cik": "0000851968",
    "fillingDate": "2009-10-30",
    "acceptedDate": "2009-10-30 16:34:55",
    "calendarYear": "2009",
    "period": "Q3",
    "revenue": 1382565000,
    "costOfRevenue": 1013106000,
    "grossProfit": 369459000,
    "grossProfitRatio": 0.267227219,
    "researchAndDevelopmentExpenses": 0,
    "generalAndAdministrativeExpenses": 0,
    "sellingAndMarketingExpenses": 0,
    "sellingGeneralAndAdministrativeExpenses": 301388000,
    "otherExpenses": 0,
    "operatingExpenses": 301388000,
    "costAndExpenses": 1314494000,
    "interestIncome": 0,
    "interestExpense": 32318000,
    "depreciationAndAmortization": 76435000,
    "ebitda": 146163000,
    "ebitdaratio": 0.1057187185,
    "operatingIncome": 68071000,
    "operatingIncomeRatio": 0.0492352982,
    "totalOtherIncomeExpensesNet": -30661000,
    "incomeBeforeTax": 37410000,
    "incomeBeforeTaxRatio": 0.0270584023,
    "incomeTaxExpense": 2015000,
    "netIncome": 34348000,
    "netIncomeRatio": 0.0248436782,
    "eps": 0.5,
    "epsdiluted": 0.5,
    "weightedAverageShsOut": 68456000,
    "weightedAverageShsOutDil": 68653000,
    "link": "https://www.sec.gov/Archives/edgar/data/851968/000119312509218976/0001193125-09-218976-index.htm",
    "finalLink": "https://www.sec.gov/Archives/edgar/data/851968/000119312509218976/d10q.htm"
  },
  {
    "date": "2009-06-27",
    "symbol": "MHK",
    "reportedCurrency": "USD",
    "cik": "0000851968",
    "fillingDate": "2009-08-03",
    "acceptedDate": "2009-08-03 16:06:00",
    "calendarYear": "2009",
    "period": "Q2",
    "revenue": 1406012000,
    "costOfRevenue": 1038624000,
    "grossProfit": 367388000,
    "grossProfitRatio": 0.2612979121,
    "researchAndDevelopmentExpenses": 0,
    "generalAndAdministrativeExpenses": 0,
    "sellingAndMarketingExpenses": 0,
    "sellingGeneralAndAdministrativeExpenses": 292710000,
    "otherExpenses": 0,
    "operatingExpenses": 292710000,
    "costAndExpenses": 1331334000,
    "interestIncome": 0,
    "interestExpense": 30002000,
    "depreciationAndAmortization": 77062000,
    "ebitda": 157308000,
    "ebitdaratio": 0.1118824021,
    "operatingIncome": 74678000,
    "operatingIncomeRatio": 0.0531133447,
    "totalOtherIncomeExpensesNet": -24434000,
    "incomeBeforeTax": 50244000,
    "incomeBeforeTaxRatio": 0.0357351146,
    "incomeTaxExpense": 3037000,
    "netIncome": 46261000,
    "netIncomeRatio": 0.0329022796,
    "eps": 0.68,
    "epsdiluted": 0.67,
    "weightedAverageShsOut": 68449000,
    "weightedAverageShsOutDil": 68613000,
    "link": "https://www.sec.gov/Archives/edgar/data/851968/000119312509162199/0001193125-09-162199-index.htm",
    "finalLink": "https://www.sec.gov/Archives/edgar/data/851968/000119312509162199/d10q.htm"
  },
  {
    "date": "2009-03-28",
    "symbol": "MHK",
    "reportedCurrency": "USD",
    "cik": "0000851968",
    "fillingDate": "2009-04-30",
    "acceptedDate": "2009-04-30 15:17:11",
    "calendarYear": "2009",
    "period": "Q1",
    "revenue": 1208339000,
    "costOfRevenue": 1054650000,
    "grossProfit": 153689000,
    "grossProfitRatio": 0.1271903001,
    "researchAndDevelopmentExpenses": 0,
    "generalAndAdministrativeExpenses": 0,
    "sellingAndMarketingExpenses": 0,
    "sellingGeneralAndAdministrativeExpenses": 299573000,
    "otherExpenses": 0,
    "operatingExpenses": 299573000,
    "costAndExpenses": 1354223000,
    "interestIncome": 0,
    "interestExpense": 30184000,
    "depreciationAndAmortization": 67680000,
    "ebitda": -79841000,
    "ebitdaratio": -0.0660750005,
    "operatingIncome": -145884000,
    "operatingIncomeRatio": -0.12073102,
    "totalOtherIncomeExpensesNet": -31821000,
    "incomeBeforeTax": -177705000,
    "incomeBeforeTaxRatio": -0.1470655172,
    "incomeTaxExpense": -72796000,
    "netIncome": -105887000,
    "netIncomeRatio": -0.0876302097,
    "eps": -1.55,
    "epsdiluted": -1.55,
    "weightedAverageShsOut": 68433000,
    "weightedAverageShsOutDil": 68433000,
    "link": "https://www.sec.gov/Archives/edgar/data/851968/000119312509094196/0001193125-09-094196-index.htm",
    "finalLink": "https://www.sec.gov/Archives/edgar/data/851968/000119312509094196/d10q.htm"
  },
  {
    "date": "2008-12-31",
    "symbol": "MHK",
    "reportedCurrency": "USD",
    "cik": "0000851968",
    "fillingDate": "2009-03-02",
    "acceptedDate": "2009-03-02 16:01:18",
    "calendarYear": "2008",
    "period": "Q4",
    "revenue": 1485172000,
    "costOfRevenue": 1129210000,
    "grossProfit": 355962000,
    "grossProfitRatio": 0.2396772899,
    "researchAndDevelopmentExpenses": 0,
    "generalAndAdministrativeExpenses": 0,
    "sellingAndMarketingExpenses": 0,
    "sellingGeneralAndAdministrativeExpenses": 324892000,
    "otherExpenses": 124485000,
    "operatingExpenses": 449377000,
    "costAndExpenses": 1578587000,
    "interestIncome": 0,
    "interestExpense": 1591750000,
    "depreciationAndAmortization": 69034000,
    "ebitda": -51363000,
    "ebitdaratio": -0.0345838731,
    "operatingIncome": -93415000,
    "operatingIncomeRatio": -0.0628984387,
    "totalOtherIncomeExpensesNet": -48353000,
    "incomeBeforeTax": -141768000,
    "incomeBeforeTaxRatio": -0.0954556105,
    "incomeTaxExpense": -14153000,
    "netIncome": -127615000,
    "netIncomeRatio": -0.0859260746,
    "eps": -1.87,
    "epsdiluted": -1.87,
    "weightedAverageShsOut": 68400000,
    "weightedAverageShsOutDil": 68400000,
    "link": "https://www.sec.gov/Archives/edgar/data/851968/000119312509042512/0001193125-09-042512-index.htm",
    "finalLink": "https://www.sec.gov/Archives/edgar/data/851968/000119312509042512/d10k.htm"
  },
  {
    "date": "2008-09-27",
    "symbol": "MHK",
    "reportedCurrency": "USD",
    "cik": "0000851968",
    "fillingDate": "2008-11-12",
    "acceptedDate": "2008-11-12 06:30:40",
    "calendarYear": "2008",
    "period": "Q3",
    "revenue": 1763034000,
    "costOfRevenue": 1323963000,
    "grossProfit": 439071000,
    "grossProfitRatio": 0.2490428432,
    "researchAndDevelopmentExpenses": 0,
    "generalAndAdministrativeExpenses": 0,
    "sellingAndMarketingExpenses": 0,
    "sellingGeneralAndAdministrativeExpenses": 321259000,
    "otherExpenses": 1418912000,
    "operatingExpenses": 1740171000,
    "costAndExpenses": 3064134000,
    "interestIncome": 0,
    "interestExpense": 34741000,
    "depreciationAndAmortization": 77712000,
    "ebitda": -1226065000,
    "ebitdaratio": -0.6954290161,
    "operatingIncome": -1301100000,
    "operatingIncomeRatio": -0.7379891709,
    "totalOtherIncomeExpensesNet": -33217000,
    "incomeBeforeTax": -1334317000,
    "incomeBeforeTaxRatio": -0.7568299874,
    "incomeTaxExpense": 148940000,
    "netIncome": -1484781000,
    "netIncomeRatio": -0.8421737754,
    "eps": -21.7,
    "epsdiluted": -21.7,
    "weightedAverageShsOut": 68411000,
    "weightedAverageShsOutDil": 68411000,
    "link": "https://www.sec.gov/Archives/edgar/data/851968/000119312508232856/0001193125-08-232856-index.htm",
    "finalLink": "https://www.sec.gov/Archives/edgar/data/851968/000119312508232856/d10q.htm"
  },
  {
    "date": "2008-06-28",
    "symbol": "MHK",
    "reportedCurrency": "USD",
    "cik": "0000851968",
    "fillingDate": "2008-08-05",
    "acceptedDate": "2008-08-05 15:13:58",
    "calendarYear": "2008",
    "period": "Q2",
    "revenue": 1840045000,
    "costOfRevenue": 1357153000,
    "grossProfit": 482892000,
    "grossProfitRatio": 0.2624348861,
    "researchAndDevelopmentExpenses": 0,
    "generalAndAdministrativeExpenses": 0,
    "sellingAndMarketingExpenses": 0,
    "sellingGeneralAndAdministrativeExpenses": 336829000,
    "otherExpenses": 0,
    "operatingExpenses": 336829000,
    "costAndExpenses": 1693982000,
    "interestIncome": 0,
    "interestExpense": 36042000,
    "depreciationAndAmortization": 75052000,
    "ebitda": 221103000,
    "ebitdaratio": 0.1201617352,
    "operatingIncome": 146063000,
    "operatingIncomeRatio": 0.0793801239,
    "totalOtherIncomeExpensesNet": -32754000,
    "incomeBeforeTax": 113309000,
    "incomeBeforeTaxRatio": 0.0615794722,
    "incomeTaxExpense": 22893000,
    "netIncome": 88778000,
    "netIncomeRatio": 0.0482477331,
    "eps": 1.3,
    "epsdiluted": 1.29,
    "weightedAverageShsOut": 68403000,
    "weightedAverageShsOutDil": 68617000,
    "link": "https://www.sec.gov/Archives/edgar/data/851968/000119312508166359/0001193125-08-166359-index.htm",
    "finalLink": "https://www.sec.gov/Archives/edgar/data/851968/000119312508166359/d10q.htm"
  },
  {
    "date": "2008-03-29",
    "symbol": "MHK",
    "reportedCurrency": "USD",
    "cik": "0000851968",
    "fillingDate": "2008-05-01",
    "acceptedDate": "2008-05-01 17:14:09",
    "calendarYear": "2008",
    "period": "Q1",
    "revenue": 1738097000,
    "costOfRevenue": 1278258000,
    "grossProfit": 459839000,
    "grossProfitRatio": 0.2645646359,
    "researchAndDevelopmentExpenses": 0,
    "generalAndAdministrativeExpenses": 0,
    "sellingAndMarketingExpenses": 0,
    "sellingGeneralAndAdministrativeExpenses": 335521000,
    "otherExpenses": 0,
    "operatingExpenses": 335521000,
    "costAndExpenses": 1613779000,
    "interestIncome": 0,
    "interestExpense": 39325000,
    "depreciationAndAmortization": 73256000,
    "ebitda": 196134000,
    "ebitdaratio": 0.1128441048,
    "operatingIncome": 124318000,
    "operatingIncomeRatio": 0.0715253522,
    "totalOtherIncomeExpensesNet": -35207000,
    "incomeBeforeTax": 89111000,
    "incomeBeforeTaxRatio": 0.0512692905,
    "incomeTaxExpense": 22382000,
    "netIncome": 65390000,
    "netIncomeRatio": 0.0376216057,
    "eps": 0.96,
    "epsdiluted": 0.95,
    "weightedAverageShsOut": 68375000,
    "weightedAverageShsOutDil": 68579000,
    "link": "https://www.sec.gov/Archives/edgar/data/851968/000119312508099356/0001193125-08-099356-index.htm",
    "finalLink": "https://www.sec.gov/Archives/edgar/data/851968/000119312508099356/d10q.htm"
  },
  {
    "date": "2007-12-31",
    "symbol": "MHK",
    "reportedCurrency": "USD",
    "cik": "0000851968",
    "fillingDate": "2008-02-29",
    "acceptedDate": "2008-02-29 14:02:20",
    "calendarYear": "2007",
    "period": "Q4",
    "revenue": 1807268000,
    "costOfRevenue": 1318005000,
    "grossProfit": 489263000,
    "grossProfitRatio": 0.2707196719,
    "researchAndDevelopmentExpenses": 0,
    "generalAndAdministrativeExpenses": 0,
    "sellingAndMarketingExpenses": 0,
    "sellingGeneralAndAdministrativeExpenses": 308796000,
    "otherExpenses": 0,
    "operatingExpenses": 308796000,
    "costAndExpenses": 1626801000,
    "interestIncome": 0,
    "interestExpense": 36228000,
    "depreciationAndAmortization": 81573000,
    "ebitda": 262040000,
    "ebitdaratio": 0.144992331,
    "operatingIncome": 180467000,
    "operatingIncomeRatio": 0.0998562471,
    "totalOtherIncomeExpensesNet": -36231000,
    "incomeBeforeTax": 144236000,
    "incomeBeforeTaxRatio": 0.0798088607,
    "incomeTaxExpense": -234878000,
    "netIncome": 379114000,
    "netIncomeRatio": 0.2097718767,
    "eps": 5.55,
    "epsdiluted": 5.55,
    "weightedAverageShsOut": 68281000,
    "weightedAverageShsOutDil": 68281000,
    "link": "https://www.sec.gov/Archives/edgar/data/851968/000119312508043355/0001193125-08-043355-index.htm",
    "finalLink": "https://www.sec.gov/Archives/edgar/data/851968/000119312508043355/d10k.htm"
  },
  {
    "date": "2007-09-29",
    "symbol": "MHK",
    "reportedCurrency": "USD",
    "cik": "0000851968",
    "fillingDate": "2007-11-07",
    "acceptedDate": "2007-11-07 15:59:38",
    "calendarYear": "2007",
    "period": "Q3",
    "revenue": 1937677000,
    "costOfRevenue": 1392294000,
    "grossProfit": 545383000,
    "grossProfitRatio": 0.2814622871,
    "researchAndDevelopmentExpenses": 0,
    "generalAndAdministrativeExpenses": 0,
    "sellingAndMarketingExpenses": 0,
    "sellingGeneralAndAdministrativeExpenses": 344569000,
    "otherExpenses": 0,
    "operatingExpenses": 344569000,
    "costAndExpenses": 1736863000,
    "interestIncome": 0,
    "interestExpense": 36719000,
    "depreciationAndAmortization": 75636000,
    "ebitda": 276450000,
    "ebitdaratio": 0.1426708373,
    "operatingIncome": 200814000,
    "operatingIncomeRatio": 0.1036364678,
    "totalOtherIncomeExpensesNet": -36719000,
    "incomeBeforeTax": 164095000,
    "incomeBeforeTaxRatio": 0.084686457,
    "incomeTaxExpense": 42041000,
    "netIncome": 122054000,
    "netIncomeRatio": 0.0629898585,
    "eps": 1.79,
    "epsdiluted": 1.78,
    "weightedAverageShsOut": 68281000,
    "weightedAverageShsOutDil": 68597000,
    "link": "https://www.sec.gov/Archives/edgar/data/851968/000085196807000061/0000851968-07-000061-index.htm",
    "finalLink": "https://www.sec.gov/Archives/edgar/data/851968/000085196807000061/q30710q.htm"
  },
  {
    "date": "2007-06-30",
    "symbol": "MHK",
    "reportedCurrency": "USD",
    "cik": "0000851968",
    "fillingDate": "2007-06-30",
    "acceptedDate": "2007-06-29 20:00:00",
    "calendarYear": "2007",
    "period": "Q2",
    "revenue": 1977210000,
    "costOfRevenue": 1420512000,
    "grossProfit": 556698000,
    "grossProfitRatio": 0.281557346,
    "researchAndDevelopmentExpenses": 0,
    "generalAndAdministrativeExpenses": 0,
    "sellingAndMarketingExpenses": 0,
    "sellingGeneralAndAdministrativeExpenses": 358450000,
    "otherExpenses": 0,
    "operatingExpenses": 358450000,
    "costAndExpenses": 1778962000,
    "interestIncome": 0,
    "interestExpense": 0,
    "depreciationAndAmortization": 75382000,
    "ebitda": 273630000,
    "ebitdaratio": 0.1383919766,
    "operatingIncome": 198248000,
    "operatingIncomeRatio": 0.1002665372,
    "totalOtherIncomeExpensesNet": -36355000,
    "incomeBeforeTax": 161893000,
    "incomeBeforeTaxRatio": 0.0818795171,
    "incomeTaxExpense": 46625000,
    "netIncome": 115268000,
    "netIncomeRatio": 0.0582983092,
    "eps": 1.69,
    "epsdiluted": 1.68,
    "weightedAverageShsOut": 68167000,
    "weightedAverageShsOutDil": 68533000,
    "link": null,
    "finalLink": null
  },
  {
    "date": "2007-03-31",
    "symbol": "MHK",
    "reportedCurrency": "USD",
    "cik": "0000851968",
    "fillingDate": "2007-03-31",
    "acceptedDate": "2007-03-31 00:00:00",
    "calendarYear": "2007",
    "period": "Q1",
    "revenue": 1863863000,
    "costOfRevenue": 1340423000,
    "grossProfit": 523440000,
    "grossProfitRatio": 0.2808360915,
    "researchAndDevelopmentExpenses": 0,
    "generalAndAdministrativeExpenses": 0,
    "sellingAndMarketingExpenses": 0,
    "sellingGeneralAndAdministrativeExpenses": 352863000,
    "otherExpenses": 0,
    "operatingExpenses": 352863000,
    "costAndExpenses": 1693286000,
    "interestIncome": 0,
    "interestExpense": 31789000,
    "depreciationAndAmortization": 73846000,
    "ebitda": 244423000,
    "ebitdaratio": 0.1311378572,
    "operatingIncome": 170577000,
    "operatingIncomeRatio": 0.0915179925,
    "totalOtherIncomeExpensesNet": -36684000,
    "incomeBeforeTax": 133893000,
    "incomeBeforeTaxRatio": 0.0718362884,
    "incomeTaxExpense": 43515000,
    "netIncome": 90378000,
    "netIncomeRatio": 0.0484896154,
    "eps": 1.33,
    "epsdiluted": 1.32,
    "weightedAverageShsOut": 67906000,
    "weightedAverageShsOutDil": 68255000,
    "link": null,
    "finalLink": null
  },
  {
    "date": "2006-12-31",
    "symbol": "MHK",
    "reportedCurrency": "USD",
    "cik": "0000851968",
    "fillingDate": "2007-02-26",
    "acceptedDate": "2007-02-26 08:01:28",
    "calendarYear": "2006",
    "period": "Q4",
    "revenue": 1898594000,
    "costOfRevenue": 1344516000,
    "grossProfit": 554078000,
    "grossProfitRatio": 0.2918359586,
    "researchAndDevelopmentExpenses": 0,
    "generalAndAdministrativeExpenses": 0,
    "sellingAndMarketingExpenses": 0,
    "sellingGeneralAndAdministrativeExpenses": 324704000,
    "otherExpenses": 0,
    "operatingExpenses": 324704000,
    "costAndExpenses": 1669220000,
    "interestIncome": 0,
    "interestExpense": 40322000,
    "depreciationAndAmortization": 72278000,
    "ebitda": 301652000,
    "ebitdaratio": 0.158881783,
    "operatingIncome": 229374000,
    "operatingIncomeRatio": 0.1208125592,
    "totalOtherIncomeExpensesNet": -40322000,
    "incomeBeforeTax": 189052000,
    "incomeBeforeTaxRatio": 0.0995747379,
    "incomeTaxExpense": 59561000,
    "netIncome": 129491000,
    "netIncomeRatio": 0.0682036286,
    "eps": 1.91,
    "epsdiluted": 1.91,
    "weightedAverageShsOut": 67704000,
    "weightedAverageShsOutDil": 67704000,
    "link": "https://www.sec.gov/Archives/edgar/data/851968/000119312507039047/0001193125-07-039047-index.htm",
    "finalLink": "https://www.sec.gov/Archives/edgar/data/851968/000119312507039047/d10k.htm"
  },
  {
    "date": "2006-11-03",
    "symbol": "MHK",
    "reportedCurrency": "USD",
    "cik": "0000851968",
    "fillingDate": "2006-11-06",
    "acceptedDate": "2006-11-03 17:42:45",
    "calendarYear": "2006",
    "period": "Q3",
    "revenue": 2024019000,
    "costOfRevenue": 1455508000,
    "grossProfit": 568511000,
    "grossProfitRatio": 0.2808822447,
    "researchAndDevelopmentExpenses": 0,
    "generalAndAdministrativeExpenses": 0,
    "sellingAndMarketingExpenses": 0,
    "sellingGeneralAndAdministrativeExpenses": 345771000,
    "otherExpenses": 0,
    "operatingExpenses": 345771000,
    "costAndExpenses": 1801279000,
    "interestIncome": 0,
    "interestExpense": 44655000,
    "depreciationAndAmortization": 68040000,
    "ebitda": 290780000,
    "ebitdaratio": 0.1436646593,
    "operatingIncome": 222740000,
    "operatingIncomeRatio": 0.1100483741,
    "totalOtherIncomeExpensesNet": -35876000,
    "incomeBeforeTax": 186864000,
    "incomeBeforeTaxRatio": 0.092323244,
    "incomeTaxExpense": 59156000,
    "netIncome": 127708000,
    "netIncomeRatio": 0.0630962456,
    "eps": 1.89,
    "epsdiluted": 1.88,
    "weightedAverageShsOut": 67704000,
    "weightedAverageShsOutDil": 68021000,
    "link": "https://www.sec.gov/Archives/edgar/data/851968/000085196806000070/0000851968-06-000070-index.htm",
    "finalLink": "https://www.sec.gov/Archives/edgar/data/851968/000085196806000070/thirdqtr06.htm"
  },
  {
    "date": "2006-08-07",
    "symbol": "MHK",
    "reportedCurrency": "USD",
    "cik": "0000851968",
    "fillingDate": "2006-08-09",
    "acceptedDate": "2006-08-08 17:59:08",
    "calendarYear": "2006",
    "period": "Q2",
    "revenue": 2058123000,
    "costOfRevenue": 1465745000,
    "grossProfit": 592378000,
    "grossProfitRatio": 0.2878243914,
    "researchAndDevelopmentExpenses": 0,
    "generalAndAdministrativeExpenses": 0,
    "sellingAndMarketingExpenses": 0,
    "sellingGeneralAndAdministrativeExpenses": 369333000,
    "otherExpenses": 0,
    "operatingExpenses": 369333000,
    "costAndExpenses": 1835078000,
    "interestIncome": 0,
    "interestExpense": 46123000,
    "depreciationAndAmortization": 69781000,
    "ebitda": 292826000,
    "ebitdaratio": 0.1422781826,
    "operatingIncome": 223045000,
    "operatingIncomeRatio": 0.1083730176,
    "totalOtherIncomeExpensesNet": -43489000,
    "incomeBeforeTax": 179556000,
    "incomeBeforeTaxRatio": 0.0872425992,
    "incomeTaxExpense": 60043000,
    "netIncome": 119513000,
    "netIncomeRatio": 0.0580689298,
    "eps": 1.77,
    "epsdiluted": 1.76,
    "weightedAverageShsOut": 67693000,
    "weightedAverageShsOutDil": 68067000,
    "link": "https://www.sec.gov/Archives/edgar/data/851968/000085196806000052/0000851968-06-000052-index.htm",
    "finalLink": "https://www.sec.gov/Archives/edgar/data/851968/000085196806000052/q22006html1.htm"
  },
  {
    "date": "2006-03-31",
    "symbol": "MHK",
    "reportedCurrency": "USD",
    "cik": "0000851968",
    "fillingDate": "2006-03-31",
    "acceptedDate": "2006-03-31 00:00:00",
    "calendarYear": "2006",
    "period": "Q1",
    "revenue": 1925106000,
    "costOfRevenue": 1408762000,
    "grossProfit": 516344000,
    "grossProfitRatio": 0.2682158801,
    "researchAndDevelopmentExpenses": 0,
    "generalAndAdministrativeExpenses": 0,
    "sellingAndMarketingExpenses": 0,
    "sellingGeneralAndAdministrativeExpenses": 352443000,
    "otherExpenses": 0,
    "operatingExpenses": 352443000,
    "costAndExpenses": 1761205000,
    "interestIncome": 0,
    "interestExpense": 43062000,
    "depreciationAndAmortization": 64853000,
    "ebitda": 228754000,
    "ebitdaratio": 0.1188267036,
    "operatingIncome": 163901000,
    "operatingIncomeRatio": 0.0851386885,
    "totalOtherIncomeExpensesNet": -43062000,
    "incomeBeforeTax": 120839000,
    "incomeBeforeTaxRatio": 0.0627700501,
    "incomeTaxExpense": 36385000,
    "netIncome": 71120000,
    "netIncomeRatio": 0.0369434203,
    "eps": 1.17,
    "epsdiluted": 1.16,
    "weightedAverageShsOut": 67564000,
    "weightedAverageShsOutDil": 68079000,
    "link": null,
    "finalLink": null
  },
  {
    "date": "2005-12-31",
    "symbol": "MHK",
    "reportedCurrency": "USD",
    "cik": "0000851968",
    "fillingDate": "2005-12-31",
    "acceptedDate": "2005-12-30 19:00:00",
    "calendarYear": "2005",
    "period": "Q4",
    "revenue": 1804551000,
    "costOfRevenue": 1349496000,
    "grossProfit": 455055000,
    "grossProfitRatio": 0.2521707616,
    "researchAndDevelopmentExpenses": 0,
    "generalAndAdministrativeExpenses": 0,
    "sellingAndMarketingExpenses": 0,
    "sellingGeneralAndAdministrativeExpenses": 289718000,
    "otherExpenses": 0,
    "operatingExpenses": 289718000,
    "costAndExpenses": 1639214000,
    "interestIncome": 0,
    "interestExpense": 0,
    "depreciationAndAmortization": 54429000,
    "ebitda": 219766000,
    "ebitdaratio": 0.1217843109,
    "operatingIncome": 165337000,
    "operatingIncomeRatio": 0.0916222373,
    "totalOtherIncomeExpensesNet": -32559000,
    "incomeBeforeTax": 132778000,
    "incomeBeforeTaxRatio": 0.073579522,
    "incomeTaxExpense": 47066000,
    "netIncome": 85712000,
    "netIncomeRatio": 0.0474976878,
    "eps": 1.48,
    "epsdiluted": 1.46,
    "weightedAverageShsOut": 67247000,
    "weightedAverageShsOutDil": 67860000,
    "link": null,
    "finalLink": null
  },
  {
    "date": "2005-09-30",
    "symbol": "MHK",
    "reportedCurrency": "USD",
    "cik": "0000851968",
    "fillingDate": "2005-09-30",
    "acceptedDate": "2005-09-29 20:00:00",
    "calendarYear": "2005",
    "period": "Q3",
    "revenue": 1697634000,
    "costOfRevenue": 1234680000,
    "grossProfit": 462954000,
    "grossProfitRatio": 0.2727054241,
    "researchAndDevelopmentExpenses": 0,
    "generalAndAdministrativeExpenses": 0,
    "sellingAndMarketingExpenses": 0,
    "sellingGeneralAndAdministrativeExpenses": 274052000,
    "otherExpenses": 0,
    "operatingExpenses": 274052000,
    "costAndExpenses": 1508732000,
    "interestIncome": 0,
    "interestExpense": 10775000,
    "depreciationAndAmortization": 31138000,
    "ebitda": 220040000,
    "ebitdaratio": 0.1296156887,
    "operatingIncome": 188902000,
    "operatingIncomeRatio": 0.1112736903,
    "totalOtherIncomeExpensesNet": -10375000,
    "incomeBeforeTax": 178527000,
    "incomeBeforeTaxRatio": 0.1051622435,
    "incomeTaxExpense": 58789000,
    "netIncome": 108652000,
    "netIncomeRatio": 0.0640020169,
    "eps": 1.73,
    "epsdiluted": 1.71,
    "weightedAverageShsOut": 66865000,
    "weightedAverageShsOutDil": 67519000,
    "link": null,
    "finalLink": null
  },
  {
    "date": "2005-06-30",
    "symbol": "MHK",
    "reportedCurrency": "USD",
    "cik": "0000851968",
    "fillingDate": "2005-06-30",
    "acceptedDate": "2005-06-29 20:00:00",
    "calendarYear": "2005",
    "period": "Q2",
    "revenue": 1624692000,
    "costOfRevenue": 1186527000,
    "grossProfit": 438165000,
    "grossProfitRatio": 0.2696911168,
    "researchAndDevelopmentExpenses": 0,
    "generalAndAdministrativeExpenses": 0,
    "sellingAndMarketingExpenses": 0,
    "sellingGeneralAndAdministrativeExpenses": 271020000,
    "otherExpenses": 0,
    "operatingExpenses": 271020000,
    "costAndExpenses": 1457547000,
    "interestIncome": 0,
    "interestExpense": 0,
    "depreciationAndAmortization": 31497000,
    "ebitda": 198642000,
    "ebitdaratio": 0.1222644046,
    "operatingIncome": 167145000,
    "operatingIncomeRatio": 0.1028779609,
    "totalOtherIncomeExpensesNet": -13437000,
    "incomeBeforeTax": 153708000,
    "incomeBeforeTaxRatio": 0.0946074702,
    "incomeTaxExpense": 53241000,
    "netIncome": 93811000,
    "netIncomeRatio": 0.0577407903,
    "eps": 1.47,
    "epsdiluted": 1.45,
    "weightedAverageShsOut": 66811000,
    "weightedAverageShsOutDil": 67504000,
    "link": null,
    "finalLink": null
  },
  {
    "date": "2005-03-31",
    "symbol": "MHK",
    "reportedCurrency": "USD",
    "cik": "0000851968",
    "fillingDate": "2005-03-31",
    "acceptedDate": "2005-03-31 00:00:00",
    "calendarYear": "2005",
    "period": "Q1",
    "revenue": 1493222000,
    "costOfRevenue": 1108520000,
    "grossProfit": 384702000,
    "grossProfitRatio": 0.2576321538,
    "researchAndDevelopmentExpenses": 0,
    "generalAndAdministrativeExpenses": 0,
    "sellingAndMarketingExpenses": 0,
    "sellingGeneralAndAdministrativeExpenses": 261072000,
    "otherExpenses": 0,
    "operatingExpenses": 261072000,
    "costAndExpenses": 1369592000,
    "interestIncome": 0,
    "interestExpense": 13880000,
    "depreciationAndAmortization": 32265000,
    "ebitda": 155895000,
    "ebitdaratio": 0.1044017567,
    "operatingIncome": 123630000,
    "operatingIncomeRatio": 0.082794119,
    "totalOtherIncomeExpensesNet": -13880000,
    "incomeBeforeTax": 109750000,
    "incomeBeforeTaxRatio": 0.0734987832,
    "incomeTaxExpense": 39730000,
    "netIncome": 70020000,
    "netIncomeRatio": 0.0468918888,
    "eps": 1.05,
    "epsdiluted": 1.03,
    "weightedAverageShsOut": 66804000,
    "weightedAverageShsOutDil": 67692000,
    "link": null,
    "finalLink": null
  },
  {
    "date": "2004-12-31",
    "symbol": "MHK",
    "reportedCurrency": "USD",
    "cik": "0000851968",
    "fillingDate": "2004-12-31",
    "acceptedDate": "2004-12-30 19:00:00",
    "calendarYear": "2004",
    "period": "Q4",
    "revenue": 1471045000,
    "costOfRevenue": 1025975000,
    "grossProfit": 445070000,
    "grossProfitRatio": 0.3025536268,
    "researchAndDevelopmentExpenses": 0,
    "generalAndAdministrativeExpenses": 0,
    "sellingAndMarketingExpenses": 0,
    "sellingGeneralAndAdministrativeExpenses": 272250000,
    "otherExpenses": 0,
    "operatingExpenses": 272250000,
    "costAndExpenses": 1298225000,
    "interestIncome": 0,
    "interestExpense": 0,
    "depreciationAndAmortization": 30014000,
    "ebitda": 202834000,
    "ebitdaratio": 0.1378842931,
    "operatingIncome": 172820000,
    "operatingIncomeRatio": 0.1174811104,
    "totalOtherIncomeExpensesNet": -12237000,
    "incomeBeforeTax": 160583000,
    "incomeBeforeTaxRatio": 0.1091625341,
    "incomeTaxExpense": 58113000,
    "netIncome": 102470000,
    "netIncomeRatio": 0.0696579642,
    "eps": 1.57,
    "epsdiluted": 1.55,
    "weightedAverageShsOut": 66688000,
    "weightedAverageShsOutDil": 67596000,
    "link": null,
    "finalLink": null
  },
  {
    "date": "2004-09-30",
    "symbol": "MHK",
    "reportedCurrency": "USD",
    "cik": "0000851968",
    "fillingDate": "2004-09-30",
    "acceptedDate": "2004-09-29 20:00:00",
    "calendarYear": "2004",
    "period": "Q3",
    "revenue": 1529651000,
    "costOfRevenue": 1093598000,
    "grossProfit": 436053000,
    "grossProfitRatio": 0.2850669859,
    "researchAndDevelopmentExpenses": 0,
    "generalAndAdministrativeExpenses": 0,
    "sellingAndMarketingExpenses": 0,
    "sellingGeneralAndAdministrativeExpenses": 242995000,
    "otherExpenses": 0,
    "operatingExpenses": 242995000,
    "costAndExpenses": 1336593000,
    "interestIncome": 0,
    "interestExpense": 0,
    "depreciationAndAmortization": 31964000,
    "ebitda": 225022000,
    "ebitdaratio": 0.1471067583,
    "operatingIncome": 193058000,
    "operatingIncomeRatio": 0.1262104885,
    "totalOtherIncomeExpensesNet": -16385000,
    "incomeBeforeTax": 176673000,
    "incomeBeforeTaxRatio": 0.1154988948,
    "incomeTaxExpense": 63986000,
    "netIncome": 112687000,
    "netIncomeRatio": 0.0736684381,
    "eps": 1.69,
    "epsdiluted": 1.67,
    "weightedAverageShsOut": 66669000,
    "weightedAverageShsOutDil": 67468000,
    "link": null,
    "finalLink": null
  },
  {
    "date": "2004-06-30",
    "symbol": "MHK",
    "reportedCurrency": "USD",
    "cik": "0000851968",
    "fillingDate": "2004-06-30",
    "acceptedDate": "2004-06-29 20:00:00",
    "calendarYear": "2004",
    "period": "Q2",
    "revenue": 1485897000,
    "costOfRevenue": 1082578000,
    "grossProfit": 403319000,
    "grossProfitRatio": 0.2714313307,
    "researchAndDevelopmentExpenses": 0,
    "generalAndAdministrativeExpenses": 0,
    "sellingAndMarketingExpenses": 0,
    "sellingGeneralAndAdministrativeExpenses": 252646000,
    "otherExpenses": 0,
    "operatingExpenses": 252646000,
    "costAndExpenses": 1335224000,
    "interestIncome": 0,
    "interestExpense": 0,
    "depreciationAndAmortization": 30100000,
    "ebitda": 180773000,
    "ebitdaratio": 0.1216591729,
    "operatingIncome": 150673000,
    "operatingIncomeRatio": 0.1014020487,
    "totalOtherIncomeExpensesNet": -14203000,
    "incomeBeforeTax": 136470000,
    "incomeBeforeTaxRatio": 0.0918435127,
    "incomeTaxExpense": 49312000,
    "netIncome": 87158000,
    "netIncomeRatio": 0.0586568248,
    "eps": 1.31,
    "epsdiluted": 1.29,
    "weightedAverageShsOut": 66742000,
    "weightedAverageShsOutDil": 67564000,
    "link": null,
    "finalLink": null
  },
  {
    "date": "2004-03-31",
    "symbol": "MHK",
    "reportedCurrency": "USD",
    "cik": "0000851968",
    "fillingDate": "2004-03-31",
    "acceptedDate": "2004-03-31 00:00:00",
    "calendarYear": "2004",
    "period": "Q1",
    "revenue": 1389725000,
    "costOfRevenue": 1024179000,
    "grossProfit": 365546000,
    "grossProfitRatio": 0.2630347731,
    "researchAndDevelopmentExpenses": 0,
    "generalAndAdministrativeExpenses": 0,
    "sellingAndMarketingExpenses": 0,
    "sellingGeneralAndAdministrativeExpenses": 246507000,
    "otherExpenses": 0,
    "operatingExpenses": 246507000,
    "costAndExpenses": 1270686000,
    "interestIncome": 0,
    "interestExpense": 15376000,
    "depreciationAndAmortization": 31010000,
    "ebitda": 150049000,
    "ebitdaratio": 0.1079702819,
    "operatingIncome": 119039000,
    "operatingIncomeRatio": 0.0856565148,
    "totalOtherIncomeExpensesNet": -15376000,
    "incomeBeforeTax": 103663000,
    "incomeBeforeTaxRatio": 0.0745924553,
    "incomeTaxExpense": 37356000,
    "netIncome": 66307000,
    "netIncomeRatio": 0.0477123172,
    "eps": 1,
    "epsdiluted": 0.98,
    "weightedAverageShsOut": 66629000,
    "weightedAverageShsOutDil": 67599000,
    "link": null,
    "finalLink": null
  },
  {
    "date": "2003-12-31",
    "symbol": "MHK",
    "reportedCurrency": "USD",
    "cik": "0000851968",
    "fillingDate": "2003-12-31",
    "acceptedDate": "2003-12-31 00:00:00",
    "calendarYear": "2003",
    "period": "Q4",
    "revenue": 1369991000,
    "costOfRevenue": 990400000,
    "grossProfit": 379591000,
    "grossProfitRatio": 0.2770755428,
    "researchAndDevelopmentExpenses": 0,
    "generalAndAdministrativeExpenses": 0,
    "sellingAndMarketingExpenses": 0,
    "sellingGeneralAndAdministrativeExpenses": 205227000,
    "otherExpenses": 0,
    "operatingExpenses": 205227000,
    "costAndExpenses": 1195627000,
    "interestIncome": 0,
    "interestExpense": 13500000,
    "depreciationAndAmortization": 29171000,
    "ebitda": 203535000,
    "ebitdaratio": 0.1485666694,
    "operatingIncome": 174364000,
    "operatingIncomeRatio": 0.1272738288,
    "totalOtherIncomeExpensesNet": -13500000,
    "incomeBeforeTax": 160864000,
    "incomeBeforeTaxRatio": 0.1174197495,
    "incomeTaxExpense": 58722000,
    "netIncome": 102142000,
    "netIncomeRatio": 0.0745566942,
    "eps": 1.54,
    "epsdiluted": 1.54,
    "weightedAverageShsOut": 66260000,
    "weightedAverageShsOutDil": 66260000,
    "link": null,
    "finalLink": null
  },
  {
    "date": "2003-09-30",
    "symbol": "MHK",
    "reportedCurrency": "USD",
    "cik": "0000851968",
    "fillingDate": "2003-09-30",
    "acceptedDate": "2003-09-29 20:00:00",
    "calendarYear": "2003",
    "period": "Q3",
    "revenue": 1303166000,
    "costOfRevenue": 938280000,
    "grossProfit": 364886000,
    "grossProfitRatio": 0.2799996317,
    "researchAndDevelopmentExpenses": 0,
    "generalAndAdministrativeExpenses": 0,
    "sellingAndMarketingExpenses": 0,
    "sellingGeneralAndAdministrativeExpenses": 205482000,
    "otherExpenses": 0,
    "operatingExpenses": 205482000,
    "costAndExpenses": 1143762000,
    "interestIncome": 0,
    "interestExpense": 0,
    "depreciationAndAmortization": 26006000,
    "ebitda": 185410000,
    "ebitdaratio": 0.1422765787,
    "operatingIncome": 159404000,
    "operatingIncomeRatio": 0.1223205639,
    "totalOtherIncomeExpensesNet": -15495000,
    "incomeBeforeTax": 143909000,
    "incomeBeforeTaxRatio": 0.1104302905,
    "incomeTaxExpense": 52527000,
    "netIncome": 91382000,
    "netIncomeRatio": 0.0701230695,
    "eps": 1.38,
    "epsdiluted": 1.36,
    "weightedAverageShsOut": 66260000,
    "weightedAverageShsOutDil": 67222000,
    "link": null,
    "finalLink": null
  },
  {
    "date": "2003-06-30",
    "symbol": "MHK",
    "reportedCurrency": "USD",
    "cik": "0000851968",
    "fillingDate": "2003-06-30",
    "acceptedDate": "2003-06-29 20:00:00",
    "calendarYear": "2003",
    "period": "Q2",
    "revenue": 1247181000,
    "costOfRevenue": 907078000,
    "grossProfit": 340103000,
    "grossProfitRatio": 0.2726973871,
    "researchAndDevelopmentExpenses": 0,
    "generalAndAdministrativeExpenses": 0,
    "sellingAndMarketingExpenses": 0,
    "sellingGeneralAndAdministrativeExpenses": 210035000,
    "otherExpenses": 0,
    "operatingExpenses": 210035000,
    "costAndExpenses": 1117113000,
    "interestIncome": 0,
    "interestExpense": 0,
    "depreciationAndAmortization": 26389000,
    "ebitda": 156457000,
    "ebitdaratio": 0.1254485115,
    "operatingIncome": 130068000,
    "operatingIncomeRatio": 0.1042895939,
    "totalOtherIncomeExpensesNet": -11982000,
    "incomeBeforeTax": 118086000,
    "incomeBeforeTaxRatio": 0.0946823276,
    "incomeTaxExpense": 43101000,
    "netIncome": 74985000,
    "netIncomeRatio": 0.0601235907,
    "eps": 1.14,
    "epsdiluted": 1.12,
    "weightedAverageShsOut": 65886000,
    "weightedAverageShsOutDil": 66709000,
    "link": null,
    "finalLink": null
  },
  {
    "date": "2003-03-31",
    "symbol": "MHK",
    "reportedCurrency": "USD",
    "cik": "0000851968",
    "fillingDate": "2003-03-31",
    "acceptedDate": "2003-03-31 00:00:00",
    "calendarYear": "2003",
    "period": "Q1",
    "revenue": 1084715000,
    "costOfRevenue": 809919000,
    "grossProfit": 274796000,
    "grossProfitRatio": 0.2533347469,
    "researchAndDevelopmentExpenses": 0,
    "generalAndAdministrativeExpenses": 0,
    "sellingAndMarketingExpenses": 0,
    "sellingGeneralAndAdministrativeExpenses": 196603000,
    "otherExpenses": 0,
    "operatingExpenses": 196603000,
    "costAndExpenses": 1006522000,
    "interestIncome": 0,
    "interestExpense": 12618000,
    "depreciationAndAmortization": 25049000,
    "ebitda": 103242000,
    "ebitdaratio": 0.095178918,
    "operatingIncome": 78193000,
    "operatingIncomeRatio": 0.0720862162,
    "totalOtherIncomeExpensesNet": -12618000,
    "incomeBeforeTax": 65575000,
    "incomeBeforeTaxRatio": 0.0604536676,
    "incomeTaxExpense": 23935000,
    "netIncome": 41640000,
    "netIncomeRatio": 0.0383879637,
    "eps": 0.63,
    "epsdiluted": 0.62,
    "weightedAverageShsOut": 66355000,
    "weightedAverageShsOutDil": 67119000,
    "link": null,
    "finalLink": null
  },
  {
    "date": "2002-12-31",
    "symbol": "MHK",
    "reportedCurrency": "USD",
    "cik": "0000851968",
    "fillingDate": "2002-12-31",
    "acceptedDate": "2002-12-31 00:00:00",
    "calendarYear": "2002",
    "period": "Q4",
    "revenue": 1203476000,
    "costOfRevenue": 860800000,
    "grossProfit": 342676000,
    "grossProfitRatio": 0.2847385407,
    "researchAndDevelopmentExpenses": 0,
    "generalAndAdministrativeExpenses": 0,
    "sellingAndMarketingExpenses": 0,
    "sellingGeneralAndAdministrativeExpenses": 179773000,
    "otherExpenses": 0,
    "operatingExpenses": 179773000,
    "costAndExpenses": 1040573000,
    "interestIncome": 0,
    "interestExpense": 33215000,
    "depreciationAndAmortization": 26442000,
    "ebitda": 189345000,
    "ebitdaratio": 0.1573317623,
    "operatingIncome": 162903000,
    "operatingIncomeRatio": 0.135360406,
    "totalOtherIncomeExpensesNet": -33215000,
    "incomeBeforeTax": 129688000,
    "incomeBeforeTaxRatio": 0.1077611851,
    "incomeTaxExpense": 45487000,
    "netIncome": 84201000,
    "netIncomeRatio": 0.0699648352,
    "eps": 1.25,
    "epsdiluted": 1.25,
    "weightedAverageShsOut": 66327000,
    "weightedAverageShsOutDil": 67100000,
    "link": null,
    "finalLink": null
  },
  {
    "date": "2002-09-28",
    "symbol": "MHK",
    "reportedCurrency": "USD",
    "cik": "0000851968",
    "fillingDate": "2002-11-08",
    "acceptedDate": "2002-11-07 18:11:51",
    "calendarYear": "2002",
    "period": "Q3",
    "revenue": 1224403000,
    "costOfRevenue": 883746000,
    "grossProfit": 340657000,
    "grossProfitRatio": 0.278222938,
    "researchAndDevelopmentExpenses": 0,
    "generalAndAdministrativeExpenses": 0,
    "sellingAndMarketingExpenses": 0,
    "sellingGeneralAndAdministrativeExpenses": 197779000,
    "otherExpenses": 0,
    "operatingExpenses": 197779000,
    "costAndExpenses": 1081525000,
    "interestIncome": 0,
    "interestExpense": 17314000,
    "depreciationAndAmortization": 25024000,
    "ebitda": 167902000,
    "ebitdaratio": 0.1371296869,
    "operatingIncome": 142878000,
    "operatingIncomeRatio": 0.1166919715,
    "totalOtherIncomeExpensesNet": -17314000,
    "incomeBeforeTax": 125564000,
    "incomeBeforeTaxRatio": 0.1025512025,
    "incomeTaxExpense": 44004000,
    "netIncome": 81560000,
    "netIncomeRatio": 0.066612055,
    "eps": 1.22,
    "epsdiluted": 1.21,
    "weightedAverageShsOut": 66824000,
    "weightedAverageShsOutDil": 67683000,
    "link": "https://www.sec.gov/Archives/edgar/data/851968/000093176302003347/0000931763-02-003347-index.htm",
    "finalLink": "https://www.sec.gov/Archives/edgar/data/851968/000093176302003347/d10q.htm"
  },
  {
    "date": "2002-06-29",
    "symbol": "MHK",
    "reportedCurrency": "USD",
    "cik": "0000851968",
    "fillingDate": "2002-08-09",
    "acceptedDate": "2002-08-09 09:08:43",
    "calendarYear": "2002",
    "period": "Q2",
    "revenue": 1227747000,
    "costOfRevenue": 888561000,
    "grossProfit": 339186000,
    "grossProfitRatio": 0.2762670159,
    "researchAndDevelopmentExpenses": 0,
    "generalAndAdministrativeExpenses": 0,
    "sellingAndMarketingExpenses": 0,
    "sellingGeneralAndAdministrativeExpenses": 200123000,
    "otherExpenses": 0,
    "operatingExpenses": 200123000,
    "costAndExpenses": 1088684000,
    "interestIncome": 0,
    "interestExpense": 19273000,
    "depreciationAndAmortization": 28868000,
    "ebitda": 167931000,
    "ebitdaratio": 0.1367798089,
    "operatingIncome": 139063000,
    "operatingIncomeRatio": 0.1132668213,
    "totalOtherIncomeExpensesNet": -19273000,
    "incomeBeforeTax": 119790000,
    "incomeBeforeTaxRatio": 0.0975689617,
    "incomeTaxExpense": 44272000,
    "netIncome": 75518000,
    "netIncomeRatio": 0.0615094152,
    "eps": 1.12,
    "epsdiluted": 1.1,
    "weightedAverageShsOut": 67485000,
    "weightedAverageShsOutDil": 68618000,
    "link": "https://www.sec.gov/Archives/edgar/data/851968/000093176302002685/0000931763-02-002685-index.htm",
    "finalLink": "https://www.sec.gov/Archives/edgar/data/851968/000093176302002685/d10q.htm"
  },
  {
    "date": "2002-03-30",
    "symbol": "MHK",
    "reportedCurrency": "USD",
    "cik": "0000851968",
    "fillingDate": "2002-05-06",
    "acceptedDate": "2002-05-06 09:59:13",
    "calendarYear": "2002",
    "period": "Q1",
    "revenue": 866710000,
    "costOfRevenue": 652115000,
    "grossProfit": 214595000,
    "grossProfitRatio": 0.2475972355,
    "researchAndDevelopmentExpenses": 0,
    "generalAndAdministrativeExpenses": 0,
    "sellingAndMarketingExpenses": 0,
    "sellingGeneralAndAdministrativeExpenses": 140327000,
    "otherExpenses": 0,
    "operatingExpenses": 140327000,
    "costAndExpenses": 792442000,
    "interestIncome": 0,
    "interestExpense": 5681000,
    "depreciationAndAmortization": 21608000,
    "ebitda": 95876000,
    "ebitdaratio": 0.1106206228,
    "operatingIncome": 74268000,
    "operatingIncomeRatio": 0.0856895617,
    "totalOtherIncomeExpensesNet": -5681000,
    "incomeBeforeTax": 68587000,
    "incomeBeforeTaxRatio": 0.0791348894,
    "incomeTaxExpense": 25377000,
    "netIncome": 43210000,
    "netIncomeRatio": 0.0498551995,
    "eps": 0.8,
    "epsdiluted": 0.8,
    "weightedAverageShsOut": 54256000,
    "weightedAverageShsOutDil": 55956000,
    "link": "https://www.sec.gov/Archives/edgar/data/851968/000093176302001536/0000931763-02-001536-index.htm",
    "finalLink": "https://www.sec.gov/Archives/edgar/data/851968/000093176302001536/d10q.htm"
  },
  {
    "date": "2001-12-31",
    "symbol": "MHK",
    "reportedCurrency": "USD",
    "cik": "0000851968",
    "fillingDate": "2002-03-20",
    "acceptedDate": "2002-03-20 00:00:00",
    "calendarYear": "2001",
    "period": "Q4",
    "revenue": 1004248000,
    "costOfRevenue": 786734000,
    "grossProfit": 217514000,
    "grossProfitRatio": 0.2165939091,
    "researchAndDevelopmentExpenses": 0,
    "generalAndAdministrativeExpenses": 0,
    "sellingAndMarketingExpenses": 0,
    "sellingGeneralAndAdministrativeExpenses": 119931000,
    "otherExpenses": 0,
    "operatingExpenses": 119931000,
    "costAndExpenses": 906665000,
    "interestIncome": 0,
    "interestExpense": 7594000,
    "depreciationAndAmortization": 21471000,
    "ebitda": 119054000,
    "ebitdaratio": 0.1185503979,
    "operatingIncome": 97583000,
    "operatingIncomeRatio": 0.0971702209,
    "totalOtherIncomeExpensesNet": -7594000,
    "incomeBeforeTax": 89989000,
    "incomeBeforeTaxRatio": 0.0896083438,
    "incomeTaxExpense": 30796000,
    "netIncome": 59193000,
    "netIncomeRatio": 0.0589426118,
    "eps": 1.06,
    "epsdiluted": 1.06,
    "weightedAverageShsOut": 56000000,
    "weightedAverageShsOutDil": 56000000,
    "link": "https://www.sec.gov/Archives/edgar/data/851968/000093176302000711/0000931763-02-000711-index.htm",
    "finalLink": "https://www.sec.gov/Archives/edgar/data/851968/000093176302000711/d10k.txt"
  },
  {
    "date": "2001-09-29",
    "symbol": "MHK",
    "reportedCurrency": "USD",
    "cik": "0000851968",
    "fillingDate": "2001-11-07",
    "acceptedDate": "2001-11-07 00:00:00",
    "calendarYear": "2001",
    "period": "Q3",
    "revenue": 907850000,
    "costOfRevenue": 688426000,
    "grossProfit": 219424000,
    "grossProfitRatio": 0.2416963155,
    "researchAndDevelopmentExpenses": 0,
    "generalAndAdministrativeExpenses": 0,
    "sellingAndMarketingExpenses": 0,
    "sellingGeneralAndAdministrativeExpenses": 127016000,
    "otherExpenses": 0,
    "operatingExpenses": 127016000,
    "costAndExpenses": 815442000,
    "interestIncome": 0,
    "interestExpense": 7920000,
    "depreciationAndAmortization": 20677000,
    "ebitda": 113085000,
    "ebitdaratio": 0.1245635292,
    "operatingIncome": 92408000,
    "operatingIncomeRatio": 0.1017877403,
    "totalOtherIncomeExpensesNet": -7920000,
    "incomeBeforeTax": 84488000,
    "incomeBeforeTaxRatio": 0.0930638321,
    "incomeTaxExpense": 28761000,
    "netIncome": 55727000,
    "netIncomeRatio": 0.0613834885,
    "eps": 1.06,
    "epsdiluted": 1.05,
    "weightedAverageShsOut": 52412000,
    "weightedAverageShsOutDil": 53211000,
    "link": "https://www.sec.gov/Archives/edgar/data/851968/000093176301501955/0000931763-01-501955-index.htm",
    "finalLink": "https://www.sec.gov/Archives/edgar/data/851968/000093176301501955/d10q.txt"
  },
  {
    "date": "2001-06-30",
    "symbol": "MHK",
    "reportedCurrency": "USD",
    "cik": "0000851968",
    "fillingDate": "2001-08-03",
    "acceptedDate": "2001-08-03 00:00:00",
    "calendarYear": "2001",
    "period": "Q2",
    "revenue": 864958000,
    "costOfRevenue": 648804000,
    "grossProfit": 216154000,
    "grossProfitRatio": 0.2499011513,
    "researchAndDevelopmentExpenses": 0,
    "generalAndAdministrativeExpenses": 0,
    "sellingAndMarketingExpenses": 0,
    "sellingGeneralAndAdministrativeExpenses": 132593000,
    "otherExpenses": 0,
    "operatingExpenses": 132593000,
    "costAndExpenses": 781397000,
    "interestIncome": 0,
    "interestExpense": 9806000,
    "depreciationAndAmortization": 21076000,
    "ebitda": 104637000,
    "ebitdaratio": 0.1209735039,
    "operatingIncome": 83561000,
    "operatingIncomeRatio": 0.0966070029,
    "totalOtherIncomeExpensesNet": -9806000,
    "incomeBeforeTax": 73755000,
    "incomeBeforeTaxRatio": 0.0852700362,
    "incomeTaxExpense": 27289000,
    "netIncome": 46466000,
    "netIncomeRatio": 0.0537205275,
    "eps": 0.89,
    "epsdiluted": 0.88,
    "weightedAverageShsOut": 52266000,
    "weightedAverageShsOutDil": 52882000,
    "link": "https://www.sec.gov/Archives/edgar/data/851968/000093176301501210/0000931763-01-501210-index.htm",
    "finalLink": "https://www.sec.gov/Archives/edgar/data/851968/000093176301501210/d10q.txt"
  },
  {
    "date": "2001-03-31",
    "symbol": "MHK",
    "reportedCurrency": "USD",
    "cik": "0000851968",
    "fillingDate": "2001-05-11",
    "acceptedDate": "2001-05-11 00:00:00",
    "calendarYear": "2001",
    "period": "Q1",
    "revenue": 777339000,
    "costOfRevenue": 600017000,
    "grossProfit": 177322000,
    "grossProfitRatio": 0.2281141175,
    "researchAndDevelopmentExpenses": 0,
    "generalAndAdministrativeExpenses": 0,
    "sellingAndMarketingExpenses": 0,
    "sellingGeneralAndAdministrativeExpenses": 123717000,
    "otherExpenses": 0,
    "operatingExpenses": 123717000,
    "costAndExpenses": 723734000,
    "interestIncome": 0,
    "interestExpense": 10421000,
    "depreciationAndAmortization": 20943000,
    "ebitda": 74548000,
    "ebitdaratio": 0.0959015307,
    "operatingIncome": 53605000,
    "operatingIncomeRatio": 0.0689596174,
    "totalOtherIncomeExpensesNet": -10421000,
    "incomeBeforeTax": 43184000,
    "incomeBeforeTaxRatio": 0.0555536259,
    "incomeTaxExpense": 15978000,
    "netIncome": 27206000,
    "netIncomeRatio": 0.0349988872,
    "eps": 0.52,
    "epsdiluted": 0.51,
    "weightedAverageShsOut": 52361000,
    "weightedAverageShsOutDil": 52970000,
    "link": "https://www.sec.gov/Archives/edgar/data/851968/000093176301500556/0000931763-01-500556-index.htm",
    "finalLink": "https://www.sec.gov/Archives/edgar/data/851968/000093176301500556/d10q.txt"
  },
  {
    "date": "2000-12-31",
    "symbol": "MHK",
    "reportedCurrency": "USD",
    "cik": "0000851968",
    "fillingDate": "2001-03-09",
    "acceptedDate": "2001-03-09 00:00:00",
    "calendarYear": "2000",
    "period": "Q4",
    "revenue": 799441000,
    "costOfRevenue": 576322000,
    "grossProfit": 223119000,
    "grossProfitRatio": 0.2790937668,
    "researchAndDevelopmentExpenses": 0,
    "generalAndAdministrativeExpenses": 0,
    "sellingAndMarketingExpenses": 0,
    "sellingGeneralAndAdministrativeExpenses": 126755000,
    "otherExpenses": 20935000,
    "operatingExpenses": 147690000,
    "costAndExpenses": 724012000,
    "interestIncome": 0,
    "interestExpense": 11065000,
    "depreciationAndAmortization": 20935000,
    "ebitda": 96364000,
    "ebitdaratio": 0.1205392268,
    "operatingIncome": 75429000,
    "operatingIncomeRatio": 0.0943521786,
    "totalOtherIncomeExpensesNet": -11065000,
    "incomeBeforeTax": 64364000,
    "incomeBeforeTaxRatio": 0.0805112572,
    "incomeTaxExpense": 25102000,
    "netIncome": 39262000,
    "netIncomeRatio": 0.0491118169,
    "eps": 0.75,
    "epsdiluted": 0.75,
    "weightedAverageShsOut": 52361000,
    "weightedAverageShsOutDil": 52361000,
    "link": "https://www.sec.gov/Archives/edgar/data/851968/000093176301000389/0000931763-01-000389-index.htm",
    "finalLink": "https://www.sec.gov/Archives/edgar/data/851968/000093176301000389/0000931763-01-000389-0001.txt"
  },
  {
    "date": "2000-09-30",
    "symbol": "MHK",
    "reportedCurrency": "USD",
    "cik": "0000851968",
    "fillingDate": "2000-11-03",
    "acceptedDate": "2000-11-03 00:00:00",
    "calendarYear": "2000",
    "period": "Q3",
    "revenue": 838514000,
    "costOfRevenue": 604702000,
    "grossProfit": 233812000,
    "grossProfitRatio": 0.2788409019,
    "researchAndDevelopmentExpenses": 0,
    "generalAndAdministrativeExpenses": 0,
    "sellingAndMarketingExpenses": 0,
    "sellingGeneralAndAdministrativeExpenses": 127151000,
    "otherExpenses": 19592000,
    "operatingExpenses": 146743000,
    "costAndExpenses": 751445000,
    "interestIncome": 0,
    "interestExpense": 18019000,
    "depreciationAndAmortization": 19592000,
    "ebitda": 106661000,
    "ebitdaratio": 0.1272024081,
    "operatingIncome": 87069000,
    "operatingIncomeRatio": 0.1038372645,
    "totalOtherIncomeExpensesNet": -18019000,
    "incomeBeforeTax": 69050000,
    "incomeBeforeTaxRatio": 0.0823480586,
    "incomeTaxExpense": 26913000,
    "netIncome": 42137000,
    "netIncomeRatio": 0.0502519934,
    "eps": 0.79,
    "epsdiluted": 0.79,
    "weightedAverageShsOut": 53097000,
    "weightedAverageShsOutDil": 53634000,
    "link": "https://www.sec.gov/Archives/edgar/data/851968/000093176300002367/0000931763-00-002367-index.htm",
    "finalLink": "https://www.sec.gov/Archives/edgar/data/851968/000093176300002367/0000931763-00-002367-0001.txt"
  },
  {
    "date": "2000-07-01",
    "symbol": "MHK",
    "reportedCurrency": "USD",
    "cik": "0000851968",
    "fillingDate": "2000-08-04",
    "acceptedDate": "2000-08-04 00:00:00",
    "calendarYear": "2000",
    "period": "Q2",
    "revenue": 852808000,
    "costOfRevenue": 615982000,
    "grossProfit": 236826000,
    "grossProfitRatio": 0.2777014287,
    "researchAndDevelopmentExpenses": 0,
    "generalAndAdministrativeExpenses": 0,
    "sellingAndMarketingExpenses": 0,
    "sellingGeneralAndAdministrativeExpenses": 126971000,
    "otherExpenses": 20944000,
    "operatingExpenses": 147915000,
    "costAndExpenses": 763897000,
    "interestIncome": 0,
    "interestExpense": 10889000,
    "depreciationAndAmortization": 20944000,
    "ebitda": 109855000,
    "ebitdaratio": 0.1288156302,
    "operatingIncome": 88911000,
    "operatingIncomeRatio": 0.1042567612,
    "totalOtherIncomeExpensesNet": -10889000,
    "incomeBeforeTax": 78022000,
    "incomeBeforeTaxRatio": 0.0914883538,
    "incomeTaxExpense": 30819000,
    "netIncome": 47203000,
    "netIncomeRatio": 0.0553500905,
    "eps": 0.88,
    "epsdiluted": 0.87,
    "weightedAverageShsOut": 53836000,
    "weightedAverageShsOutDil": 54336000,
    "link": "https://www.sec.gov/Archives/edgar/data/851968/000093176300001820/0000931763-00-001820-index.htm",
    "finalLink": "https://www.sec.gov/Archives/edgar/data/851968/000093176300001820/0000931763-00-001820-0001.txt"
  },
  {
    "date": "2000-04-01",
    "symbol": "MHK",
    "reportedCurrency": "USD",
    "cik": "0000851968",
    "fillingDate": "2000-05-05",
    "acceptedDate": "2000-05-05 00:00:00",
    "calendarYear": "2000",
    "period": "Q1",
    "revenue": 765083000,
    "costOfRevenue": 553645000,
    "grossProfit": 211438000,
    "grossProfitRatio": 0.2763595584,
    "researchAndDevelopmentExpenses": 0,
    "generalAndAdministrativeExpenses": 0,
    "sellingAndMarketingExpenses": 0,
    "sellingGeneralAndAdministrativeExpenses": 124857000,
    "otherExpenses": 20875000,
    "operatingExpenses": 145732000,
    "costAndExpenses": 699377000,
    "interestIncome": 0,
    "interestExpense": 9513000,
    "depreciationAndAmortization": 20875000,
    "ebitda": 86581000,
    "ebitdaratio": 0.1131654997,
    "operatingIncome": 65706000,
    "operatingIncomeRatio": 0.0858808783,
    "totalOtherIncomeExpensesNet": -9513000,
    "incomeBeforeTax": 56193000,
    "incomeBeforeTaxRatio": 0.0734469332,
    "incomeTaxExpense": 22196000,
    "netIncome": 33997000,
    "netIncomeRatio": 0.0444357017,
    "eps": 0.61,
    "epsdiluted": 0.61,
    "weightedAverageShsOut": 55611000,
    "weightedAverageShsOutDil": 55611000,
    "link": "https://www.sec.gov/Archives/edgar/data/851968/000093176300001180/0000931763-00-001180-index.html",
    "finalLink": "https://www.sec.gov/Archives/edgar/data/851968/000093176300001180/"
  },
  {
    "date": "1999-12-31",
    "symbol": "MHK",
    "reportedCurrency": "USD",
    "cik": "0000851968",
    "fillingDate": "2000-03-10",
    "acceptedDate": "2000-03-10 00:00:00",
    "calendarYear": "1999",
    "period": "Q4",
    "revenue": 775600000,
    "costOfRevenue": 552000000,
    "grossProfit": 223600000,
    "grossProfitRatio": 0.2882929345,
    "researchAndDevelopmentExpenses": 0,
    "generalAndAdministrativeExpenses": 0,
    "sellingAndMarketingExpenses": 0,
    "sellingGeneralAndAdministrativeExpenses": 120200000,
    "otherExpenses": 29200000,
    "operatingExpenses": 149400000,
    "costAndExpenses": 701400000,
    "interestIncome": 0,
    "interestExpense": 7800000,
    "depreciationAndAmortization": 29200000,
    "ebitda": 103400000,
    "ebitdaratio": 0.1333161423,
    "operatingIncome": 74200000,
    "operatingIncomeRatio": 0.09566787,
    "totalOtherIncomeExpensesNet": -7800000,
    "incomeBeforeTax": 66400000,
    "incomeBeforeTaxRatio": 0.0856111398,
    "incomeTaxExpense": 26300000,
    "netIncome": 40100000,
    "netIncomeRatio": 0.0517019082,
    "eps": 0.66,
    "epsdiluted": 0.66,
    "weightedAverageShsOut": 61100000,
    "weightedAverageShsOutDil": 61100000,
    "link": "https://www.sec.gov/Archives/edgar/data/851968/000093176300000482/0000931763-00-000482-index.html",
    "finalLink": "https://www.sec.gov/Archives/edgar/data/851968/000093176300000482/"
  },
  {
    "date": "1999-10-02",
    "symbol": "MHK",
    "reportedCurrency": "USD",
    "cik": "0000851968",
    "fillingDate": "1999-11-08",
    "acceptedDate": "1999-11-08 00:00:00",
    "calendarYear": "1999",
    "period": "Q3",
    "revenue": 809900000,
    "costOfRevenue": 581900000,
    "grossProfit": 228000000,
    "grossProfitRatio": 0.2815162366,
    "researchAndDevelopmentExpenses": 0,
    "generalAndAdministrativeExpenses": 0,
    "sellingAndMarketingExpenses": 0,
    "sellingGeneralAndAdministrativeExpenses": 119300000,
    "otherExpenses": 24800000,
    "operatingExpenses": 144100000,
    "costAndExpenses": 726000000,
    "interestIncome": 0,
    "interestExpense": 9400000,
    "depreciationAndAmortization": 24847000,
    "ebitda": 108747000,
    "ebitdaratio": 0.1342721324,
    "operatingIncome": 83900000,
    "operatingIncomeRatio": 0.1035930362,
    "totalOtherIncomeExpensesNet": -9400000,
    "incomeBeforeTax": 74500000,
    "incomeBeforeTaxRatio": 0.091986665,
    "incomeTaxExpense": 29400000,
    "netIncome": 45100000,
    "netIncomeRatio": 0.0556858871,
    "eps": 0.74,
    "epsdiluted": 0.74,
    "weightedAverageShsOut": 60945946,
    "weightedAverageShsOutDil": 60945946,
    "link": "https://www.sec.gov/Archives/edgar/data/851968/000093176399003036/0000931763-99-003036-index.html",
    "finalLink": "https://www.sec.gov/Archives/edgar/data/851968/000093176399003036/"
  },
  {
    "date": "1999-07-03",
    "symbol": "MHK",
    "reportedCurrency": "USD",
    "cik": "0000851968",
    "fillingDate": "1999-08-10",
    "acceptedDate": "1999-08-10 00:00:00",
    "calendarYear": "1999",
    "period": "Q2",
    "revenue": 790617000,
    "costOfRevenue": 560700000,
    "grossProfit": 229917000,
    "grossProfitRatio": 0.2908070532,
    "researchAndDevelopmentExpenses": 0,
    "generalAndAdministrativeExpenses": 0,
    "sellingAndMarketingExpenses": 0,
    "sellingGeneralAndAdministrativeExpenses": 121400000,
    "otherExpenses": 27800000,
    "operatingExpenses": 149200000,
    "costAndExpenses": 709900000,
    "interestIncome": 0,
    "interestExpense": 8000000,
    "depreciationAndAmortization": 27780000,
    "ebitda": 108517000,
    "ebitdaratio": 0.1372560924,
    "operatingIncome": 80717000,
    "operatingIncomeRatio": 0.1020936813,
    "totalOtherIncomeExpensesNet": -7817000,
    "incomeBeforeTax": 72900000,
    "incomeBeforeTaxRatio": 0.0922064666,
    "incomeTaxExpense": 28800000,
    "netIncome": 44100000,
    "netIncomeRatio": 0.0557792205,
    "eps": 0.73,
    "epsdiluted": 0.72,
    "weightedAverageShsOut": 60410959,
    "weightedAverageShsOutDil": 61250000,
    "link": "https://www.sec.gov/Archives/edgar/data/851968/000093176399002279/0000931763-99-002279-index.html",
    "finalLink": "https://www.sec.gov/Archives/edgar/data/851968/000093176399002279/"
  },
  {
    "date": "1999-04-03",
    "symbol": "MHK",
    "reportedCurrency": "USD",
    "cik": "0000851968",
    "fillingDate": "1999-05-17",
    "acceptedDate": "1999-05-17 00:00:00",
    "calendarYear": "1999",
    "period": "Q1",
    "revenue": 707167000,
    "costOfRevenue": 505365000,
    "grossProfit": 201802000,
    "grossProfitRatio": 0.2853668228,
    "researchAndDevelopmentExpenses": 0,
    "generalAndAdministrativeExpenses": 0,
    "sellingAndMarketingExpenses": 0,
    "sellingGeneralAndAdministrativeExpenses": 122665000,
    "otherExpenses": 23473000,
    "operatingExpenses": 146138000,
    "costAndExpenses": 651503000,
    "interestIncome": 0,
    "interestExpense": 9300000,
    "depreciationAndAmortization": 23473000,
    "ebitda": 79137000,
    "ebitdaratio": 0.1119070884,
    "operatingIncome": 55664000,
    "operatingIncomeRatio": 0.0787140803,
    "totalOtherIncomeExpensesNet": -9562000,
    "incomeBeforeTax": 46102000,
    "incomeBeforeTaxRatio": 0.0651925217,
    "incomeTaxExpense": 18400000,
    "netIncome": 27900000,
    "netIncomeRatio": 0.0394531985,
    "eps": 0.46,
    "epsdiluted": 0.46,
    "weightedAverageShsOut": 60634783,
    "weightedAverageShsOutDil": 60634783,
    "link": "https://www.sec.gov/Archives/edgar/data/851968/000093176399001717/0000931763-99-001717-index.html",
    "finalLink": "https://www.sec.gov/Archives/edgar/data/851968/"
  },
  {
    "date": "1998-12-31",
    "symbol": "MHK",
    "reportedCurrency": "USD",
    "cik": "0000851968",
    "fillingDate": "1999-03-10",
    "acceptedDate": "1999-03-10 00:00:00",
    "calendarYear": "1998",
    "period": "Q4",
    "revenue": 1056700000,
    "costOfRevenue": 788000000,
    "grossProfit": 268700000,
    "grossProfitRatio": 0.2542821993,
    "researchAndDevelopmentExpenses": 0,
    "generalAndAdministrativeExpenses": 0,
    "sellingAndMarketingExpenses": 0,
    "sellingGeneralAndAdministrativeExpenses": 162100000,
    "otherExpenses": 19300000,
    "operatingExpenses": 181400000,
    "costAndExpenses": 969400000,
    "interestIncome": 0,
    "interestExpense": 33500000,
    "depreciationAndAmortization": 19300000,
    "ebitda": 106600000,
    "ebitdaratio": 0.1008800984,
    "operatingIncome": 87300000,
    "operatingIncomeRatio": 0.0826156904,
    "totalOtherIncomeExpensesNet": -33500000,
    "incomeBeforeTax": 53800000,
    "incomeBeforeTaxRatio": 0.0509132204,
    "incomeTaxExpense": 24000000,
    "netIncome": 29800000,
    "netIncomeRatio": 0.0282010031,
    "eps": 0.49,
    "epsdiluted": 0.49,
    "weightedAverageShsOut": 60162604,
    "weightedAverageShsOutDil": 61200000,
    "link": "https://www.sec.gov/Archives/edgar/data/851968/000093176399000698/0000931763-99-000698-index.html",
    "finalLink": "https://www.sec.gov/Archives/edgar/data/851968/"
  },
  {
    "date": "1998-09-26",
    "symbol": "MHK",
    "reportedCurrency": "USD",
    "cik": "0000851968",
    "fillingDate": "1998-11-10",
    "acceptedDate": "1998-11-10 00:00:00",
    "calendarYear": "1998",
    "period": "Q3",
    "revenue": 718800000,
    "costOfRevenue": 525000000,
    "grossProfit": 193800000,
    "grossProfitRatio": 0.2696160267,
    "researchAndDevelopmentExpenses": 0,
    "generalAndAdministrativeExpenses": 0,
    "sellingAndMarketingExpenses": 0,
    "sellingGeneralAndAdministrativeExpenses": 108300000,
    "otherExpenses": 16000000,
    "operatingExpenses": 124300000,
    "costAndExpenses": 649300000,
    "interestIncome": 0,
    "interestExpense": 5800000,
    "depreciationAndAmortization": 19500000,
    "ebitda": 89000000,
    "ebitdaratio": 0.1238174736,
    "operatingIncome": 69500000,
    "operatingIncomeRatio": 0.096688926,
    "totalOtherIncomeExpensesNet": -8000000,
    "incomeBeforeTax": 61500000,
    "incomeBeforeTaxRatio": 0.0855592654,
    "incomeTaxExpense": 21200000,
    "netIncome": 32500000,
    "netIncomeRatio": 0.045214246,
    "eps": 0.62,
    "epsdiluted": 0.61,
    "weightedAverageShsOut": 59838710,
    "weightedAverageShsOutDil": 60819672,
    "link": "https://www.sec.gov/Archives/edgar/data/851968/000093176398002800/0000931763-98-002800-index.html",
    "finalLink": "https://www.sec.gov/Archives/edgar/data/851968/"
  },
  {
    "date": "1998-06-27",
    "symbol": "MHK",
    "reportedCurrency": "USD",
    "cik": "0000851968",
    "fillingDate": "1998-07-24",
    "acceptedDate": "1998-07-24 00:00:00",
    "calendarYear": "1998",
    "period": "Q2",
    "revenue": 689400000,
    "costOfRevenue": 494700000,
    "grossProfit": 194700000,
    "grossProfitRatio": 0.2824194952,
    "researchAndDevelopmentExpenses": 0,
    "generalAndAdministrativeExpenses": 0,
    "sellingAndMarketingExpenses": 0,
    "sellingGeneralAndAdministrativeExpenses": 110000000,
    "otherExpenses": 16700000,
    "operatingExpenses": 126700000,
    "costAndExpenses": 621400000,
    "interestIncome": 0,
    "interestExpense": 6500000,
    "depreciationAndAmortization": 20200000,
    "ebitda": 88200000,
    "ebitdaratio": 0.1279373368,
    "operatingIncome": 68000000,
    "operatingIncomeRatio": 0.0986364955,
    "totalOtherIncomeExpensesNet": -9100000,
    "incomeBeforeTax": 58900000,
    "incomeBeforeTaxRatio": 0.0854366115,
    "incomeTaxExpense": 20000000,
    "netIncome": 30600000,
    "netIncomeRatio": 0.044386423,
    "eps": 0.6,
    "epsdiluted": 0.59,
    "weightedAverageShsOut": 59833333,
    "weightedAverageShsOutDil": 60847458,
    "link": "https://www.sec.gov/Archives/edgar/data/851968/000093176398001920/0000931763-98-001920-index.html",
    "finalLink": "https://www.sec.gov/Archives/edgar/data/851968/"
  },
  {
    "date": "1998-03-28",
    "symbol": "MHK",
    "reportedCurrency": "USD",
    "cik": "0000851968",
    "fillingDate": "1998-05-01",
    "acceptedDate": "1998-05-01 00:00:00",
    "calendarYear": "1998",
    "period": "Q1",
    "revenue": 589500000,
    "costOfRevenue": 433300000,
    "grossProfit": 156200000,
    "grossProfitRatio": 0.2649703138,
    "researchAndDevelopmentExpenses": 0,
    "generalAndAdministrativeExpenses": 0,
    "sellingAndMarketingExpenses": 0,
    "sellingGeneralAndAdministrativeExpenses": 98500000,
    "otherExpenses": 19500000,
    "operatingExpenses": 118000000,
    "costAndExpenses": 551300000,
    "interestIncome": 0,
    "interestExpense": 5800000,
    "depreciationAndAmortization": 19500000,
    "ebitda": 57700000,
    "ebitdaratio": 0.0978795589,
    "operatingIncome": 38200000,
    "operatingIncomeRatio": 0.0648006785,
    "totalOtherIncomeExpensesNet": -7900000,
    "incomeBeforeTax": 30300000,
    "incomeBeforeTaxRatio": 0.0513994911,
    "incomeTaxExpense": 9600000,
    "netIncome": 14700000,
    "netIncomeRatio": 0.0249363868,
    "eps": 0.28,
    "epsdiluted": 0.28,
    "weightedAverageShsOut": 61071429,
    "weightedAverageShsOutDil": 61071429,
    "link": "https://www.sec.gov/Archives/edgar/data/851968/000093176398001160/0000931763-98-001160-index.html",
    "finalLink": "https://www.sec.gov/Archives/edgar/data/851968/"
  },
  {
    "date": "1997-12-31",
    "symbol": "MHK",
    "reportedCurrency": "USD",
    "cik": "0000851968",
    "fillingDate": "1998-03-17",
    "acceptedDate": "1998-03-17 00:00:00",
    "calendarYear": "1997",
    "period": "Q4",
    "revenue": 516200000,
    "costOfRevenue": 382700000,
    "grossProfit": 133500000,
    "grossProfitRatio": 0.2586206897,
    "researchAndDevelopmentExpenses": 0,
    "generalAndAdministrativeExpenses": 0,
    "sellingAndMarketingExpenses": 0,
    "sellingGeneralAndAdministrativeExpenses": 76700000,
    "otherExpenses": 14000000,
    "operatingExpenses": 90700000,
    "costAndExpenses": 473400000,
    "interestIncome": 0,
    "interestExpense": 10900000,
    "depreciationAndAmortization": 14000000,
    "ebitda": 56800000,
    "ebitdaratio": 0.1100348702,
    "operatingIncome": 42800000,
    "operatingIncomeRatio": 0.0829135994,
    "totalOtherIncomeExpensesNet": -10900000,
    "incomeBeforeTax": 31900000,
    "incomeBeforeTaxRatio": 0.0617977528,
    "incomeTaxExpense": 12600000,
    "netIncome": 19300000,
    "netIncomeRatio": 0.0373886091,
    "eps": 0.32,
    "epsdiluted": 0.32,
    "weightedAverageShsOut": 61000000,
    "weightedAverageShsOutDil": 61000000,
    "link": "https://www.sec.gov/Archives/edgar/data/851968/000093176398000627/0000931763-98-000627-index.html",
    "finalLink": "https://www.sec.gov/Archives/edgar/data/851968/"
  },
  {
    "date": "1997-09-27",
    "symbol": "MHK",
    "reportedCurrency": "USD",
    "cik": "0000851968",
    "fillingDate": "1997-10-22",
    "acceptedDate": "1997-10-22 00:00:00",
    "calendarYear": "1997",
    "period": "Q3",
    "revenue": 500800000,
    "costOfRevenue": 369000000,
    "grossProfit": 131800000,
    "grossProfitRatio": 0.2631789137,
    "researchAndDevelopmentExpenses": 0,
    "generalAndAdministrativeExpenses": 0,
    "sellingAndMarketingExpenses": 0,
    "sellingGeneralAndAdministrativeExpenses": 74400000,
    "otherExpenses": 15300000,
    "operatingExpenses": 89700000,
    "costAndExpenses": 458700000,
    "interestIncome": 0,
    "interestExpense": 7600000,
    "depreciationAndAmortization": 15300000,
    "ebitda": 57400000,
    "ebitdaratio": 0.1146166134,
    "operatingIncome": 42100000,
    "operatingIncomeRatio": 0.0840654952,
    "totalOtherIncomeExpensesNet": -7600000,
    "incomeBeforeTax": 34500000,
    "incomeBeforeTaxRatio": 0.0688897764,
    "incomeTaxExpense": 13600000,
    "netIncome": 20900000,
    "netIncomeRatio": 0.0417332268,
    "eps": 0.4,
    "epsdiluted": 0.4,
    "weightedAverageShsOut": 52250000,
    "weightedAverageShsOutDil": 52250000,
    "link": "https://www.sec.gov/Archives/edgar/data/851968/000093176397001754/0000931763-97-001754-index.html",
    "finalLink": "https://www.sec.gov/Archives/edgar/data/851968/"
  },
  {
    "date": "1997-06-28",
    "symbol": "MHK",
    "reportedCurrency": "USD",
    "cik": "0000851968",
    "fillingDate": "1997-08-07",
    "acceptedDate": "1997-08-07 00:00:00",
    "calendarYear": "1997",
    "period": "Q2",
    "revenue": 479200000,
    "costOfRevenue": 349400000,
    "grossProfit": 129800000,
    "grossProfitRatio": 0.2708681135,
    "researchAndDevelopmentExpenses": 0,
    "generalAndAdministrativeExpenses": 0,
    "sellingAndMarketingExpenses": 0,
    "sellingGeneralAndAdministrativeExpenses": 74500000,
    "otherExpenses": 14900000,
    "operatingExpenses": 89400000,
    "costAndExpenses": 438800000,
    "interestIncome": 0,
    "interestExpense": 9400000,
    "depreciationAndAmortization": 14900000,
    "ebitda": 55300000,
    "ebitdaratio": 0.1154006678,
    "operatingIncome": 40400000,
    "operatingIncomeRatio": 0.0843071786,
    "totalOtherIncomeExpensesNet": -8500000,
    "incomeBeforeTax": 31900000,
    "incomeBeforeTaxRatio": 0.0665692821,
    "incomeTaxExpense": 12600000,
    "netIncome": 19300000,
    "netIncomeRatio": 0.0402754591,
    "eps": 0.37,
    "epsdiluted": 0.37,
    "weightedAverageShsOut": 52162162,
    "weightedAverageShsOutDil": 52162162,
    "link": "https://www.sec.gov/Archives/edgar/data/851968/000093176397001290/0000931763-97-001290-index.html",
    "finalLink": "https://www.sec.gov/Archives/edgar/data/851968/"
  },
  {
    "date": "1997-03-29",
    "symbol": "MHK",
    "reportedCurrency": "USD",
    "cik": "0000851968",
    "fillingDate": "1997-05-07",
    "acceptedDate": "1997-05-07 00:00:00",
    "calendarYear": "1997",
    "period": "Q1",
    "revenue": 412800000,
    "costOfRevenue": 303800000,
    "grossProfit": 109000000,
    "grossProfitRatio": 0.2640503876,
    "researchAndDevelopmentExpenses": 0,
    "generalAndAdministrativeExpenses": 0,
    "sellingAndMarketingExpenses": 0,
    "sellingGeneralAndAdministrativeExpenses": 72000000,
    "otherExpenses": 15100000,
    "operatingExpenses": 87100000,
    "costAndExpenses": 390900000,
    "interestIncome": 0,
    "interestExpense": 7800000,
    "depreciationAndAmortization": 15100000,
    "ebitda": 37000000,
    "ebitdaratio": 0.0896317829,
    "operatingIncome": 21900000,
    "operatingIncomeRatio": 0.0530523256,
    "totalOtherIncomeExpensesNet": -7800000,
    "incomeBeforeTax": 14100000,
    "incomeBeforeTaxRatio": 0.0341569767,
    "incomeTaxExpense": 5600000,
    "netIncome": 8500000,
    "netIncomeRatio": 0.0205910853,
    "eps": 0.17,
    "epsdiluted": 0.16,
    "weightedAverageShsOut": 50000000,
    "weightedAverageShsOutDil": 53125000,
    "link": "https://www.sec.gov/Archives/edgar/data/851968/000093176397000711/0000931763-97-000711-index.html",
    "finalLink": "https://www.sec.gov/Archives/edgar/data/851968/"
  },
  {
    "date": "1996-12-31",
    "symbol": "MHK",
    "reportedCurrency": "USD",
    "cik": "0000851968",
    "fillingDate": "1997-03-07",
    "acceptedDate": "1997-03-07 00:00:00",
    "calendarYear": "1996",
    "period": "Q4",
    "revenue": 465700000,
    "costOfRevenue": 338800000,
    "grossProfit": 126900000,
    "grossProfitRatio": 0.2724930213,
    "researchAndDevelopmentExpenses": 0,
    "generalAndAdministrativeExpenses": 0,
    "sellingAndMarketingExpenses": 0,
    "sellingGeneralAndAdministrativeExpenses": 81500000,
    "otherExpenses": 13800000,
    "operatingExpenses": 95300000,
    "costAndExpenses": 434100000,
    "interestIncome": 0,
    "interestExpense": 9100000,
    "depreciationAndAmortization": 13800000,
    "ebitda": 45400000,
    "ebitdaratio": 0.097487653,
    "operatingIncome": 31600000,
    "operatingIncomeRatio": 0.0678548422,
    "totalOtherIncomeExpensesNet": -9100000,
    "incomeBeforeTax": 22500000,
    "incomeBeforeTaxRatio": 0.0483143655,
    "incomeTaxExpense": 9900000,
    "netIncome": 12600000,
    "netIncomeRatio": 0.0270560447,
    "eps": 0.24,
    "epsdiluted": 0.24,
    "weightedAverageShsOut": 52300000,
    "weightedAverageShsOutDil": 52300000,
    "link": "https://www.sec.gov/Archives/edgar/data/851968/000093176397000262/0000931763-97-000262-index.html",
    "finalLink": "https://www.sec.gov/Archives/edgar/data/851968/"
  },
  {
    "date": "1996-09-28",
    "symbol": "MHK",
    "reportedCurrency": "USD",
    "cik": "0000851968",
    "fillingDate": "1996-11-12",
    "acceptedDate": "1996-11-12 00:00:00",
    "calendarYear": "1996",
    "period": "Q3",
    "revenue": 471200000,
    "costOfRevenue": 347600000,
    "grossProfit": 123600000,
    "grossProfitRatio": 0.2623089983,
    "researchAndDevelopmentExpenses": 0,
    "generalAndAdministrativeExpenses": 0,
    "sellingAndMarketingExpenses": 0,
    "sellingGeneralAndAdministrativeExpenses": 76100000,
    "otherExpenses": 14300000,
    "operatingExpenses": 90400000,
    "costAndExpenses": 438000000,
    "interestIncome": 0,
    "interestExpense": 9500000,
    "depreciationAndAmortization": 14300000,
    "ebitda": 47500000,
    "ebitdaratio": 0.1008064516,
    "operatingIncome": 33200000,
    "operatingIncomeRatio": 0.0704584041,
    "totalOtherIncomeExpensesNet": -8700000,
    "incomeBeforeTax": 24500000,
    "incomeBeforeTaxRatio": 0.0519949066,
    "incomeTaxExpense": 9700000,
    "netIncome": 14800000,
    "netIncomeRatio": 0.0314091681,
    "eps": 0.29,
    "epsdiluted": 0.28,
    "weightedAverageShsOut": 51034483,
    "weightedAverageShsOutDil": 52857143,
    "link": "https://www.sec.gov/Archives/edgar/data/851968/000095010996007303/0000950109-96-007303-index.html",
    "finalLink": "https://www.sec.gov/Archives/edgar/data/851968/"
  },
  {
    "date": "1996-06-29",
    "symbol": "MHK",
    "reportedCurrency": "USD",
    "cik": "0000851968",
    "fillingDate": "1996-08-02",
    "acceptedDate": "1996-08-02 00:00:00",
    "calendarYear": "1996",
    "period": "Q2",
    "revenue": 474600000,
    "costOfRevenue": 344100000,
    "grossProfit": 130500000,
    "grossProfitRatio": 0.2749683944,
    "researchAndDevelopmentExpenses": 0,
    "generalAndAdministrativeExpenses": 0,
    "sellingAndMarketingExpenses": 0,
    "sellingGeneralAndAdministrativeExpenses": 80200000,
    "otherExpenses": 13300000,
    "operatingExpenses": 93500000,
    "costAndExpenses": 437600000,
    "interestIncome": 0,
    "interestExpense": 9900000,
    "depreciationAndAmortization": 13300000,
    "ebitda": 50300000,
    "ebitdaratio": 0.1059839865,
    "operatingIncome": 37000000,
    "operatingIncomeRatio": 0.0779603877,
    "totalOtherIncomeExpensesNet": -9900000,
    "incomeBeforeTax": 27100000,
    "incomeBeforeTaxRatio": 0.0571007164,
    "incomeTaxExpense": 10700000,
    "netIncome": 16400000,
    "netIncomeRatio": 0.0345554151,
    "eps": 0.32,
    "epsdiluted": 0.32,
    "weightedAverageShsOut": 51250000,
    "weightedAverageShsOutDil": 51250000,
    "link": "https://www.sec.gov/Archives/edgar/data/851968/000093176396000396/0000931763-96-000396-index.html",
    "finalLink": "https://www.sec.gov/Archives/edgar/data/851968/"
  },
  {
    "date": "1996-03-30",
    "symbol": "MHK",
    "reportedCurrency": "USD",
    "cik": "0000851968",
    "fillingDate": "1996-05-07",
    "acceptedDate": "1996-05-07 00:00:00",
    "calendarYear": "1996",
    "period": "Q1",
    "revenue": 383700000,
    "costOfRevenue": 282700000,
    "grossProfit": 101000000,
    "grossProfitRatio": 0.263226479,
    "researchAndDevelopmentExpenses": 0,
    "generalAndAdministrativeExpenses": 0,
    "sellingAndMarketingExpenses": 0,
    "sellingGeneralAndAdministrativeExpenses": 69100000,
    "otherExpenses": 13800000,
    "operatingExpenses": 82900000,
    "costAndExpenses": 365600000,
    "interestIncome": 0,
    "interestExpense": 9300000,
    "depreciationAndAmortization": 13800000,
    "ebitda": 31900000,
    "ebitdaratio": 0.0831378681,
    "operatingIncome": 18100000,
    "operatingIncomeRatio": 0.04717227,
    "totalOtherIncomeExpensesNet": -9300000,
    "incomeBeforeTax": 8800000,
    "incomeBeforeTaxRatio": 0.0229345843,
    "incomeTaxExpense": 3500000,
    "netIncome": 5300000,
    "netIncomeRatio": 0.0138128746,
    "eps": 0.11,
    "epsdiluted": 0.1,
    "weightedAverageShsOut": 48181818,
    "weightedAverageShsOutDil": 53000000,
    "link": "https://www.sec.gov/Archives/edgar/data/851968/000093176396000157/0000931763-96-000157-index.html",
    "finalLink": "https://www.sec.gov/Archives/edgar/data/851968/"
  },
  {
    "date": "1995-12-31",
    "symbol": "MHK",
    "reportedCurrency": "USD",
    "cik": "0000851968",
    "fillingDate": "1995-12-31",
    "acceptedDate": "1995-12-31 00:00:00",
    "calendarYear": "1995",
    "period": "Q4",
    "revenue": 415100000,
    "costOfRevenue": 311500000,
    "grossProfit": 103600000,
    "grossProfitRatio": 0.2495784148,
    "researchAndDevelopmentExpenses": 0,
    "generalAndAdministrativeExpenses": 0,
    "sellingAndMarketingExpenses": 0,
    "sellingGeneralAndAdministrativeExpenses": 99600000,
    "otherExpenses": 11600000,
    "operatingExpenses": 111200000,
    "costAndExpenses": 422700000,
    "interestIncome": 0,
    "interestExpense": 9100000,
    "depreciationAndAmortization": 11600000,
    "ebitda": 4000000,
    "ebitdaratio": 0.0096362322,
    "operatingIncome": -7600000,
    "operatingIncomeRatio": -0.0183088412,
    "totalOtherIncomeExpensesNet": -9100000,
    "incomeBeforeTax": -16700000,
    "incomeBeforeTaxRatio": -0.0402312696,
    "incomeTaxExpense": -6500000,
    "netIncome": -10200000,
    "netIncomeRatio": -0.0245723922,
    "eps": -0.2,
    "epsdiluted": -0.2,
    "weightedAverageShsOut": 50769231,
    "weightedAverageShsOutDil": 50769231,
    "link": null,
    "finalLink": null
  },
  {
    "date": "1995-09-30",
    "symbol": "MHK",
    "reportedCurrency": "USD",
    "cik": "0000851968",
    "fillingDate": "1995-09-30",
    "acceptedDate": "1995-09-30 00:00:00",
    "calendarYear": "1995",
    "period": "Q3",
    "revenue": 425300000,
    "costOfRevenue": 321300000,
    "grossProfit": 104000000,
    "grossProfitRatio": 0.2445332706,
    "researchAndDevelopmentExpenses": 0,
    "generalAndAdministrativeExpenses": 0,
    "sellingAndMarketingExpenses": 0,
    "sellingGeneralAndAdministrativeExpenses": 71700000,
    "otherExpenses": 12700000,
    "operatingExpenses": 84400000,
    "costAndExpenses": 405700000,
    "interestIncome": 0,
    "interestExpense": 8800000,
    "depreciationAndAmortization": 12700000,
    "ebitda": 32300000,
    "ebitdaratio": 0.0759463908,
    "operatingIncome": 19600000,
    "operatingIncomeRatio": 0.0460851164,
    "totalOtherIncomeExpensesNet": -8800000,
    "incomeBeforeTax": 10800000,
    "incomeBeforeTaxRatio": 0.0253938396,
    "incomeTaxExpense": 4200000,
    "netIncome": 6600000,
    "netIncomeRatio": 0.0155184576,
    "eps": 0.13,
    "epsdiluted": 0.13,
    "weightedAverageShsOut": 50769231,
    "weightedAverageShsOutDil": 50769231,
    "link": null,
    "finalLink": null
  }
]