[
  {
    "date": "2024-12-31",
    "symbol": "MHK",
    "reportedCurrency": "USD",
    "cik": "0000851968",
    "fillingDate": "2025-02-20",
    "acceptedDate": "2025-02-19 20:48:17",
    "calendarYear": "2024",
    "period": "FY",
    "revenue": 10836900000,
    "costOfRevenue": 8149200000,
    "grossProfit": 2687700000,
    "grossProfitRatio": 0.2480137309,
    "researchAndDevelopmentExpenses": 0,
    "generalAndAdministrativeExpenses": 0,
    "sellingAndMarketingExpenses": 0,
    "sellingGeneralAndAdministrativeExpenses": 1984800000,
    "otherExpenses": 8200000,
    "operatingExpenses": 1993000000,
    "costAndExpenses": 10142200000,
    "interestIncome": 0,
    "interestExpense": 48500000,
    "depreciationAndAmortization": 638300000,
    "ebitda": 1332800000,
    "ebitdaratio": 0.1229872011,
    "operatingIncome": 694700000,
    "operatingIncomeRatio": 0.0641050485,
    "totalOtherIncomeExpensesNet": -48700000,
    "incomeBeforeTax": 646000000,
    "incomeBeforeTaxRatio": 0.0596111434,
    "incomeTaxExpense": 128200000,
    "netIncome": 517700000,
    "netIncomeRatio": 0.0477719643,
    "eps": 8.18,
    "epsdiluted": 8.14,
    "weightedAverageShsOut": 63300000,
    "weightedAverageShsOutDil": 63600000,
    "link": "https://www.sec.gov/Archives/edgar/data/851968/000085196825000023/0000851968-25-000023-index.htm",
    "finalLink": "https://www.sec.gov/Archives/edgar/data/851968/000085196825000023/mhk-20241231.htm"
  },
  {
    "date": "2023-12-31",
    "symbol": "MHK",
    "reportedCurrency": "USD",
    "cik": "0000851968",
    "fillingDate": "2024-02-23",
    "acceptedDate": "2024-02-23 17:16:41",
    "calendarYear": "2023",
    "period": "FY",
    "revenue": 11135100000,
    "costOfRevenue": 8425500000,
    "grossProfit": 2709600000,
    "grossProfitRatio": 0.2433386319,
    "researchAndDevelopmentExpenses": 0,
    "generalAndAdministrativeExpenses": 0,
    "sellingAndMarketingExpenses": 0,
    "sellingGeneralAndAdministrativeExpenses": 2119700000,
    "otherExpenses": 877700000,
    "operatingExpenses": 2997400000,
    "costAndExpenses": 11422900000,
    "interestIncome": 0,
    "interestExpense": 77514000,
    "depreciationAndAmortization": 630300000,
    "ebitda": 353300000,
    "ebitdaratio": 0.0317284982,
    "operatingIncome": -287800000,
    "operatingIncomeRatio": -0.0258461981,
    "totalOtherIncomeExpensesNet": -66700000,
    "incomeBeforeTax": -354500000,
    "incomeBeforeTaxRatio": -0.0318362655,
    "incomeTaxExpense": 84862000,
    "netIncome": -439516000,
    "netIncomeRatio": -0.0394712216,
    "eps": -6.9,
    "epsdiluted": -6.9,
    "weightedAverageShsOut": 63657000,
    "weightedAverageShsOutDil": 63657000,
    "link": "https://www.sec.gov/Archives/edgar/data/851968/000085196824000027/0000851968-24-000027-index.htm",
    "finalLink": "https://www.sec.gov/Archives/edgar/data/851968/000085196824000027/mhk-20231231.htm"
  },
  {
    "date": "2022-12-31",
    "symbol": "MHK",
    "reportedCurrency": "USD",
    "cik": "0000851968",
    "fillingDate": "2023-02-22",
    "acceptedDate": "2023-02-22 17:20:45",
    "calendarYear": "2022",
    "period": "FY",
    "revenue": 11737100000,
    "costOfRevenue": 8793700000,
    "grossProfit": 2943400000,
    "grossProfitRatio": 0.2507774493,
    "researchAndDevelopmentExpenses": 0,
    "generalAndAdministrativeExpenses": 0,
    "sellingAndMarketingExpenses": 0,
    "sellingGeneralAndAdministrativeExpenses": 2003400000,
    "otherExpenses": 695800000,
    "operatingExpenses": 2699200000,
    "costAndExpenses": 11492900000,
    "interestIncome": 0,
    "interestExpense": 51900000,
    "depreciationAndAmortization": 595500000,
    "ebitda": 831300000,
    "ebitdaratio": 0.0708266948,
    "operatingIncome": 244200000,
    "operatingIncomeRatio": 0.0208058209,
    "totalOtherIncomeExpensesNet": -60300000,
    "incomeBeforeTax": 183900000,
    "incomeBeforeTaxRatio": 0.0156682656,
    "incomeTaxExpense": 158110000,
    "netIncome": 25247000,
    "netIncomeRatio": 0.0021510424,
    "eps": 0.4,
    "epsdiluted": 0.39,
    "weightedAverageShsOut": 63826000,
    "weightedAverageShsOutDil": 64062000,
    "link": "https://www.sec.gov/Archives/edgar/data/851968/000085196823000033/0000851968-23-000033-index.htm",
    "finalLink": "https://www.sec.gov/Archives/edgar/data/851968/000085196823000033/mhk-20221231.htm"
  },
  {
    "date": "2021-12-31",
    "symbol": "MHK",
    "reportedCurrency": "USD",
    "cik": "0000851968",
    "fillingDate": "2022-02-23",
    "acceptedDate": "2022-02-23 16:19:13",
    "calendarYear": "2021",
    "period": "FY",
    "revenue": 11200613000,
    "costOfRevenue": 7931879000,
    "grossProfit": 3268734000,
    "grossProfitRatio": 0.2918352772,
    "researchAndDevelopmentExpenses": 0,
    "generalAndAdministrativeExpenses": 0,
    "sellingAndMarketingExpenses": 0,
    "sellingGeneralAndAdministrativeExpenses": 1933723000,
    "otherExpenses": 0,
    "operatingExpenses": 1933723000,
    "costAndExpenses": 9865602000,
    "interestIncome": 0,
    "interestExpense": 57252000,
    "depreciationAndAmortization": 591711000,
    "ebitda": 1938956000,
    "ebitdaratio": 0.1731115967,
    "operatingIncome": 1335011000,
    "operatingIncomeRatio": 0.1191908871,
    "totalOtherIncomeExpensesNet": -45018000,
    "incomeBeforeTax": 1289993000,
    "incomeBeforeTaxRatio": 0.1151716428,
    "incomeTaxExpense": 256445000,
    "netIncome": 1033159000,
    "netIncomeRatio": 0.0922412907,
    "eps": 15.01,
    "epsdiluted": 14.94,
    "weightedAverageShsOut": 68852000,
    "weightedAverageShsOutDil": 69145000,
    "link": "https://www.sec.gov/Archives/edgar/data/851968/000085196822000026/0000851968-22-000026-index.htm",
    "finalLink": "https://www.sec.gov/Archives/edgar/data/851968/000085196822000026/mhk-20211231.htm"
  },
  {
    "date": "2020-12-31",
    "symbol": "MHK",
    "reportedCurrency": "USD",
    "cik": "0000851968",
    "fillingDate": "2021-02-24",
    "acceptedDate": "2021-02-24 17:03:03",
    "calendarYear": "2020",
    "period": "FY",
    "revenue": 9552197000,
    "costOfRevenue": 7121507000,
    "grossProfit": 2430690000,
    "grossProfitRatio": 0.2544639731,
    "researchAndDevelopmentExpenses": 0,
    "generalAndAdministrativeExpenses": 0,
    "sellingAndMarketingExpenses": 0,
    "sellingGeneralAndAdministrativeExpenses": 1794688000,
    "otherExpenses": 0,
    "operatingExpenses": 1794688000,
    "costAndExpenses": 8916195000,
    "interestIncome": 0,
    "interestExpense": 52379000,
    "depreciationAndAmortization": 607507000,
    "ebitda": 1244260000,
    "ebitdaratio": 0.1302590388,
    "operatingIncome": 636002000,
    "operatingIncomeRatio": 0.0665817508,
    "totalOtherIncomeExpensesNet": -51628000,
    "incomeBeforeTax": 584374000,
    "incomeBeforeTaxRatio": 0.0611769209,
    "incomeTaxExpense": 68647000,
    "netIncome": 515595000,
    "netIncomeRatio": 0.0539765878,
    "eps": 7.24,
    "epsdiluted": 7.22,
    "weightedAverageShsOut": 71214000,
    "weightedAverageShsOutDil": 71401000,
    "link": "https://www.sec.gov/Archives/edgar/data/851968/000085196821000019/0000851968-21-000019-index.htm",
    "finalLink": "https://www.sec.gov/Archives/edgar/data/851968/000085196821000019/mhk-20201231.htm"
  },
  {
    "date": "2019-12-31",
    "symbol": "MHK",
    "reportedCurrency": "USD",
    "cik": "0000851968",
    "fillingDate": "2020-02-28",
    "acceptedDate": "2020-02-28 16:47:26",
    "calendarYear": "2019",
    "period": "FY",
    "revenue": 9970672000,
    "costOfRevenue": 7294629000,
    "grossProfit": 2676043000,
    "grossProfitRatio": 0.2683914384,
    "researchAndDevelopmentExpenses": 0,
    "generalAndAdministrativeExpenses": 0,
    "sellingAndMarketingExpenses": 0,
    "sellingGeneralAndAdministrativeExpenses": 1848819000,
    "otherExpenses": 0,
    "operatingExpenses": 1848819000,
    "costAndExpenses": 9143448000,
    "interestIncome": 0,
    "interestExpense": 41272000,
    "depreciationAndAmortization": 576452000,
    "ebitda": 1367269000,
    "ebitdaratio": 0.1371290721,
    "operatingIncome": 827224000,
    "operatingIncomeRatio": 0.0829657219,
    "totalOtherIncomeExpensesNet": -77679000,
    "incomeBeforeTax": 749545000,
    "incomeBeforeTaxRatio": 0.0751749732,
    "incomeTaxExpense": 4974000,
    "netIncome": 744211000,
    "netIncomeRatio": 0.0746400042,
    "eps": 10.34,
    "epsdiluted": 10.3,
    "weightedAverageShsOut": 71986000,
    "weightedAverageShsOutDil": 72264000,
    "link": "https://www.sec.gov/Archives/edgar/data/851968/000085196820000020/0000851968-20-000020-index.htm",
    "finalLink": "https://www.sec.gov/Archives/edgar/data/851968/000085196820000020/a2019q410-kdocument.htm"
  },
  {
    "date": "2018-12-31",
    "symbol": "MHK",
    "reportedCurrency": "USD",
    "cik": "0000851968",
    "fillingDate": "2019-02-28",
    "acceptedDate": "2019-02-28 16:45:15",
    "calendarYear": "2018",
    "period": "FY",
    "revenue": 9983634000,
    "costOfRevenue": 7145564000,
    "grossProfit": 2838070000,
    "grossProfitRatio": 0.2842722399,
    "researchAndDevelopmentExpenses": 0,
    "generalAndAdministrativeExpenses": 0,
    "sellingAndMarketingExpenses": 0,
    "sellingGeneralAndAdministrativeExpenses": 1742744000,
    "otherExpenses": 0,
    "operatingExpenses": 1742744000,
    "costAndExpenses": 8888308000,
    "interestIncome": 0,
    "interestExpense": 38827000,
    "depreciationAndAmortization": 521765000,
    "ebitda": 1609793000,
    "ebitdaratio": 0.1612431906,
    "operatingIncome": 1095326000,
    "operatingIncomeRatio": 0.1097121549,
    "totalOtherIncomeExpensesNet": -46125000,
    "incomeBeforeTax": 1049201000,
    "incomeBeforeTaxRatio": 0.1050920937,
    "incomeTaxExpense": 184346000,
    "netIncome": 861704000,
    "netIncomeRatio": 0.0863116577,
    "eps": 11.58,
    "epsdiluted": 11.52,
    "weightedAverageShsOut": 74413000,
    "weightedAverageShsOutDil": 74773000,
    "link": "https://www.sec.gov/Archives/edgar/data/851968/000085196819000020/0000851968-19-000020-index.htm",
    "finalLink": "https://www.sec.gov/Archives/edgar/data/851968/000085196819000020/a4q201810kdocument-classic.htm"
  },
  {
    "date": "2017-12-31",
    "symbol": "MHK",
    "reportedCurrency": "USD",
    "cik": "0000851968",
    "fillingDate": "2018-02-28",
    "acceptedDate": "2018-02-28 16:19:31",
    "calendarYear": "2017",
    "period": "FY",
    "revenue": 9491290000,
    "costOfRevenue": 6494876000,
    "grossProfit": 2996414000,
    "grossProfitRatio": 0.3157014484,
    "researchAndDevelopmentExpenses": 0,
    "generalAndAdministrativeExpenses": 0,
    "sellingAndMarketingExpenses": 0,
    "sellingGeneralAndAdministrativeExpenses": 1642241000,
    "otherExpenses": 0,
    "operatingExpenses": 1642241000,
    "costAndExpenses": 8137117000,
    "interestIncome": 0,
    "interestExpense": 31111000,
    "depreciationAndAmortization": 446672000,
    "ebitda": 1795640000,
    "ebitdaratio": 0.1891881925,
    "operatingIncome": 1354173000,
    "operatingIncomeRatio": 0.1426753371,
    "totalOtherIncomeExpensesNet": -36316000,
    "incomeBeforeTax": 1317857000,
    "incomeBeforeTaxRatio": 0.1388490922,
    "incomeTaxExpense": 343165000,
    "netIncome": 971638000,
    "netIncomeRatio": 0.1023715428,
    "eps": 13.07,
    "epsdiluted": 12.98,
    "weightedAverageShsOut": 74357000,
    "weightedAverageShsOutDil": 74839000,
    "link": "https://www.sec.gov/Archives/edgar/data/851968/000085196818000038/0000851968-18-000038-index.htm",
    "finalLink": "https://www.sec.gov/Archives/edgar/data/851968/000085196818000038/a201710kdocument.htm"
  },
  {
    "date": "2016-12-31",
    "symbol": "MHK",
    "reportedCurrency": "USD",
    "cik": "0000851968",
    "fillingDate": "2017-02-27",
    "acceptedDate": "2017-02-27 16:20:57",
    "calendarYear": "2016",
    "period": "FY",
    "revenue": 8959087000,
    "costOfRevenue": 6146262000,
    "grossProfit": 2812825000,
    "grossProfitRatio": 0.3139633536,
    "researchAndDevelopmentExpenses": 0,
    "generalAndAdministrativeExpenses": 0,
    "sellingAndMarketingExpenses": 0,
    "sellingGeneralAndAdministrativeExpenses": 1532882000,
    "otherExpenses": 0,
    "operatingExpenses": 1532882000,
    "costAndExpenses": 7679144000,
    "interestIncome": 0,
    "interestExpense": 40547000,
    "depreciationAndAmortization": 409467000,
    "ebitda": 1691139000,
    "ebitdaratio": 0.1887624263,
    "operatingIncome": 1279943000,
    "operatingIncomeRatio": 0.1428653388,
    "totalOtherIncomeExpensesNet": -38818000,
    "incomeBeforeTax": 1241125000,
    "incomeBeforeTaxRatio": 0.1385325313,
    "incomeTaxExpense": 307559000,
    "netIncome": 930362000,
    "netIncomeRatio": 0.1038456262,
    "eps": 12.55,
    "epsdiluted": 12.48,
    "weightedAverageShsOut": 74104000,
    "weightedAverageShsOutDil": 74568000,
    "link": "https://www.sec.gov/Archives/edgar/data/851968/000085196817000020/0000851968-17-000020-index.htm",
    "finalLink": "https://www.sec.gov/Archives/edgar/data/851968/000085196817000020/a201610kdocument.htm"
  },
  {
    "date": "2015-12-31",
    "symbol": "MHK",
    "reportedCurrency": "USD",
    "cik": "0000851968",
    "fillingDate": "2016-02-29",
    "acceptedDate": "2016-02-29 16:41:24",
    "calendarYear": "2015",
    "period": "FY",
    "revenue": 8071563000,
    "costOfRevenue": 5660877000,
    "grossProfit": 2410686000,
    "grossProfitRatio": 0.2986640877,
    "researchAndDevelopmentExpenses": 0,
    "generalAndAdministrativeExpenses": 0,
    "sellingAndMarketingExpenses": 0,
    "sellingGeneralAndAdministrativeExpenses": 1573120000,
    "otherExpenses": 0,
    "operatingExpenses": 1573120000,
    "costAndExpenses": 7233997000,
    "interestIncome": 0,
    "interestExpense": 71086000,
    "depreciationAndAmortization": 362647000,
    "ebitda": 1182594000,
    "ebitdaratio": 0.1465136306,
    "operatingIncome": 837566000,
    "operatingIncomeRatio": 0.1037675107,
    "totalOtherIncomeExpensesNet": -88705000,
    "incomeBeforeTax": 748861000,
    "incomeBeforeTaxRatio": 0.0927776937,
    "incomeTaxExpense": 131875000,
    "netIncome": 615302000,
    "netIncomeRatio": 0.0762308366,
    "eps": 8.37,
    "epsdiluted": 8.31,
    "weightedAverageShsOut": 73516000,
    "weightedAverageShsOutDil": 74043000,
    "link": "https://www.sec.gov/Archives/edgar/data/851968/000085196816000120/0000851968-16-000120-index.htm",
    "finalLink": "https://www.sec.gov/Archives/edgar/data/851968/000085196816000120/a201510kdocument.htm"
  },
  {
    "date": "2014-12-31",
    "symbol": "MHK",
    "reportedCurrency": "USD",
    "cik": "0000851968",
    "fillingDate": "2015-02-27",
    "acceptedDate": "2015-02-27 15:12:28",
    "calendarYear": "2014",
    "period": "FY",
    "revenue": 7803446000,
    "costOfRevenue": 5649254000,
    "grossProfit": 2154192000,
    "grossProfitRatio": 0.2760565012,
    "researchAndDevelopmentExpenses": 0,
    "generalAndAdministrativeExpenses": 0,
    "sellingAndMarketingExpenses": 0,
    "sellingGeneralAndAdministrativeExpenses": 1381396000,
    "otherExpenses": 0,
    "operatingExpenses": 1381396000,
    "costAndExpenses": 7030650000,
    "interestIncome": 0,
    "interestExpense": 98207000,
    "depreciationAndAmortization": 345570000,
    "ebitda": 1107668000,
    "ebitdaratio": 0.1419460069,
    "operatingIncome": 772796000,
    "operatingIncomeRatio": 0.0990326581,
    "totalOtherIncomeExpensesNet": -108905000,
    "incomeBeforeTax": 663891000,
    "incomeBeforeTaxRatio": 0.0850766443,
    "incomeTaxExpense": 131637000,
    "netIncome": 531965000,
    "netIncomeRatio": 0.0681705236,
    "eps": 7.3,
    "epsdiluted": 7.25,
    "weightedAverageShsOut": 72837000,
    "weightedAverageShsOutDil": 73363000,
    "link": "https://www.sec.gov/Archives/edgar/data/851968/000085196815000022/0000851968-15-000022-index.htm",
    "finalLink": "https://www.sec.gov/Archives/edgar/data/851968/000085196815000022/a4q201410kdocument.htm"
  },
  {
    "date": "2013-12-31",
    "symbol": "MHK",
    "reportedCurrency": "USD",
    "cik": "0000851968",
    "fillingDate": "2014-02-28",
    "acceptedDate": "2014-02-28 16:17:54",
    "calendarYear": "2013",
    "period": "FY",
    "revenue": 7348754000,
    "costOfRevenue": 5427945000,
    "grossProfit": 1920809000,
    "grossProfitRatio": 0.2613788678,
    "researchAndDevelopmentExpenses": 0,
    "generalAndAdministrativeExpenses": 0,
    "sellingAndMarketingExpenses": 0,
    "sellingGeneralAndAdministrativeExpenses": 1373878000,
    "otherExpenses": 0,
    "operatingExpenses": 1373878000,
    "costAndExpenses": 6801823000,
    "interestIncome": 0,
    "interestExpense": 92246000,
    "depreciationAndAmortization": 308871000,
    "ebitda": 846688000,
    "ebitdaratio": 0.115215178,
    "operatingIncome": 546931000,
    "operatingIncomeRatio": 0.0744249978,
    "totalOtherIncomeExpensesNet": -101360000,
    "incomeBeforeTax": 445571000,
    "incomeBeforeTaxRatio": 0.0606321834,
    "incomeTaxExpense": 78385000,
    "netIncome": 348786000,
    "netIncomeRatio": 0.0474619235,
    "eps": 4.86,
    "epsdiluted": 4.82,
    "weightedAverageShsOut": 71773000,
    "weightedAverageShsOutDil": 72301000,
    "link": "https://www.sec.gov/Archives/edgar/data/851968/000085196814000021/0000851968-14-000021-index.htm",
    "finalLink": "https://www.sec.gov/Archives/edgar/data/851968/000085196814000021/a4q201310kdocument.htm"
  },
  {
    "date": "2012-12-31",
    "symbol": "MHK",
    "reportedCurrency": "USD",
    "cik": "0000851968",
    "fillingDate": "2013-02-27",
    "acceptedDate": "2013-02-27 16:47:24",
    "calendarYear": "2012",
    "period": "FY",
    "revenue": 5787980000,
    "costOfRevenue": 4297922000,
    "grossProfit": 1490058000,
    "grossProfitRatio": 0.2574400741,
    "researchAndDevelopmentExpenses": 0,
    "generalAndAdministrativeExpenses": 0,
    "sellingAndMarketingExpenses": 0,
    "sellingGeneralAndAdministrativeExpenses": 1110550000,
    "otherExpenses": 0,
    "operatingExpenses": 1110550000,
    "costAndExpenses": 5408472000,
    "interestIncome": 0,
    "interestExpense": 74713000,
    "depreciationAndAmortization": 280293000,
    "ebitda": 659498000,
    "ebitdaratio": 0.1139426881,
    "operatingIncome": 379508000,
    "operatingIncomeRatio": 0.0655682984,
    "totalOtherIncomeExpensesNet": -75016000,
    "incomeBeforeTax": 304492000,
    "incomeBeforeTaxRatio": 0.0526076455,
    "incomeTaxExpense": 53599000,
    "netIncome": 250258000,
    "netIncomeRatio": 0.0432375371,
    "eps": 3.63,
    "epsdiluted": 3.61,
    "weightedAverageShsOut": 68988000,
    "weightedAverageShsOutDil": 69306000,
    "link": "https://www.sec.gov/Archives/edgar/data/851968/000085196813000027/0000851968-13-000027-index.htm",
    "finalLink": "https://www.sec.gov/Archives/edgar/data/851968/000085196813000027/a201210k.htm"
  },
  {
    "date": "2011-12-31",
    "symbol": "MHK",
    "reportedCurrency": "USD",
    "cik": "0000851968",
    "fillingDate": "2012-02-29",
    "acceptedDate": "2012-02-29 07:02:10",
    "calendarYear": "2011",
    "period": "FY",
    "revenue": 5642258000,
    "costOfRevenue": 4225379000,
    "grossProfit": 1416879000,
    "grossProfitRatio": 0.2511191441,
    "researchAndDevelopmentExpenses": 0,
    "generalAndAdministrativeExpenses": 0,
    "sellingAndMarketingExpenses": 0,
    "sellingGeneralAndAdministrativeExpenses": 1101337000,
    "otherExpenses": 0,
    "operatingExpenses": 1101337000,
    "costAndExpenses": 5326716000,
    "interestIncome": 0,
    "interestExpense": 101617000,
    "depreciationAndAmortization": 297734000,
    "ebitda": 599225000,
    "ebitdaratio": 0.1062030485,
    "operatingIncome": 315542000,
    "operatingIncomeRatio": 0.0559247734,
    "totalOtherIncomeExpensesNet": -115668000,
    "incomeBeforeTax": 199874000,
    "incomeBeforeTaxRatio": 0.0354244701,
    "incomeTaxExpense": 21649000,
    "netIncome": 173922000,
    "netIncomeRatio": 0.0308248932,
    "eps": 2.53,
    "epsdiluted": 2.52,
    "weightedAverageShsOut": 68736000,
    "weightedAverageShsOutDil": 68964000,
    "link": "https://www.sec.gov/Archives/edgar/data/851968/000119312512087058/0001193125-12-087058-index.htm",
    "finalLink": "https://www.sec.gov/Archives/edgar/data/851968/000119312512087058/d261698d10k.htm"
  },
  {
    "date": "2010-12-31",
    "symbol": "MHK",
    "reportedCurrency": "USD",
    "cik": "0000851968",
    "fillingDate": "2011-03-01",
    "acceptedDate": "2011-03-01 08:09:09",
    "calendarYear": "2010",
    "period": "FY",
    "revenue": 5319072000,
    "costOfRevenue": 3916472000,
    "grossProfit": 1402600000,
    "grossProfitRatio": 0.263692614,
    "researchAndDevelopmentExpenses": 0,
    "generalAndAdministrativeExpenses": 0,
    "sellingAndMarketingExpenses": 0,
    "sellingGeneralAndAdministrativeExpenses": 1088431000,
    "otherExpenses": 0,
    "operatingExpenses": 1088431000,
    "costAndExpenses": 5004903000,
    "interestIncome": 0,
    "interestExpense": 133151000,
    "depreciationAndAmortization": 296773000,
    "ebitda": 622572000,
    "ebitdaratio": 0.1170452289,
    "operatingIncome": 314169000,
    "operatingIncomeRatio": 0.0590646263,
    "totalOtherIncomeExpensesNet": -121521000,
    "incomeBeforeTax": 192648000,
    "incomeBeforeTaxRatio": 0.0362183479,
    "incomeTaxExpense": 2713000,
    "netIncome": 185471000,
    "netIncomeRatio": 0.0348690523,
    "eps": 2.66,
    "epsdiluted": 2.65,
    "weightedAverageShsOut": 68578000,
    "weightedAverageShsOutDil": 68784000,
    "link": "https://www.sec.gov/Archives/edgar/data/851968/000095012311020223/0000950123-11-020223-index.htm",
    "finalLink": "https://www.sec.gov/Archives/edgar/data/851968/000095012311020223/g25981e10vk.htm"
  },
  {
    "date": "2009-12-31",
    "symbol": "MHK",
    "reportedCurrency": "USD",
    "cik": "0000851968",
    "fillingDate": "2010-02-26",
    "acceptedDate": "2010-02-26 17:09:36",
    "calendarYear": "2009",
    "period": "FY",
    "revenue": 5344024000,
    "costOfRevenue": 4111794000,
    "grossProfit": 1232230000,
    "grossProfitRatio": 0.2305809255,
    "researchAndDevelopmentExpenses": 0,
    "generalAndAdministrativeExpenses": 0,
    "sellingAndMarketingExpenses": 0,
    "sellingGeneralAndAdministrativeExpenses": 1188500000,
    "otherExpenses": 0,
    "operatingExpenses": 1188500000,
    "costAndExpenses": 5300294000,
    "interestIncome": 0,
    "interestExpense": 127031000,
    "depreciationAndAmortization": 303004000,
    "ebitda": 352322000,
    "ebitdaratio": 0.0659282219,
    "operatingIncome": 43730000,
    "operatingIncomeRatio": 0.0081829722,
    "totalOtherIncomeExpensesNet": -121443000,
    "incomeBeforeTax": -77713000,
    "incomeBeforeTaxRatio": -0.014542038,
    "incomeTaxExpense": -76694000,
    "netIncome": -5499000,
    "netIncomeRatio": -0.0010289999,
    "eps": -0.0803,
    "epsdiluted": -0.0803,
    "weightedAverageShsOut": 68452000,
    "weightedAverageShsOutDil": 68452000,
    "link": "https://www.sec.gov/Archives/edgar/data/851968/000095012310018309/0000950123-10-018309-index.htm",
    "finalLink": "https://www.sec.gov/Archives/edgar/data/851968/000095012310018309/g22145e10vk.htm"
  },
  {
    "date": "2008-12-31",
    "symbol": "MHK",
    "reportedCurrency": "USD",
    "cik": "0000851968",
    "fillingDate": "2009-03-02",
    "acceptedDate": "2009-03-02 16:01:18",
    "calendarYear": "2008",
    "period": "FY",
    "revenue": 6826348000,
    "costOfRevenue": 5088584000,
    "grossProfit": 1737764000,
    "grossProfitRatio": 0.2545671566,
    "researchAndDevelopmentExpenses": 0,
    "generalAndAdministrativeExpenses": 0,
    "sellingAndMarketingExpenses": 0,
    "sellingGeneralAndAdministrativeExpenses": 1318501000,
    "otherExpenses": 1543397000,
    "operatingExpenses": 2861898000,
    "costAndExpenses": 7950482000,
    "interestIncome": 0,
    "interestExpense": 127050000,
    "depreciationAndAmortization": 295054000,
    "ebitda": -850368000,
    "ebitdaratio": -0.12457144,
    "operatingIncome": -1124134000,
    "operatingIncomeRatio": -0.1646757534,
    "totalOtherIncomeExpensesNet": -148338000,
    "incomeBeforeTax": -1272472000,
    "incomeBeforeTaxRatio": -0.186405967,
    "incomeTaxExpense": 180062000,
    "netIncome": -1458228000,
    "netIncomeRatio": -0.2136175888,
    "eps": -21.32,
    "epsdiluted": -21.32,
    "weightedAverageShsOut": 68401000,
    "weightedAverageShsOutDil": 68401000,
    "link": "https://www.sec.gov/Archives/edgar/data/851968/000119312509042512/0001193125-09-042512-index.htm",
    "finalLink": "https://www.sec.gov/Archives/edgar/data/851968/000119312509042512/d10k.htm"
  },
  {
    "date": "2007-12-31",
    "symbol": "MHK",
    "reportedCurrency": "USD",
    "cik": "0000851968",
    "fillingDate": "2008-02-29",
    "acceptedDate": "2008-02-29 14:02:20",
    "calendarYear": "2007",
    "period": "FY",
    "revenue": 7586018000,
    "costOfRevenue": 5471234000,
    "grossProfit": 2114784000,
    "grossProfitRatio": 0.2787739233,
    "researchAndDevelopmentExpenses": 0,
    "generalAndAdministrativeExpenses": 0,
    "sellingAndMarketingExpenses": 0,
    "sellingGeneralAndAdministrativeExpenses": 1364678000,
    "otherExpenses": 0,
    "operatingExpenses": 1364678000,
    "costAndExpenses": 6835912000,
    "interestIncome": 0,
    "interestExpense": 145989000,
    "depreciationAndAmortization": 306437000,
    "ebitda": 1065023000,
    "ebitdaratio": 0.1403928912,
    "operatingIncome": 750106000,
    "operatingIncomeRatio": 0.0988800712,
    "totalOtherIncomeExpensesNet": -145989000,
    "incomeBeforeTax": 604117000,
    "incomeBeforeTaxRatio": 0.0796355875,
    "incomeTaxExpense": -102697000,
    "netIncome": 706814000,
    "netIncomeRatio": 0.0931732564,
    "eps": 10.37,
    "epsdiluted": 10.32,
    "weightedAverageShsOut": 68172000,
    "weightedAverageShsOutDil": 68492000,
    "link": "https://www.sec.gov/Archives/edgar/data/851968/000119312508043355/0001193125-08-043355-index.htm",
    "finalLink": "https://www.sec.gov/Archives/edgar/data/851968/000119312508043355/d10k.htm"
  },
  {
    "date": "2006-12-31",
    "symbol": "MHK",
    "reportedCurrency": "USD",
    "cik": "0000851968",
    "fillingDate": "2007-02-26",
    "acceptedDate": "2007-02-26 08:01:28",
    "calendarYear": "2006",
    "period": "FY",
    "revenue": 7905842000,
    "costOfRevenue": 5674531000,
    "grossProfit": 2231311000,
    "grossProfitRatio": 0.2822357189,
    "researchAndDevelopmentExpenses": 0,
    "generalAndAdministrativeExpenses": 0,
    "sellingAndMarketingExpenses": 0,
    "sellingGeneralAndAdministrativeExpenses": 1392251000,
    "otherExpenses": 0,
    "operatingExpenses": 1392251000,
    "costAndExpenses": 7066782000,
    "interestIncome": 0,
    "interestExpense": 162749000,
    "depreciationAndAmortization": 274952000,
    "ebitda": 1114012000,
    "ebitdaratio": 0.1409099752,
    "operatingIncome": 839060000,
    "operatingIncomeRatio": 0.1061316429,
    "totalOtherIncomeExpensesNet": -162749000,
    "incomeBeforeTax": 676311000,
    "incomeBeforeTaxRatio": 0.0855457268,
    "incomeTaxExpense": 220478000,
    "netIncome": 455833000,
    "netIncomeRatio": 0.0576577422,
    "eps": 6.74,
    "epsdiluted": 6.7,
    "weightedAverageShsOut": 67674000,
    "weightedAverageShsOutDil": 68056000,
    "link": "https://www.sec.gov/Archives/edgar/data/851968/000119312507039047/0001193125-07-039047-index.htm",
    "finalLink": "https://www.sec.gov/Archives/edgar/data/851968/000119312507039047/d10k.htm"
  },
  {
    "date": "2005-12-31",
    "symbol": "MHK",
    "reportedCurrency": "USD",
    "cik": "0000851968",
    "fillingDate": "2005-12-31",
    "acceptedDate": "2005-12-31 00:00:00",
    "calendarYear": "2005",
    "period": "FY",
    "revenue": 6620099000,
    "costOfRevenue": 4896965000,
    "grossProfit": 1723134000,
    "grossProfitRatio": 0.2602882525,
    "researchAndDevelopmentExpenses": 0,
    "generalAndAdministrativeExpenses": 0,
    "sellingAndMarketingExpenses": 0,
    "sellingGeneralAndAdministrativeExpenses": 1095862000,
    "otherExpenses": 0,
    "operatingExpenses": 1095862000,
    "costAndExpenses": 5992827000,
    "interestIncome": 0,
    "interestExpense": 70251000,
    "depreciationAndAmortization": 150657000,
    "ebitda": 777929000,
    "ebitdaratio": 0.1175101762,
    "operatingIncome": 627272000,
    "operatingIncomeRatio": 0.0947526616,
    "totalOtherIncomeExpensesNet": -70251000,
    "incomeBeforeTax": 557021000,
    "incomeBeforeTaxRatio": 0.0841408867,
    "incomeTaxExpense": 198826000,
    "netIncome": 358195000,
    "netIncomeRatio": 0.0541071969,
    "eps": 5.78,
    "epsdiluted": 5.72,
    "weightedAverageShsOut": 66932000,
    "weightedAverageShsOutDil": 67644000,
    "link": null,
    "finalLink": null
  },
  {
    "date": "2004-12-31",
    "symbol": "MHK",
    "reportedCurrency": "USD",
    "cik": "0000851968",
    "fillingDate": "2004-12-31",
    "acceptedDate": "2004-12-31 00:00:00",
    "calendarYear": "2004",
    "period": "FY",
    "revenue": 5880372000,
    "costOfRevenue": 4259531000,
    "grossProfit": 1620841000,
    "grossProfitRatio": 0.2756357931,
    "researchAndDevelopmentExpenses": 0,
    "generalAndAdministrativeExpenses": 0,
    "sellingAndMarketingExpenses": 0,
    "sellingGeneralAndAdministrativeExpenses": 985251000,
    "otherExpenses": 0,
    "operatingExpenses": 985251000,
    "costAndExpenses": 5244782000,
    "interestIncome": 0,
    "interestExpense": 58201000,
    "depreciationAndAmortization": 123088000,
    "ebitda": 758678000,
    "ebitdaratio": 0.1290187083,
    "operatingIncome": 635590000,
    "operatingIncomeRatio": 0.1080866993,
    "totalOtherIncomeExpensesNet": -58201000,
    "incomeBeforeTax": 577389000,
    "incomeBeforeTaxRatio": 0.0981891962,
    "incomeTaxExpense": 208767000,
    "netIncome": 368622000,
    "netIncomeRatio": 0.0626868504,
    "eps": 5.56,
    "epsdiluted": 5.49,
    "weightedAverageShsOut": 66682000,
    "weightedAverageShsOutDil": 67557000,
    "link": null,
    "finalLink": null
  },
  {
    "date": "2003-12-31",
    "symbol": "MHK",
    "reportedCurrency": "USD",
    "cik": "0000851968",
    "fillingDate": "2003-12-31",
    "acceptedDate": "2003-12-31 00:00:00",
    "calendarYear": "2003",
    "period": "FY",
    "revenue": 4999381000,
    "costOfRevenue": 3605579000,
    "grossProfit": 1393802000,
    "grossProfitRatio": 0.2787949148,
    "researchAndDevelopmentExpenses": 0,
    "generalAndAdministrativeExpenses": 0,
    "sellingAndMarketingExpenses": 0,
    "sellingGeneralAndAdministrativeExpenses": 851773000,
    "otherExpenses": 0,
    "operatingExpenses": 851773000,
    "costAndExpenses": 4457352000,
    "interestIncome": 0,
    "interestExpense": 53595000,
    "depreciationAndAmortization": 106615000,
    "ebitda": 648644000,
    "ebitdaratio": 0.1297448624,
    "operatingIncome": 542029000,
    "operatingIncomeRatio": 0.1084192223,
    "totalOtherIncomeExpensesNet": -53595000,
    "incomeBeforeTax": 488434000,
    "incomeBeforeTaxRatio": 0.0976988951,
    "incomeTaxExpense": 178285000,
    "netIncome": 310149000,
    "netIncomeRatio": 0.0620374802,
    "eps": 4.68,
    "epsdiluted": 4.62,
    "weightedAverageShsOut": 66251000,
    "weightedAverageShsOutDil": 67121000,
    "link": null,
    "finalLink": null
  },
  {
    "date": "2002-12-31",
    "symbol": "MHK",
    "reportedCurrency": "USD",
    "cik": "0000851968",
    "fillingDate": "2002-12-31",
    "acceptedDate": "2002-12-31 00:00:00",
    "calendarYear": "2002",
    "period": "FY",
    "revenue": 4516957000,
    "costOfRevenue": 3247865000,
    "grossProfit": 1269092000,
    "grossProfitRatio": 0.2809617183,
    "researchAndDevelopmentExpenses": 0,
    "generalAndAdministrativeExpenses": 0,
    "sellingAndMarketingExpenses": 0,
    "sellingGeneralAndAdministrativeExpenses": 747027000,
    "otherExpenses": 0,
    "operatingExpenses": 747027000,
    "costAndExpenses": 3994892000,
    "interestIncome": 0,
    "interestExpense": 75483000,
    "depreciationAndAmortization": 101942000,
    "ebitda": 624007000,
    "ebitdaratio": 0.1381476512,
    "operatingIncome": 522065000,
    "operatingIncomeRatio": 0.1155789174,
    "totalOtherIncomeExpensesNet": -78436000,
    "incomeBeforeTax": 443629000,
    "incomeBeforeTaxRatio": 0.0982141296,
    "incomeTaxExpense": 159140000,
    "netIncome": 284489000,
    "netIncomeRatio": 0.0629824459,
    "eps": 4.46,
    "epsdiluted": 4.39,
    "weightedAverageShsOut": 63723000,
    "weightedAverageShsOutDil": 64861000,
    "link": null,
    "finalLink": null
  },
  {
    "date": "2001-12-31",
    "symbol": "MHK",
    "reportedCurrency": "USD",
    "cik": "0000851968",
    "fillingDate": "2002-03-20",
    "acceptedDate": "2002-03-20 00:00:00",
    "calendarYear": "2001",
    "period": "FY",
    "revenue": 3445945000,
    "costOfRevenue": 2613043000,
    "grossProfit": 832902000,
    "grossProfitRatio": 0.2417049605,
    "researchAndDevelopmentExpenses": 0,
    "generalAndAdministrativeExpenses": 0,
    "sellingAndMarketingExpenses": 0,
    "sellingGeneralAndAdministrativeExpenses": 505745000,
    "otherExpenses": 0,
    "operatingExpenses": 505745000,
    "costAndExpenses": 3118788000,
    "interestIncome": 0,
    "interestExpense": 35741000,
    "depreciationAndAmortization": 84167000,
    "ebitda": 411324000,
    "ebitdaratio": 0.1193646445,
    "operatingIncome": 327157000,
    "operatingIncomeRatio": 0.0949397045,
    "totalOtherIncomeExpensesNet": -35741000,
    "incomeBeforeTax": 291416000,
    "incomeBeforeTaxRatio": 0.0845678036,
    "incomeTaxExpense": 102824000,
    "netIncome": 188592000,
    "netIncomeRatio": 0.0547286738,
    "eps": 3.6,
    "epsdiluted": 3.55,
    "weightedAverageShsOut": 52418000,
    "weightedAverageShsOutDil": 53141000,
    "link": "https://www.sec.gov/Archives/edgar/data/851968/000093176302000711/0000931763-02-000711-index.htm",
    "finalLink": "https://www.sec.gov/Archives/edgar/data/851968/000093176302000711/d10k.txt"
  },
  {
    "date": "2000-12-31",
    "symbol": "MHK",
    "reportedCurrency": "USD",
    "cik": "0000851968",
    "fillingDate": "2001-06-28",
    "acceptedDate": "2001-06-28 00:00:00",
    "calendarYear": "2000",
    "period": "FY",
    "revenue": 3255846000,
    "costOfRevenue": 2350651000,
    "grossProfit": 905195000,
    "grossProfitRatio": 0.278021442,
    "researchAndDevelopmentExpenses": 0,
    "generalAndAdministrativeExpenses": 0,
    "sellingAndMarketingExpenses": 0,
    "sellingGeneralAndAdministrativeExpenses": 505734000,
    "otherExpenses": 82346000,
    "operatingExpenses": 588080000,
    "costAndExpenses": 2938731000,
    "interestIncome": 0,
    "interestExpense": 49486000,
    "depreciationAndAmortization": 82346000,
    "ebitda": 399461000,
    "ebitdaratio": 0.1226903852,
    "operatingIncome": 317115000,
    "operatingIncomeRatio": 0.0973986485,
    "totalOtherIncomeExpensesNet": -49486000,
    "incomeBeforeTax": 267629000,
    "incomeBeforeTaxRatio": 0.0821995266,
    "incomeTaxExpense": 105030000,
    "netIncome": 162599000,
    "netIncomeRatio": 0.0499406299,
    "eps": 3.02,
    "epsdiluted": 3,
    "weightedAverageShsOut": 53769000,
    "weightedAverageShsOutDil": 54255000,
    "link": "https://www.sec.gov/Archives/edgar/data/851968/000093176301500937/0000931763-01-500937-index.htm",
    "finalLink": "https://www.sec.gov/Archives/edgar/data/851968/000093176301500937/d10k405a.txt"
  },
  {
    "date": "1999-12-31",
    "symbol": "MHK",
    "reportedCurrency": "USD",
    "cik": "0000851968",
    "fillingDate": "2000-03-10",
    "acceptedDate": "2000-03-10 00:00:00",
    "calendarYear": "1999",
    "period": "FY",
    "revenue": 3083300000,
    "costOfRevenue": 2201100000,
    "grossProfit": 882200000,
    "grossProfitRatio": 0.2861220121,
    "researchAndDevelopmentExpenses": 0,
    "generalAndAdministrativeExpenses": 0,
    "sellingAndMarketingExpenses": 0,
    "sellingGeneralAndAdministrativeExpenses": 482100000,
    "otherExpenses": 105300000,
    "operatingExpenses": 587400000,
    "costAndExpenses": 2788500000,
    "interestIncome": 0,
    "interestExpense": 34900000,
    "depreciationAndAmortization": 105300000,
    "ebitda": 400100000,
    "ebitdaratio": 0.129763565,
    "operatingIncome": 294800000,
    "operatingIncomeRatio": 0.0956118445,
    "totalOtherIncomeExpensesNet": -34900000,
    "incomeBeforeTax": 259900000,
    "incomeBeforeTaxRatio": 0.0842928032,
    "incomeTaxExpense": 102700000,
    "netIncome": 157200000,
    "netIncomeRatio": 0.050984335,
    "eps": 2.63,
    "epsdiluted": 2.61,
    "weightedAverageShsOut": 59730000,
    "weightedAverageShsOutDil": 60349000,
    "link": "https://www.sec.gov/Archives/edgar/data/851968/000093176300000482/0000931763-00-000482-index.html",
    "finalLink": "https://www.sec.gov/Archives/edgar/data/851968/000093176300000482/"
  },
  {
    "date": "1998-12-31",
    "symbol": "MHK",
    "reportedCurrency": "USD",
    "cik": "0000851968",
    "fillingDate": "1999-06-30",
    "acceptedDate": "1999-06-30 00:00:00",
    "calendarYear": "1998",
    "period": "FY",
    "revenue": 2744600000,
    "costOfRevenue": 1990700000,
    "grossProfit": 753900000,
    "grossProfitRatio": 0.2746848357,
    "researchAndDevelopmentExpenses": 0,
    "generalAndAdministrativeExpenses": 0,
    "sellingAndMarketingExpenses": 0,
    "sellingGeneralAndAdministrativeExpenses": 435100000,
    "otherExpenses": 72600000,
    "operatingExpenses": 507700000,
    "costAndExpenses": 2498400000,
    "interestIncome": 0,
    "interestExpense": 51700000,
    "depreciationAndAmortization": 72600000,
    "ebitda": 318800000,
    "ebitdaratio": 0.1161553596,
    "operatingIncome": 246200000,
    "operatingIncomeRatio": 0.0897034176,
    "totalOtherIncomeExpensesNet": -51300000,
    "incomeBeforeTax": 194900000,
    "incomeBeforeTaxRatio": 0.0710121694,
    "incomeTaxExpense": 74800000,
    "netIncome": 107600000,
    "netIncomeRatio": 0.0392042556,
    "eps": 1.91,
    "epsdiluted": 1.89,
    "weightedAverageShsOut": 60393000,
    "weightedAverageShsOutDil": 61134000,
    "link": "https://www.sec.gov/Archives/edgar/data/851968/000093176399001992/0000931763-99-001992-index.html",
    "finalLink": "https://www.sec.gov/Archives/edgar/data/851968/000093176399001992/"
  },
  {
    "date": "1997-12-31",
    "symbol": "MHK",
    "reportedCurrency": "USD",
    "cik": "0000851968",
    "fillingDate": "1998-03-17",
    "acceptedDate": "1998-03-17 00:00:00",
    "calendarYear": "1997",
    "period": "FY",
    "revenue": 2429100000,
    "costOfRevenue": 1796300000,
    "grossProfit": 632800000,
    "grossProfitRatio": 0.2605080071,
    "researchAndDevelopmentExpenses": 0,
    "generalAndAdministrativeExpenses": 0,
    "sellingAndMarketingExpenses": 0,
    "sellingGeneralAndAdministrativeExpenses": 391600000,
    "otherExpenses": 72900000,
    "operatingExpenses": 464500000,
    "costAndExpenses": 2260800000,
    "interestIncome": 0,
    "interestExpense": 42900000,
    "depreciationAndAmortization": 72900000,
    "ebitda": 241200000,
    "ebitdaratio": 0.0992960356,
    "operatingIncome": 168300000,
    "operatingIncomeRatio": 0.0692849203,
    "totalOtherIncomeExpensesNet": -36800000,
    "incomeBeforeTax": 131500000,
    "incomeBeforeTaxRatio": 0.0541352764,
    "incomeTaxExpense": 44400000,
    "netIncome": 68000000,
    "netIncomeRatio": 0.0279939072,
    "eps": 1.33,
    "epsdiluted": 1.32,
    "weightedAverageShsOut": 59849624,
    "weightedAverageShsOutDil": 60303030,
    "link": "https://www.sec.gov/Archives/edgar/data/851968/000093176398000627/0000931763-98-000627-index.html",
    "finalLink": "https://www.sec.gov/Archives/edgar/data/851968/"
  },
  {
    "date": "1996-12-31",
    "symbol": "MHK",
    "reportedCurrency": "USD",
    "cik": "0000851968",
    "fillingDate": "1997-06-23",
    "acceptedDate": "1997-06-23 00:00:00",
    "calendarYear": "1996",
    "period": "FY",
    "revenue": 2153000000,
    "costOfRevenue": 1612900000,
    "grossProfit": 540100000,
    "grossProfitRatio": 0.2508592661,
    "researchAndDevelopmentExpenses": 0,
    "generalAndAdministrativeExpenses": 0,
    "sellingAndMarketingExpenses": 0,
    "sellingGeneralAndAdministrativeExpenses": 340800000,
    "otherExpenses": 62300000,
    "operatingExpenses": 403100000,
    "costAndExpenses": 2016000000,
    "interestIncome": 0,
    "interestExpense": 36900000,
    "depreciationAndAmortization": 62300000,
    "ebitda": 199300000,
    "ebitdaratio": 0.0925685091,
    "operatingIncome": 137000000,
    "operatingIncomeRatio": 0.0636321412,
    "totalOtherIncomeExpensesNet": -45300000,
    "incomeBeforeTax": 91700000,
    "incomeBeforeTaxRatio": 0.0425917325,
    "incomeTaxExpense": 33700000,
    "netIncome": 49100000,
    "netIncomeRatio": 0.0228053878,
    "eps": 0.96,
    "epsdiluted": 0.95,
    "weightedAverageShsOut": 55625000,
    "weightedAverageShsOutDil": 56210526,
    "link": "https://www.sec.gov/Archives/edgar/data/851968/000093176397001047/0000931763-97-001047-index.html",
    "finalLink": "https://www.sec.gov/Archives/edgar/data/851968/"
  },
  {
    "date": "1995-12-31",
    "symbol": "MHK",
    "reportedCurrency": "USD",
    "cik": "0000851968",
    "fillingDate": "1995-12-31",
    "acceptedDate": "1995-12-31 00:00:00",
    "calendarYear": "1995",
    "period": "FY",
    "revenue": 1648600000,
    "costOfRevenue": 1243200000,
    "grossProfit": 405400000,
    "grossProfitRatio": 0.2459056169,
    "researchAndDevelopmentExpenses": 0,
    "generalAndAdministrativeExpenses": 0,
    "sellingAndMarketingExpenses": 0,
    "sellingGeneralAndAdministrativeExpenses": 304800000,
    "otherExpenses": 52600000,
    "operatingExpenses": 357400000,
    "costAndExpenses": 1600600000,
    "interestIncome": 0,
    "interestExpense": 37600000,
    "depreciationAndAmortization": 52600000,
    "ebitda": 100600000,
    "ebitdaratio": 0.0610214728,
    "operatingIncome": 48000000,
    "operatingIncomeRatio": 0.0291156132,
    "totalOtherIncomeExpensesNet": -37600000,
    "incomeBeforeTax": 10400000,
    "incomeBeforeTaxRatio": 0.0063083829,
    "incomeTaxExpense": 4000000,
    "netIncome": 6400000,
    "netIncomeRatio": 0.0038820818,
    "eps": 0.13,
    "epsdiluted": 0.13,
    "weightedAverageShsOut": 49230769,
    "weightedAverageShsOutDil": 49230769,
    "link": null,
    "finalLink": null
  },
  {
    "date": "1994-12-31",
    "symbol": "MHK",
    "reportedCurrency": "USD",
    "cik": "0000851968",
    "fillingDate": "1994-12-31",
    "acceptedDate": "1994-12-31 00:00:00",
    "calendarYear": "1994",
    "period": "FY",
    "revenue": 1437400000,
    "costOfRevenue": 1058400000,
    "grossProfit": 379000000,
    "grossProfitRatio": 0.2636705162,
    "researchAndDevelopmentExpenses": 0,
    "generalAndAdministrativeExpenses": 0,
    "sellingAndMarketingExpenses": 0,
    "sellingGeneralAndAdministrativeExpenses": 231100000,
    "otherExpenses": 49500000,
    "operatingExpenses": 280600000,
    "costAndExpenses": 1339000000,
    "interestIncome": 0,
    "interestExpense": 40200000,
    "depreciationAndAmortization": 49500000,
    "ebitda": 147900000,
    "ebitdaratio": 0.1028941144,
    "operatingIncome": 98400000,
    "operatingIncomeRatio": 0.0684569361,
    "totalOtherIncomeExpensesNet": -40200000,
    "incomeBeforeTax": 58200000,
    "incomeBeforeTaxRatio": 0.0404897732,
    "incomeTaxExpense": 25200000,
    "netIncome": 33000000,
    "netIncomeRatio": 0.0229581188,
    "eps": 0.68,
    "epsdiluted": 0.66,
    "weightedAverageShsOut": 48529412,
    "weightedAverageShsOutDil": 50000000,
    "link": null,
    "finalLink": null
  },
  {
    "date": "1993-12-31",
    "symbol": "MHK",
    "reportedCurrency": "USD",
    "cik": "0000851968",
    "fillingDate": "1993-12-31",
    "acceptedDate": "1993-12-31 00:00:00",
    "calendarYear": "1993",
    "period": "FY",
    "revenue": 734000000,
    "costOfRevenue": 543600000,
    "grossProfit": 190400000,
    "grossProfitRatio": 0.259400545,
    "researchAndDevelopmentExpenses": 0,
    "generalAndAdministrativeExpenses": 0,
    "sellingAndMarketingExpenses": 0,
    "sellingGeneralAndAdministrativeExpenses": 118200000,
    "otherExpenses": 23100000,
    "operatingExpenses": 141300000,
    "costAndExpenses": 684900000,
    "interestIncome": 0,
    "interestExpense": 9800000,
    "depreciationAndAmortization": 23100000,
    "ebitda": 72200000,
    "ebitdaratio": 0.0983651226,
    "operatingIncome": 49100000,
    "operatingIncomeRatio": 0.066893733,
    "totalOtherIncomeExpensesNet": -9800000,
    "incomeBeforeTax": 39300000,
    "incomeBeforeTaxRatio": 0.0535422343,
    "incomeTaxExpense": 16600000,
    "netIncome": 22700000,
    "netIncomeRatio": 0.0309264305,
    "eps": 0.84,
    "epsdiluted": 0.8,
    "weightedAverageShsOut": 27023810,
    "weightedAverageShsOutDil": 28375000,
    "link": null,
    "finalLink": null
  },
  {
    "date": "1992-12-31",
    "symbol": "MHK",
    "reportedCurrency": "USD",
    "cik": "0000851968",
    "fillingDate": "1992-12-31",
    "acceptedDate": "1992-12-31 00:00:00",
    "calendarYear": "1992",
    "period": "FY",
    "revenue": 352500000,
    "costOfRevenue": 264600000,
    "grossProfit": 87900000,
    "grossProfitRatio": 0.2493617021,
    "researchAndDevelopmentExpenses": 0,
    "generalAndAdministrativeExpenses": 0,
    "sellingAndMarketingExpenses": 0,
    "sellingGeneralAndAdministrativeExpenses": 54100000,
    "otherExpenses": 7400000,
    "operatingExpenses": 61500000,
    "costAndExpenses": 326100000,
    "interestIncome": 0,
    "interestExpense": 4800000,
    "depreciationAndAmortization": 7400000,
    "ebitda": 33800000,
    "ebitdaratio": 0.0958865248,
    "operatingIncome": 26400000,
    "operatingIncomeRatio": 0.074893617,
    "totalOtherIncomeExpensesNet": -4800000,
    "incomeBeforeTax": 21600000,
    "incomeBeforeTaxRatio": 0.0612765957,
    "incomeTaxExpense": 8500000,
    "netIncome": 9500000,
    "netIncomeRatio": 0.0269503546,
    "eps": 0.42,
    "epsdiluted": 0.42,
    "weightedAverageShsOut": 22380952,
    "weightedAverageShsOutDil": 22380952,
    "link": null,
    "finalLink": null
  },
  {
    "date": "1991-12-31",
    "symbol": "MHK",
    "reportedCurrency": "USD",
    "cik": "0000851968",
    "fillingDate": "1991-12-31",
    "acceptedDate": "1991-12-31 00:00:00",
    "calendarYear": "1991",
    "period": "FY",
    "revenue": 300100000,
    "costOfRevenue": 212700000,
    "grossProfit": 87400000,
    "grossProfitRatio": 0.2912362546,
    "researchAndDevelopmentExpenses": 0,
    "generalAndAdministrativeExpenses": 0,
    "sellingAndMarketingExpenses": 0,
    "sellingGeneralAndAdministrativeExpenses": 60300000,
    "otherExpenses": 6400000,
    "operatingExpenses": 66700000,
    "costAndExpenses": 279400000,
    "interestIncome": 0,
    "interestExpense": 10100000,
    "depreciationAndAmortization": 6400000,
    "ebitda": 27100000,
    "ebitdaratio": 0.0903032323,
    "operatingIncome": 20700000,
    "operatingIncomeRatio": 0.0689770077,
    "totalOtherIncomeExpensesNet": -10100000,
    "incomeBeforeTax": 10600000,
    "incomeBeforeTaxRatio": 0.0353215595,
    "incomeTaxExpense": 4200000,
    "netIncome": 6400000,
    "netIncomeRatio": 0.0213262246,
    "eps": 0.34,
    "epsdiluted": 0.34,
    "weightedAverageShsOut": 17352941,
    "weightedAverageShsOutDil": 17352941,
    "link": null,
    "finalLink": null
  }
]