[
  {
    "date": "2025-06-30",
    "symbol": "MLM",
    "reportedCurrency": "USD",
    "cik": "0000916076",
    "fillingDate": "2025-08-07",
    "acceptedDate": "2025-08-07 16:18:28",
    "calendarYear": "2025",
    "period": "Q2",
    "revenue": 1811000000,
    "costOfRevenue": 1267000000,
    "grossProfit": 544000000,
    "grossProfitRatio": 0.3003865268,
    "researchAndDevelopmentExpenses": 0,
    "generalAndAdministrativeExpenses": 0,
    "sellingAndMarketingExpenses": 0,
    "sellingGeneralAndAdministrativeExpenses": 109000000,
    "otherExpenses": -23000000,
    "operatingExpenses": 86000000,
    "costAndExpenses": 1353000000,
    "interestIncome": 0,
    "interestExpense": 57000000,
    "depreciationAndAmortization": 167000000,
    "ebitda": 635000000,
    "ebitdaratio": 0.3506350083,
    "operatingIncome": 458000000,
    "operatingIncomeRatio": 0.2528989509,
    "totalOtherIncomeExpensesNet": -47000000,
    "incomeBeforeTax": 411000000,
    "incomeBeforeTaxRatio": 0.2269464384,
    "incomeTaxExpense": 83000000,
    "netIncome": 328000000,
    "netIncomeRatio": 0.1811154059,
    "eps": 5.44,
    "epsdiluted": 5.43,
    "weightedAverageShsOut": 60600000,
    "weightedAverageShsOutDil": 60700000,
    "link": "https://www.sec.gov/Archives/edgar/data/916076/000095017025105060/0000950170-25-105060-index.htm",
    "finalLink": "https://www.sec.gov/Archives/edgar/data/916076/000095017025105060/mlm-20250630.htm"
  },
  {
    "date": "2025-03-31",
    "symbol": "MLM",
    "reportedCurrency": "USD",
    "cik": "0000916076",
    "fillingDate": "2025-04-30",
    "acceptedDate": "2025-04-30 15:02:18",
    "calendarYear": "2025",
    "period": "Q1",
    "revenue": 1353000000,
    "costOfRevenue": 1018000000,
    "grossProfit": 335000000,
    "grossProfitRatio": 0.2475979305,
    "researchAndDevelopmentExpenses": 0,
    "generalAndAdministrativeExpenses": 0,
    "sellingAndMarketingExpenses": 0,
    "sellingGeneralAndAdministrativeExpenses": 130000000,
    "otherExpenses": 11000000,
    "operatingExpenses": 141000000,
    "costAndExpenses": 1159000000,
    "interestIncome": 0,
    "interestExpense": 56000000,
    "depreciationAndAmortization": 154000000,
    "ebitda": 358000000,
    "ebitdaratio": 0.2645971914,
    "operatingIncome": 194000000,
    "operatingIncomeRatio": 0.1433850702,
    "totalOtherIncomeExpensesNet": -46000000,
    "incomeBeforeTax": 148000000,
    "incomeBeforeTaxRatio": 0.1093865484,
    "incomeTaxExpense": 32000000,
    "netIncome": 116000000,
    "netIncomeRatio": 0.0857354028,
    "eps": 1.91,
    "epsdiluted": 1.9,
    "weightedAverageShsOut": 60900000,
    "weightedAverageShsOutDil": 61000000,
    "link": "https://www.sec.gov/Archives/edgar/data/916076/000095017025060940/0000950170-25-060940-index.htm",
    "finalLink": "https://www.sec.gov/Archives/edgar/data/916076/000095017025060940/mlm-20250331.htm"
  },
  {
    "date": "2024-12-31",
    "symbol": "MLM",
    "reportedCurrency": "USD",
    "cik": "0000916076",
    "fillingDate": "2025-02-21",
    "acceptedDate": "2025-02-21 14:57:38",
    "calendarYear": "2024",
    "period": "Q4",
    "revenue": 1631000000,
    "costOfRevenue": 1141000000,
    "grossProfit": 490000000,
    "grossProfitRatio": 0.3004291845,
    "researchAndDevelopmentExpenses": 0,
    "generalAndAdministrativeExpenses": 0,
    "sellingAndMarketingExpenses": 0,
    "sellingGeneralAndAdministrativeExpenses": 106000000,
    "otherExpenses": -15000000,
    "operatingExpenses": 91000000,
    "costAndExpenses": 1232000000,
    "interestIncome": 0,
    "interestExpense": 50000000,
    "depreciationAndAmortization": 149000000,
    "ebitda": 552000000,
    "ebitdaratio": 0.3384426732,
    "operatingIncome": 399000000,
    "operatingIncomeRatio": 0.2446351931,
    "totalOtherIncomeExpensesNet": -46000000,
    "incomeBeforeTax": 353000000,
    "incomeBeforeTaxRatio": 0.216431637,
    "incomeTaxExpense": 59000000,
    "netIncome": 294000000,
    "netIncomeRatio": 0.1802575107,
    "eps": 4.81,
    "epsdiluted": 4.79,
    "weightedAverageShsOut": 61100000,
    "weightedAverageShsOutDil": 61300000,
    "link": "https://www.sec.gov/Archives/edgar/data/916076/000095017025024770/0000950170-25-024770-index.htm",
    "finalLink": "https://www.sec.gov/Archives/edgar/data/916076/000095017025024770/mlm-20241231.htm"
  },
  {
    "date": "2024-09-30",
    "symbol": "MLM",
    "reportedCurrency": "USD",
    "cik": "0000916076",
    "fillingDate": "2024-10-30",
    "acceptedDate": "2024-10-30 14:23:20",
    "calendarYear": "2024",
    "period": "Q3",
    "revenue": 1889000000,
    "costOfRevenue": 1290000000,
    "grossProfit": 599000000,
    "grossProfitRatio": 0.3170989942,
    "researchAndDevelopmentExpenses": 0,
    "generalAndAdministrativeExpenses": 0,
    "sellingAndMarketingExpenses": 0,
    "sellingGeneralAndAdministrativeExpenses": 105000000,
    "otherExpenses": 5000000,
    "operatingExpenses": 110000000,
    "costAndExpenses": 1400000000,
    "interestIncome": 0,
    "interestExpense": 38000000,
    "depreciationAndAmortization": 152000000,
    "ebitda": 648000000,
    "ebitdaratio": 0.3430386448,
    "operatingIncome": 489000000,
    "operatingIncomeRatio": 0.2588671255,
    "totalOtherIncomeExpensesNet": -31000000,
    "incomeBeforeTax": 458000000,
    "incomeBeforeTaxRatio": 0.2424563261,
    "incomeTaxExpense": 95000000,
    "netIncome": 363000000,
    "netIncomeRatio": 0.1921651668,
    "eps": 5.93,
    "epsdiluted": 5.91,
    "weightedAverageShsOut": 61100000,
    "weightedAverageShsOutDil": 61300000,
    "link": "https://www.sec.gov/Archives/edgar/data/916076/000095017024118821/0000950170-24-118821-index.htm",
    "finalLink": "https://www.sec.gov/Archives/edgar/data/916076/000095017024118821/mlm-20240930.htm"
  },
  {
    "date": "2024-06-30",
    "symbol": "MLM",
    "reportedCurrency": "USD",
    "cik": "0000916076",
    "fillingDate": "2024-08-08",
    "acceptedDate": "2024-08-08 12:27:38",
    "calendarYear": "2024",
    "period": "Q2",
    "revenue": 1764000000,
    "costOfRevenue": 1247000000,
    "grossProfit": 517000000,
    "grossProfitRatio": 0.2930839002,
    "researchAndDevelopmentExpenses": 0,
    "generalAndAdministrativeExpenses": 0,
    "sellingAndMarketingExpenses": 0,
    "sellingGeneralAndAdministrativeExpenses": 117000000,
    "otherExpenses": 2000000,
    "operatingExpenses": 119000000,
    "costAndExpenses": 1366000000,
    "interestIncome": 0,
    "interestExpense": 40000000,
    "depreciationAndAmortization": 142000000,
    "ebitda": 554000000,
    "ebitdaratio": 0.3140589569,
    "operatingIncome": 398000000,
    "operatingIncomeRatio": 0.2256235828,
    "totalOtherIncomeExpensesNet": -26000000,
    "incomeBeforeTax": 372000000,
    "incomeBeforeTaxRatio": 0.2108843537,
    "incomeTaxExpense": 78000000,
    "netIncome": 294000000,
    "netIncomeRatio": 0.1666666667,
    "eps": 4.77,
    "epsdiluted": 4.76,
    "weightedAverageShsOut": 61500000,
    "weightedAverageShsOutDil": 61600000,
    "link": "https://www.sec.gov/Archives/edgar/data/916076/000095017024093580/0000950170-24-093580-index.htm",
    "finalLink": "https://www.sec.gov/Archives/edgar/data/916076/000095017024093580/mlm-20240630.htm"
  },
  {
    "date": "2024-03-31",
    "symbol": "MLM",
    "reportedCurrency": "USD",
    "cik": "0000916076",
    "fillingDate": "2024-04-30",
    "acceptedDate": "2024-04-30 15:37:44",
    "calendarYear": "2024",
    "period": "Q1",
    "revenue": 1251000000,
    "costOfRevenue": 979000000,
    "grossProfit": 272000000,
    "grossProfitRatio": 0.2174260592,
    "researchAndDevelopmentExpenses": 0,
    "generalAndAdministrativeExpenses": 0,
    "sellingAndMarketingExpenses": 0,
    "sellingGeneralAndAdministrativeExpenses": 118000000,
    "otherExpenses": -1267000000,
    "operatingExpenses": -1149000000,
    "costAndExpenses": -170000000,
    "interestIncome": 0,
    "interestExpense": 40000000,
    "depreciationAndAmortization": 130000000,
    "ebitda": 1584000000,
    "ebitdaratio": 1.2661870504,
    "operatingIncome": 1421000000,
    "operatingIncomeRatio": 1.135891287,
    "totalOtherIncomeExpensesNet": -7000000,
    "incomeBeforeTax": 1414000000,
    "incomeBeforeTaxRatio": 1.1302957634,
    "incomeTaxExpense": 368000000,
    "netIncome": 1045000000,
    "netIncomeRatio": 0.8353317346,
    "eps": 16.92,
    "epsdiluted": 16.87,
    "weightedAverageShsOut": 61800000,
    "weightedAverageShsOutDil": 62000000,
    "link": "https://www.sec.gov/Archives/edgar/data/916076/000095017024050478/0000950170-24-050478-index.htm",
    "finalLink": "https://www.sec.gov/Archives/edgar/data/916076/000095017024050478/mlm-20240331.htm"
  },
  {
    "date": "2023-12-31",
    "symbol": "MLM",
    "reportedCurrency": "USD",
    "cik": "0000916076",
    "fillingDate": "2024-02-23",
    "acceptedDate": "2024-02-23 14:36:46",
    "calendarYear": "2023",
    "period": "Q4",
    "revenue": 1608200000,
    "costOfRevenue": 1124800000,
    "grossProfit": 483400000,
    "grossProfitRatio": 0.3005845044,
    "researchAndDevelopmentExpenses": 0,
    "generalAndAdministrativeExpenses": 0,
    "sellingAndMarketingExpenses": 0,
    "sellingGeneralAndAdministrativeExpenses": 118700000,
    "otherExpenses": -5400000,
    "operatingExpenses": 113300000,
    "costAndExpenses": 1238100000,
    "interestIncome": 0,
    "interestExpense": 40200000,
    "depreciationAndAmortization": 128600000,
    "ebitda": 511600000,
    "ebitdaratio": 0.3181196369,
    "operatingIncome": 370100000,
    "operatingIncomeRatio": 0.230133068,
    "totalOtherIncomeExpensesNet": -27300000,
    "incomeBeforeTax": 342800000,
    "incomeBeforeTaxRatio": 0.2131575675,
    "incomeTaxExpense": 55100000,
    "netIncome": 282500000,
    "netIncomeRatio": 0.1756622311,
    "eps": 4.57,
    "epsdiluted": 4.55,
    "weightedAverageShsOut": 61800000,
    "weightedAverageShsOutDil": 62000000,
    "link": "https://www.sec.gov/Archives/edgar/data/916076/000095017024019275/0000950170-24-019275-index.htm",
    "finalLink": "https://www.sec.gov/Archives/edgar/data/916076/000095017024019275/mlm-20231231.htm"
  },
  {
    "date": "2023-09-30",
    "symbol": "MLM",
    "reportedCurrency": "USD",
    "cik": "0000916076",
    "fillingDate": "2023-11-01",
    "acceptedDate": "2023-11-01 15:06:33",
    "calendarYear": "2023",
    "period": "Q3",
    "revenue": 1994000000,
    "costOfRevenue": 1318000000,
    "grossProfit": 676000000,
    "grossProfitRatio": 0.3390170512,
    "researchAndDevelopmentExpenses": 0,
    "generalAndAdministrativeExpenses": 0,
    "sellingAndMarketingExpenses": 0,
    "sellingGeneralAndAdministrativeExpenses": 108000000,
    "otherExpenses": 1000000,
    "operatingExpenses": 109000000,
    "costAndExpenses": 1427000000,
    "interestIncome": 0,
    "interestExpense": 41000000,
    "depreciationAndAmortization": 132000000,
    "ebitda": 713000000,
    "ebitdaratio": 0.3575727182,
    "operatingIncome": 567000000,
    "operatingIncomeRatio": 0.2843530592,
    "totalOtherIncomeExpensesNet": -27000000,
    "incomeBeforeTax": 540000000,
    "incomeBeforeTaxRatio": 0.2708124373,
    "incomeTaxExpense": 110000000,
    "netIncome": 417000000,
    "netIncomeRatio": 0.2091273821,
    "eps": 6.74,
    "epsdiluted": 6.72,
    "weightedAverageShsOut": 61800000,
    "weightedAverageShsOutDil": 62000000,
    "link": "https://www.sec.gov/Archives/edgar/data/916076/000095017023057372/0000950170-23-057372-index.htm",
    "finalLink": "https://www.sec.gov/Archives/edgar/data/916076/000095017023057372/mlm-20230930.htm"
  },
  {
    "date": "2023-06-30",
    "symbol": "MLM",
    "reportedCurrency": "USD",
    "cik": "0000916076",
    "fillingDate": "2023-07-27",
    "acceptedDate": "2023-07-27 15:12:38",
    "calendarYear": "2023",
    "period": "Q2",
    "revenue": 1821000000,
    "costOfRevenue": 1261000000,
    "grossProfit": 560000000,
    "grossProfitRatio": 0.3075233388,
    "researchAndDevelopmentExpenses": 0,
    "generalAndAdministrativeExpenses": 0,
    "sellingAndMarketingExpenses": 0,
    "sellingGeneralAndAdministrativeExpenses": 112000000,
    "otherExpenses": -15000000,
    "operatingExpenses": 97000000,
    "costAndExpenses": 1358000000,
    "interestIncome": 0,
    "interestExpense": 42000000,
    "depreciationAndAmortization": 129000000,
    "ebitda": 611000000,
    "ebitdaratio": 0.3355299286,
    "operatingIncome": 463000000,
    "operatingIncomeRatio": 0.2542559033,
    "totalOtherIncomeExpensesNet": -23000000,
    "incomeBeforeTax": 440000000,
    "incomeBeforeTaxRatio": 0.2416254805,
    "incomeTaxExpense": 92000000,
    "netIncome": 348000000,
    "netIncomeRatio": 0.1911037891,
    "eps": 5.62,
    "epsdiluted": 5.61,
    "weightedAverageShsOut": 61900000,
    "weightedAverageShsOutDil": 62100000,
    "link": "https://www.sec.gov/Archives/edgar/data/916076/000095017023035096/0000950170-23-035096-index.htm",
    "finalLink": "https://www.sec.gov/Archives/edgar/data/916076/000095017023035096/mlm-20230630.htm"
  },
  {
    "date": "2023-03-31",
    "symbol": "MLM",
    "reportedCurrency": "USD",
    "cik": "0000916076",
    "fillingDate": "2023-05-04",
    "acceptedDate": "2023-05-04 15:03:35",
    "calendarYear": "2023",
    "period": "Q1",
    "revenue": 1354000000,
    "costOfRevenue": 1051000000,
    "grossProfit": 303000000,
    "grossProfitRatio": 0.2237813885,
    "researchAndDevelopmentExpenses": 0,
    "generalAndAdministrativeExpenses": 0,
    "sellingAndMarketingExpenses": 0,
    "sellingGeneralAndAdministrativeExpenses": 104000000,
    "otherExpenses": 3000000,
    "operatingExpenses": 107000000,
    "costAndExpenses": 1158000000,
    "interestIncome": 0,
    "interestExpense": 42000000,
    "depreciationAndAmortization": 124000000,
    "ebitda": 337000000,
    "ebitdaratio": 0.2488921713,
    "operatingIncome": 196000000,
    "operatingIncomeRatio": 0.1447562777,
    "totalOtherIncomeExpensesNet": -25000000,
    "incomeBeforeTax": 171000000,
    "incomeBeforeTaxRatio": 0.1262924668,
    "incomeTaxExpense": 36000000,
    "netIncome": 121000000,
    "netIncomeRatio": 0.0893648449,
    "eps": 1.96,
    "epsdiluted": 1.95,
    "weightedAverageShsOut": 62100000,
    "weightedAverageShsOutDil": 62200000,
    "link": "https://www.sec.gov/Archives/edgar/data/916076/000095017023017749/0000950170-23-017749-index.htm",
    "finalLink": "https://www.sec.gov/Archives/edgar/data/916076/000095017023017749/mlm-20230331.htm"
  },
  {
    "date": "2022-12-31",
    "symbol": "MLM",
    "reportedCurrency": "USD",
    "cik": "0000916076",
    "fillingDate": "2023-02-24",
    "acceptedDate": "2023-02-24 15:29:47",
    "calendarYear": "2022",
    "period": "Q4",
    "revenue": 1476500000,
    "costOfRevenue": 1122300000,
    "grossProfit": 354200000,
    "grossProfitRatio": 0.2398916356,
    "researchAndDevelopmentExpenses": 0,
    "generalAndAdministrativeExpenses": 0,
    "sellingAndMarketingExpenses": 0,
    "sellingGeneralAndAdministrativeExpenses": 100700000,
    "otherExpenses": -8800000,
    "operatingExpenses": 91900000,
    "costAndExpenses": 1214200000,
    "interestIncome": 0,
    "interestExpense": 42600000,
    "depreciationAndAmortization": 125700000,
    "ebitda": 401300000,
    "ebitdaratio": 0.2717913986,
    "operatingIncome": 262300000,
    "operatingIncomeRatio": 0.1776498476,
    "totalOtherIncomeExpensesNet": -29300000,
    "incomeBeforeTax": 233000000,
    "incomeBeforeTaxRatio": 0.1578056214,
    "incomeTaxExpense": 45400000,
    "netIncome": 183600000,
    "netIncomeRatio": 0.1243481206,
    "eps": 2.96,
    "epsdiluted": 2.95,
    "weightedAverageShsOut": 62100000,
    "weightedAverageShsOutDil": 62300000,
    "link": "https://www.sec.gov/Archives/edgar/data/916076/000095017023004361/0000950170-23-004361-index.htm",
    "finalLink": "https://www.sec.gov/Archives/edgar/data/916076/000095017023004361/mlm-20221231.htm"
  },
  {
    "date": "2022-09-30",
    "symbol": "MLM",
    "reportedCurrency": "USD",
    "cik": "0000916076",
    "fillingDate": "2022-11-02",
    "acceptedDate": "2022-11-02 14:51:41",
    "calendarYear": "2022",
    "period": "Q3",
    "revenue": 1811700000,
    "costOfRevenue": 1323900000,
    "grossProfit": 487800000,
    "grossProfitRatio": 0.2692498758,
    "researchAndDevelopmentExpenses": 0,
    "generalAndAdministrativeExpenses": 0,
    "sellingAndMarketingExpenses": 0,
    "sellingGeneralAndAdministrativeExpenses": 94900000,
    "otherExpenses": -13000000,
    "operatingExpenses": 81900000,
    "costAndExpenses": 1405800000,
    "interestIncome": 0,
    "interestExpense": 42800000,
    "depreciationAndAmortization": 123700000,
    "ebitda": 536900000,
    "ebitdaratio": 0.2963514931,
    "operatingIncome": 405900000,
    "operatingIncomeRatio": 0.2240437158,
    "totalOtherIncomeExpensesNet": -35500000,
    "incomeBeforeTax": 370400000,
    "incomeBeforeTaxRatio": 0.2044488602,
    "incomeTaxExpense": 79200000,
    "netIncome": 295300000,
    "netIncomeRatio": 0.162996081,
    "eps": 4.74,
    "epsdiluted": 4.73,
    "weightedAverageShsOut": 62300000,
    "weightedAverageShsOutDil": 62500000,
    "link": "https://www.sec.gov/Archives/edgar/data/916076/000095017022021173/0000950170-22-021173-index.htm",
    "finalLink": "https://www.sec.gov/Archives/edgar/data/916076/000095017022021173/mlm-20220930.htm"
  },
  {
    "date": "2022-06-30",
    "symbol": "MLM",
    "reportedCurrency": "USD",
    "cik": "0000916076",
    "fillingDate": "2022-07-28",
    "acceptedDate": "2022-07-28 15:37:43",
    "calendarYear": "2022",
    "period": "Q2",
    "revenue": 1641700000,
    "costOfRevenue": 1216500000,
    "grossProfit": 425200000,
    "grossProfitRatio": 0.2589998173,
    "researchAndDevelopmentExpenses": 0,
    "generalAndAdministrativeExpenses": 0,
    "sellingAndMarketingExpenses": 0,
    "sellingGeneralAndAdministrativeExpenses": 104100000,
    "otherExpenses": -157500000,
    "operatingExpenses": -53400000,
    "costAndExpenses": 1163100000,
    "interestIncome": 0,
    "interestExpense": 43100000,
    "depreciationAndAmortization": 128400000,
    "ebitda": 629000000,
    "ebitdaratio": 0.3831394286,
    "operatingIncome": 478600000,
    "operatingIncomeRatio": 0.2915270756,
    "totalOtherIncomeExpensesNet": -21100000,
    "incomeBeforeTax": 457500000,
    "incomeBeforeTaxRatio": 0.2786745447,
    "incomeTaxExpense": 104400000,
    "netIncome": 366500000,
    "netIncomeRatio": 0.2232441981,
    "eps": 5.87,
    "epsdiluted": 5.86,
    "weightedAverageShsOut": 62400000,
    "weightedAverageShsOutDil": 62500000,
    "link": "https://www.sec.gov/Archives/edgar/data/916076/000095017022013360/0000950170-22-013360-index.htm",
    "finalLink": "https://www.sec.gov/Archives/edgar/data/916076/000095017022013360/mlm-20220630.htm"
  },
  {
    "date": "2022-03-31",
    "symbol": "MLM",
    "reportedCurrency": "USD",
    "cik": "0000916076",
    "fillingDate": "2022-05-03",
    "acceptedDate": "2022-05-03 15:53:02",
    "calendarYear": "2022",
    "period": "Q1",
    "revenue": 1230800000,
    "costOfRevenue": 1074700000,
    "grossProfit": 156100000,
    "grossProfitRatio": 0.1268280793,
    "researchAndDevelopmentExpenses": 0,
    "generalAndAdministrativeExpenses": 0,
    "sellingAndMarketingExpenses": 0,
    "sellingGeneralAndAdministrativeExpenses": 97100000,
    "otherExpenses": -900000,
    "operatingExpenses": 96200000,
    "costAndExpenses": 1170900000,
    "interestIncome": 0,
    "interestExpense": 40500000,
    "depreciationAndAmortization": 128200000,
    "ebitda": 198900000,
    "ebitdaratio": 0.1616022099,
    "operatingIncome": 59900000,
    "operatingIncomeRatio": 0.0486675333,
    "totalOtherIncomeExpensesNet": -29700000,
    "incomeBeforeTax": 30200000,
    "incomeBeforeTaxRatio": 0.0245368866,
    "incomeTaxExpense": 5800000,
    "netIncome": 21400000,
    "netIncomeRatio": 0.0173870653,
    "eps": 0.34,
    "epsdiluted": 0.34,
    "weightedAverageShsOut": 62400000,
    "weightedAverageShsOutDil": 62600000,
    "link": "https://www.sec.gov/Archives/edgar/data/916076/000156459022017406/0001564590-22-017406-index.htm",
    "finalLink": "https://www.sec.gov/Archives/edgar/data/916076/000156459022017406/mlm-10q_20220331.htm"
  },
  {
    "date": "2021-12-31",
    "symbol": "MLM",
    "reportedCurrency": "USD",
    "cik": "0000916076",
    "fillingDate": "2022-02-22",
    "acceptedDate": "2022-02-22 17:25:16",
    "calendarYear": "2021",
    "period": "Q4",
    "revenue": 1496400000,
    "costOfRevenue": 1149700000,
    "grossProfit": 346700000,
    "grossProfitRatio": 0.2316893879,
    "researchAndDevelopmentExpenses": 0,
    "generalAndAdministrativeExpenses": 0,
    "sellingAndMarketingExpenses": 0,
    "sellingGeneralAndAdministrativeExpenses": 102800000,
    "otherExpenses": 33800000,
    "operatingExpenses": 136600000,
    "costAndExpenses": 1286300000,
    "interestIncome": 0,
    "interestExpense": 42800000,
    "depreciationAndAmortization": 131700000,
    "ebitda": 342400000,
    "ebitdaratio": 0.2288158246,
    "operatingIncome": 210100000,
    "operatingIncomeRatio": 0.1404036354,
    "totalOtherIncomeExpensesNet": -42200000,
    "incomeBeforeTax": 167900000,
    "incomeBeforeTaxRatio": 0.1122026196,
    "incomeTaxExpense": 11500000,
    "netIncome": 156800000,
    "netIncomeRatio": 0.1047848169,
    "eps": 2.51,
    "epsdiluted": 2.5,
    "weightedAverageShsOut": 62400000,
    "weightedAverageShsOutDil": 62700000,
    "link": "https://www.sec.gov/Archives/edgar/data/916076/000156459022005965/0001564590-22-005965-index.htm",
    "finalLink": "https://www.sec.gov/Archives/edgar/data/916076/000156459022005965/mlm-10k_20211231.htm"
  },
  {
    "date": "2021-09-30",
    "symbol": "MLM",
    "reportedCurrency": "USD",
    "cik": "0000916076",
    "fillingDate": "2021-11-02",
    "acceptedDate": "2021-11-02 15:06:34",
    "calendarYear": "2021",
    "period": "Q3",
    "revenue": 1557300000,
    "costOfRevenue": 1115400000,
    "grossProfit": 441900000,
    "grossProfitRatio": 0.2837603545,
    "researchAndDevelopmentExpenses": 0,
    "generalAndAdministrativeExpenses": 0,
    "sellingAndMarketingExpenses": 0,
    "sellingGeneralAndAdministrativeExpenses": 86000000,
    "otherExpenses": -1000000,
    "operatingExpenses": 85000000,
    "costAndExpenses": 1200400000,
    "interestIncome": 0,
    "interestExpense": 44300000,
    "depreciationAndAmortization": 113500000,
    "ebitda": 476000000,
    "ebitdaratio": 0.3056572273,
    "operatingIncome": 356900000,
    "operatingIncomeRatio": 0.2291787067,
    "totalOtherIncomeExpensesNet": -38700000,
    "incomeBeforeTax": 318200000,
    "incomeBeforeTaxRatio": 0.2043280036,
    "incomeTaxExpense": 63600000,
    "netIncome": 254600000,
    "netIncomeRatio": 0.1634880884,
    "eps": 4.08,
    "epsdiluted": 4.07,
    "weightedAverageShsOut": 62400000,
    "weightedAverageShsOutDil": 62600000,
    "link": "https://www.sec.gov/Archives/edgar/data/916076/000156459021053473/0001564590-21-053473-index.htm",
    "finalLink": "https://www.sec.gov/Archives/edgar/data/916076/000156459021053473/mlm-10q_20210930.htm"
  },
  {
    "date": "2021-06-30",
    "symbol": "MLM",
    "reportedCurrency": "USD",
    "cik": "0000916076",
    "fillingDate": "2021-07-29",
    "acceptedDate": "2021-07-29 15:51:36",
    "calendarYear": "2021",
    "period": "Q2",
    "revenue": 1377900000,
    "costOfRevenue": 992800000,
    "grossProfit": 385100000,
    "grossProfitRatio": 0.2794832716,
    "researchAndDevelopmentExpenses": 0,
    "generalAndAdministrativeExpenses": 0,
    "sellingAndMarketingExpenses": 0,
    "sellingGeneralAndAdministrativeExpenses": 82400000,
    "otherExpenses": -4800000,
    "operatingExpenses": 77600000,
    "costAndExpenses": 1070400000,
    "interestIncome": 0,
    "interestExpense": 28100000,
    "depreciationAndAmortization": 107900000,
    "ebitda": 424100000,
    "ebitdaratio": 0.3077872124,
    "operatingIncome": 307500000,
    "operatingIncomeRatio": 0.2231656869,
    "totalOtherIncomeExpensesNet": -19400000,
    "incomeBeforeTax": 288100000,
    "incomeBeforeTaxRatio": 0.2090862907,
    "incomeTaxExpense": 62300000,
    "netIncome": 225800000,
    "netIncomeRatio": 0.1638725597,
    "eps": 3.62,
    "epsdiluted": 3.61,
    "weightedAverageShsOut": 62400000,
    "weightedAverageShsOutDil": 62500000,
    "link": "https://www.sec.gov/Archives/edgar/data/916076/000156459021039101/0001564590-21-039101-index.htm",
    "finalLink": "https://www.sec.gov/Archives/edgar/data/916076/000156459021039101/mlm-10q_20210630.htm"
  },
  {
    "date": "2021-03-31",
    "symbol": "MLM",
    "reportedCurrency": "USD",
    "cik": "0000916076",
    "fillingDate": "2021-05-04",
    "acceptedDate": "2021-05-04 14:05:13",
    "calendarYear": "2021",
    "period": "Q1",
    "revenue": 982400000,
    "costOfRevenue": 807700000,
    "grossProfit": 174700000,
    "grossProfitRatio": 0.1778298046,
    "researchAndDevelopmentExpenses": 0,
    "generalAndAdministrativeExpenses": 0,
    "sellingAndMarketingExpenses": 0,
    "sellingGeneralAndAdministrativeExpenses": 79800000,
    "otherExpenses": -4400000,
    "operatingExpenses": 75400000,
    "costAndExpenses": 883100000,
    "interestIncome": 0,
    "interestExpense": 27400000,
    "depreciationAndAmortization": 98600000,
    "ebitda": 207400000,
    "ebitdaratio": 0.2111156352,
    "operatingIncome": 99300000,
    "operatingIncomeRatio": 0.1010789902,
    "totalOtherIncomeExpensesNet": -17900000,
    "incomeBeforeTax": 81400000,
    "incomeBeforeTaxRatio": 0.0828583062,
    "incomeTaxExpense": 15900000,
    "netIncome": 65300000,
    "netIncomeRatio": 0.0664698697,
    "eps": 1.05,
    "epsdiluted": 1.04,
    "weightedAverageShsOut": 62300000,
    "weightedAverageShsOutDil": 62500000,
    "link": "https://www.sec.gov/Archives/edgar/data/916076/000156459021023197/0001564590-21-023197-index.htm",
    "finalLink": "https://www.sec.gov/Archives/edgar/data/916076/000156459021023197/mlm-10q_20210331.htm"
  },
  {
    "date": "2020-12-31",
    "symbol": "MLM",
    "reportedCurrency": "USD",
    "cik": "0000916076",
    "fillingDate": "2021-02-19",
    "acceptedDate": "2021-02-19 16:36:13",
    "calendarYear": "2020",
    "period": "Q4",
    "revenue": 1179600000,
    "costOfRevenue": 854200000,
    "grossProfit": 325400000,
    "grossProfitRatio": 0.2758562224,
    "researchAndDevelopmentExpenses": 0,
    "generalAndAdministrativeExpenses": 0,
    "sellingAndMarketingExpenses": 0,
    "sellingGeneralAndAdministrativeExpenses": 84900000,
    "otherExpenses": -100000,
    "operatingExpenses": 84800000,
    "costAndExpenses": 939000000,
    "interestIncome": 0,
    "interestExpense": 28400000,
    "depreciationAndAmortization": 101300000,
    "ebitda": 338000000,
    "ebitdaratio": 0.2865378094,
    "operatingIncome": 240600000,
    "operatingIncomeRatio": 0.2039674466,
    "totalOtherIncomeExpensesNet": -32300000,
    "incomeBeforeTax": 208300000,
    "incomeBeforeTaxRatio": 0.1765852831,
    "incomeTaxExpense": 25200000,
    "netIncome": 183000000,
    "netIncomeRatio": 0.1551373347,
    "eps": 2.94,
    "epsdiluted": 2.93,
    "weightedAverageShsOut": 62300000,
    "weightedAverageShsOutDil": 62500000,
    "link": "https://www.sec.gov/Archives/edgar/data/916076/000156459021006959/0001564590-21-006959-index.htm",
    "finalLink": "https://www.sec.gov/Archives/edgar/data/916076/000156459021006959/mlm-10k_20201231.htm"
  },
  {
    "date": "2020-09-30",
    "symbol": "MLM",
    "reportedCurrency": "USD",
    "cik": "0000916076",
    "fillingDate": "2020-10-29",
    "acceptedDate": "2020-10-29 16:09:00",
    "calendarYear": "2020",
    "period": "Q3",
    "revenue": 1321400000,
    "costOfRevenue": 916900000,
    "grossProfit": 404500000,
    "grossProfitRatio": 0.3061147268,
    "researchAndDevelopmentExpenses": 0,
    "generalAndAdministrativeExpenses": 0,
    "sellingAndMarketingExpenses": 0,
    "sellingGeneralAndAdministrativeExpenses": 71100000,
    "otherExpenses": -67200000,
    "operatingExpenses": 3900000,
    "costAndExpenses": 920800000,
    "interestIncome": 0,
    "interestExpense": 28700000,
    "depreciationAndAmortization": 98800000,
    "ebitda": 503400000,
    "ebitdaratio": 0.3809595883,
    "operatingIncome": 400600000,
    "operatingIncomeRatio": 0.3031633116,
    "totalOtherIncomeExpensesNet": -24700000,
    "incomeBeforeTax": 375900000,
    "incomeBeforeTaxRatio": 0.2844710156,
    "incomeTaxExpense": 81500000,
    "netIncome": 294400000,
    "netIncomeRatio": 0.2227940064,
    "eps": 4.72,
    "epsdiluted": 4.71,
    "weightedAverageShsOut": 62300000,
    "weightedAverageShsOutDil": 62400000,
    "link": "https://www.sec.gov/Archives/edgar/data/916076/000156459020048849/0001564590-20-048849-index.htm",
    "finalLink": "https://www.sec.gov/Archives/edgar/data/916076/000156459020048849/mlm-10q_20200930.htm"
  },
  {
    "date": "2020-06-30",
    "symbol": "MLM",
    "reportedCurrency": "USD",
    "cik": "0000916076",
    "fillingDate": "2020-07-28",
    "acceptedDate": "2020-07-28 13:41:14",
    "calendarYear": "2020",
    "period": "Q2",
    "revenue": 1270600000,
    "costOfRevenue": 890100000,
    "grossProfit": 380500000,
    "grossProfitRatio": 0.2994648198,
    "researchAndDevelopmentExpenses": 0,
    "generalAndAdministrativeExpenses": 0,
    "sellingAndMarketingExpenses": 0,
    "sellingGeneralAndAdministrativeExpenses": 71200000,
    "otherExpenses": 2900000,
    "operatingExpenses": 74100000,
    "costAndExpenses": 964200000,
    "interestIncome": 0,
    "interestExpense": 31200000,
    "depreciationAndAmortization": 98400000,
    "ebitda": 408600000,
    "ebitdaratio": 0.3215803557,
    "operatingIncome": 306400000,
    "operatingIncomeRatio": 0.2411459153,
    "totalOtherIncomeExpensesNet": -27400000,
    "incomeBeforeTax": 279000000,
    "incomeBeforeTaxRatio": 0.2195813002,
    "incomeTaxExpense": 61400000,
    "netIncome": 217600000,
    "netIncomeRatio": 0.1712576735,
    "eps": 3.49,
    "epsdiluted": 3.49,
    "weightedAverageShsOut": 62300000,
    "weightedAverageShsOutDil": 62300000,
    "link": "https://www.sec.gov/Archives/edgar/data/916076/000156459020033797/0001564590-20-033797-index.htm",
    "finalLink": "https://www.sec.gov/Archives/edgar/data/916076/000156459020033797/mlm-10q_20200630.htm"
  },
  {
    "date": "2020-03-31",
    "symbol": "MLM",
    "reportedCurrency": "USD",
    "cik": "0000916076",
    "fillingDate": "2020-05-05",
    "acceptedDate": "2020-05-05 16:23:11",
    "calendarYear": "2020",
    "period": "Q1",
    "revenue": 958200000,
    "costOfRevenue": 815800000,
    "grossProfit": 142400000,
    "grossProfitRatio": 0.1486119808,
    "researchAndDevelopmentExpenses": 0,
    "generalAndAdministrativeExpenses": 0,
    "sellingAndMarketingExpenses": 0,
    "sellingGeneralAndAdministrativeExpenses": 78700000,
    "otherExpenses": 5900000,
    "operatingExpenses": 84600000,
    "costAndExpenses": 900400000,
    "interestIncome": 0,
    "interestExpense": 29800000,
    "depreciationAndAmortization": 95000000,
    "ebitda": 150800000,
    "ebitdaratio": 0.1573784179,
    "operatingIncome": 57800000,
    "operatingIncomeRatio": 0.060321436,
    "totalOtherIncomeExpensesNet": -31800000,
    "incomeBeforeTax": 26000000,
    "incomeBeforeTaxRatio": 0.02713421,
    "incomeTaxExpense": 100000,
    "netIncome": 25900000,
    "netIncomeRatio": 0.0270298476,
    "eps": 0.42,
    "epsdiluted": 0.41,
    "weightedAverageShsOut": 62300000,
    "weightedAverageShsOutDil": 62500000,
    "link": "https://www.sec.gov/Archives/edgar/data/916076/000156459020021286/0001564590-20-021286-index.htm",
    "finalLink": "https://www.sec.gov/Archives/edgar/data/916076/000156459020021286/mlm-10q_20200331.htm"
  },
  {
    "date": "2019-12-31",
    "symbol": "MLM",
    "reportedCurrency": "USD",
    "cik": "0000916076",
    "fillingDate": "2020-02-21",
    "acceptedDate": "2020-02-21 16:57:43",
    "calendarYear": "2019",
    "period": "Q4",
    "revenue": 1100432000,
    "costOfRevenue": 841850000,
    "grossProfit": 258582000,
    "grossProfitRatio": 0.2349822615,
    "researchAndDevelopmentExpenses": 0,
    "generalAndAdministrativeExpenses": 0,
    "sellingAndMarketingExpenses": 0,
    "sellingGeneralAndAdministrativeExpenses": 73745000,
    "otherExpenses": 302000,
    "operatingExpenses": 74047000,
    "costAndExpenses": 915897000,
    "interestIncome": 0,
    "interestExpense": 30620000,
    "depreciationAndAmortization": 94526000,
    "ebitda": 281451000,
    "ebitdaratio": 0.2557640999,
    "operatingIncome": 184535000,
    "operatingIncomeRatio": 0.1676932332,
    "totalOtherIncomeExpensesNet": -28230000,
    "incomeBeforeTax": 156305000,
    "incomeBeforeTaxRatio": 0.1420396717,
    "incomeTaxExpense": 25223000,
    "netIncome": 130999000,
    "netIncomeRatio": 0.1190432485,
    "eps": 2.1,
    "epsdiluted": 2.09,
    "weightedAverageShsOut": 62456000,
    "weightedAverageShsOutDil": 62667000,
    "link": "https://www.sec.gov/Archives/edgar/data/916076/000156459020005784/0001564590-20-005784-index.htm",
    "finalLink": "https://www.sec.gov/Archives/edgar/data/916076/000156459020005784/mlm-10k_20191231.htm"
  },
  {
    "date": "2019-09-30",
    "symbol": "MLM",
    "reportedCurrency": "USD",
    "cik": "0000916076",
    "fillingDate": "2019-10-30",
    "acceptedDate": "2019-10-30 13:23:29",
    "calendarYear": "2019",
    "period": "Q3",
    "revenue": 1420200000,
    "costOfRevenue": 999600000,
    "grossProfit": 420600000,
    "grossProfitRatio": 0.2961554711,
    "researchAndDevelopmentExpenses": 0,
    "generalAndAdministrativeExpenses": 0,
    "sellingAndMarketingExpenses": 0,
    "sellingGeneralAndAdministrativeExpenses": 78200000,
    "otherExpenses": -2900000,
    "operatingExpenses": 75300000,
    "costAndExpenses": 1074900000,
    "interestIncome": 0,
    "interestExpense": 32400000,
    "depreciationAndAmortization": 95000000,
    "ebitda": 442200000,
    "ebitdaratio": 0.3113645965,
    "operatingIncome": 345300000,
    "operatingIncomeRatio": 0.2431347698,
    "totalOtherIncomeExpensesNet": -30500000,
    "incomeBeforeTax": 314800000,
    "incomeBeforeTaxRatio": 0.2216589213,
    "incomeTaxExpense": 66200000,
    "netIncome": 248600000,
    "netIncomeRatio": 0.1750457682,
    "eps": 3.97,
    "epsdiluted": 3.96,
    "weightedAverageShsOut": 62500000,
    "weightedAverageShsOutDil": 62700000,
    "link": "https://www.sec.gov/Archives/edgar/data/916076/000156459019038626/0001564590-19-038626-index.htm",
    "finalLink": "https://www.sec.gov/Archives/edgar/data/916076/000156459019038626/mlm-10q_20190930.htm"
  },
  {
    "date": "2019-06-30",
    "symbol": "MLM",
    "reportedCurrency": "USD",
    "cik": "0000916076",
    "fillingDate": "2019-07-31",
    "acceptedDate": "2019-07-31 15:01:23",
    "calendarYear": "2019",
    "period": "Q2",
    "revenue": 1279500000,
    "costOfRevenue": 922600000,
    "grossProfit": 356900000,
    "grossProfitRatio": 0.2789370848,
    "researchAndDevelopmentExpenses": 0,
    "generalAndAdministrativeExpenses": 0,
    "sellingAndMarketingExpenses": 0,
    "sellingGeneralAndAdministrativeExpenses": 72400000,
    "otherExpenses": -1400000,
    "operatingExpenses": 71000000,
    "costAndExpenses": 993600000,
    "interestIncome": 0,
    "interestExpense": 33300000,
    "depreciationAndAmortization": 92800000,
    "ebitda": 365500000,
    "ebitdaratio": 0.2856584603,
    "operatingIncome": 285900000,
    "operatingIncomeRatio": 0.2234466589,
    "totalOtherIncomeExpensesNet": -46500000,
    "incomeBeforeTax": 239400000,
    "incomeBeforeTaxRatio": 0.1871043376,
    "incomeTaxExpense": 49900000,
    "netIncome": 189500000,
    "netIncomeRatio": 0.1481047284,
    "eps": 3.02,
    "epsdiluted": 3.01,
    "weightedAverageShsOut": 62600000,
    "weightedAverageShsOutDil": 62700000,
    "link": "https://www.sec.gov/Archives/edgar/data/916076/000156459019027408/0001564590-19-027408-index.htm",
    "finalLink": "https://www.sec.gov/Archives/edgar/data/916076/000156459019027408/mlm-10q_20190630.htm"
  },
  {
    "date": "2019-03-31",
    "symbol": "MLM",
    "reportedCurrency": "USD",
    "cik": "0000916076",
    "fillingDate": "2019-05-01",
    "acceptedDate": "2019-05-01 16:50:50",
    "calendarYear": "2019",
    "period": "Q1",
    "revenue": 939000000,
    "costOfRevenue": 796100000,
    "grossProfit": 142900000,
    "grossProfitRatio": 0.1521831736,
    "researchAndDevelopmentExpenses": 0,
    "generalAndAdministrativeExpenses": 0,
    "sellingAndMarketingExpenses": 0,
    "sellingGeneralAndAdministrativeExpenses": 78300000,
    "otherExpenses": -4600000,
    "operatingExpenses": 73700000,
    "costAndExpenses": 869800000,
    "interestIncome": 0,
    "interestExpense": 32900000,
    "depreciationAndAmortization": 89200000,
    "ebitda": 160000000,
    "ebitdaratio": 0.1703940362,
    "operatingIncome": 69200000,
    "operatingIncomeRatio": 0.0736954207,
    "totalOtherIncomeExpensesNet": -31300000,
    "incomeBeforeTax": 37900000,
    "incomeBeforeTaxRatio": 0.0403620873,
    "incomeTaxExpense": -5000000,
    "netIncome": 42900000,
    "netIncomeRatio": 0.045686901,
    "eps": 0.68,
    "epsdiluted": 0.68,
    "weightedAverageShsOut": 62600000,
    "weightedAverageShsOutDil": 62800000,
    "link": "https://www.sec.gov/Archives/edgar/data/916076/000156459019014862/0001564590-19-014862-index.htm",
    "finalLink": "https://www.sec.gov/Archives/edgar/data/916076/000156459019014862/mlm-10q_20190331.htm"
  },
  {
    "date": "2018-12-31",
    "symbol": "MLM",
    "reportedCurrency": "USD",
    "cik": "0000916076",
    "fillingDate": "2019-02-25",
    "acceptedDate": "2019-02-25 16:38:50",
    "calendarYear": "2018",
    "period": "Q4",
    "revenue": 1020218000,
    "costOfRevenue": 792934000,
    "grossProfit": 227284000,
    "grossProfitRatio": 0.2227798373,
    "researchAndDevelopmentExpenses": 0,
    "generalAndAdministrativeExpenses": 0,
    "sellingAndMarketingExpenses": 0,
    "sellingGeneralAndAdministrativeExpenses": 70922000,
    "otherExpenses": 9321000,
    "operatingExpenses": 80243000,
    "costAndExpenses": 873177000,
    "interestIncome": 0,
    "interestExpense": 33543000,
    "depreciationAndAmortization": 90833000,
    "ebitda": 240414000,
    "ebitdaratio": 0.2356496357,
    "operatingIncome": 147041000,
    "operatingIncomeRatio": 0.1441270395,
    "totalOtherIncomeExpensesNet": -31003000,
    "incomeBeforeTax": 116038000,
    "incomeBeforeTaxRatio": 0.1137384363,
    "incomeTaxExpense": 21558000,
    "netIncome": 94377000,
    "netIncomeRatio": 0.0925066995,
    "eps": 1.5,
    "epsdiluted": 1.5,
    "weightedAverageShsOut": 62672000,
    "weightedAverageShsOutDil": 62918000,
    "link": "https://www.sec.gov/Archives/edgar/data/916076/000119312519049961/0001193125-19-049961-index.htm",
    "finalLink": "https://www.sec.gov/Archives/edgar/data/916076/000119312519049961/d640896d10k.htm"
  },
  {
    "date": "2018-09-30",
    "symbol": "MLM",
    "reportedCurrency": "USD",
    "cik": "0000916076",
    "fillingDate": "2018-11-07",
    "acceptedDate": "2018-11-07 15:00:15",
    "calendarYear": "2018",
    "period": "Q3",
    "revenue": 1219640000,
    "costOfRevenue": 906656000,
    "grossProfit": 312984000,
    "grossProfitRatio": 0.2566199862,
    "researchAndDevelopmentExpenses": 0,
    "generalAndAdministrativeExpenses": 0,
    "sellingAndMarketingExpenses": 0,
    "sellingGeneralAndAdministrativeExpenses": 68441000,
    "otherExpenses": 3881000,
    "operatingExpenses": 72322000,
    "costAndExpenses": 978978000,
    "interestIncome": 0,
    "interestExpense": 35468000,
    "depreciationAndAmortization": 89655000,
    "ebitda": 334565000,
    "ebitdaratio": 0.2743145518,
    "operatingIncome": 240662000,
    "operatingIncomeRatio": 0.1973221606,
    "totalOtherIncomeExpensesNet": -31220000,
    "incomeBeforeTax": 209442000,
    "incomeBeforeTaxRatio": 0.1717244433,
    "incomeTaxExpense": 29089000,
    "netIncome": 180221000,
    "netIncomeRatio": 0.1477657342,
    "eps": 2.86,
    "epsdiluted": 2.85,
    "weightedAverageShsOut": 62932000,
    "weightedAverageShsOutDil": 63167000,
    "link": "https://www.sec.gov/Archives/edgar/data/916076/000156459018027925/0001564590-18-027925-index.htm",
    "finalLink": "https://www.sec.gov/Archives/edgar/data/916076/000156459018027925/mlm-10q_20180930.htm"
  },
  {
    "date": "2018-06-30",
    "symbol": "MLM",
    "reportedCurrency": "USD",
    "cik": "0000916076",
    "fillingDate": "2018-07-27",
    "acceptedDate": "2018-07-27 14:31:41",
    "calendarYear": "2018",
    "period": "Q2",
    "revenue": 1202403000,
    "costOfRevenue": 886486000,
    "grossProfit": 315917000,
    "grossProfitRatio": 0.2627380338,
    "researchAndDevelopmentExpenses": 0,
    "generalAndAdministrativeExpenses": 0,
    "sellingAndMarketingExpenses": 0,
    "sellingGeneralAndAdministrativeExpenses": 71070000,
    "otherExpenses": -19106000,
    "operatingExpenses": 51964000,
    "costAndExpenses": 938450000,
    "interestIncome": 0,
    "interestExpense": 32971000,
    "depreciationAndAmortization": 86724000,
    "ebitda": 357799000,
    "ebitdaratio": 0.2975699495,
    "operatingIncome": 263953000,
    "operatingIncomeRatio": 0.219521242,
    "totalOtherIncomeExpensesNet": -25849000,
    "incomeBeforeTax": 238104000,
    "incomeBeforeTaxRatio": 0.198023458,
    "incomeTaxExpense": 52601000,
    "netIncome": 185377000,
    "netIncomeRatio": 0.1541721037,
    "eps": 2.94,
    "epsdiluted": 2.92,
    "weightedAverageShsOut": 63021000,
    "weightedAverageShsOutDil": 63285000,
    "link": "https://www.sec.gov/Archives/edgar/data/916076/000156459018017737/0001564590-18-017737-index.htm",
    "finalLink": "https://www.sec.gov/Archives/edgar/data/916076/000156459018017737/mlm-10q_20180630.htm"
  },
  {
    "date": "2018-03-31",
    "symbol": "MLM",
    "reportedCurrency": "USD",
    "cik": "0000916076",
    "fillingDate": "2018-05-08",
    "acceptedDate": "2018-05-08 16:42:00",
    "calendarYear": "2018",
    "period": "Q1",
    "revenue": 802004000,
    "costOfRevenue": 691612000,
    "grossProfit": 110392000,
    "grossProfitRatio": 0.1376451988,
    "researchAndDevelopmentExpenses": 0,
    "generalAndAdministrativeExpenses": 0,
    "sellingAndMarketingExpenses": 0,
    "sellingGeneralAndAdministrativeExpenses": 70121000,
    "otherExpenses": 1190000,
    "operatingExpenses": 71311000,
    "costAndExpenses": 762923000,
    "interestIncome": 0,
    "interestExpense": 35087000,
    "depreciationAndAmortization": 76821000,
    "ebitda": 124405000,
    "ebitdaratio": 0.1551176802,
    "operatingIncome": 39081000,
    "operatingIncomeRatio": 0.0487291834,
    "totalOtherIncomeExpensesNet": -26584000,
    "incomeBeforeTax": 12497000,
    "incomeBeforeTaxRatio": 0.0155822165,
    "incomeTaxExpense": 2457000,
    "netIncome": 10023000,
    "netIncomeRatio": 0.0124974439,
    "eps": 0.16,
    "epsdiluted": 0.16,
    "weightedAverageShsOut": 62957000,
    "weightedAverageShsOutDil": 63222000,
    "link": "https://www.sec.gov/Archives/edgar/data/916076/000156459018011888/0001564590-18-011888-index.htm",
    "finalLink": "https://www.sec.gov/Archives/edgar/data/916076/000156459018011888/mlm-10q_20180331.htm"
  },
  {
    "date": "2017-12-31",
    "symbol": "MLM",
    "reportedCurrency": "USD",
    "cik": "0000916076",
    "fillingDate": "2018-02-23",
    "acceptedDate": "2018-02-23 15:41:37",
    "calendarYear": "2017",
    "period": "Q4",
    "revenue": 970478000,
    "costOfRevenue": 711376000,
    "grossProfit": 259102000,
    "grossProfitRatio": 0.2669838987,
    "researchAndDevelopmentExpenses": 0,
    "generalAndAdministrativeExpenses": 0,
    "sellingAndMarketingExpenses": 0,
    "sellingGeneralAndAdministrativeExpenses": 67001000,
    "otherExpenses": 8687000,
    "operatingExpenses": 75688000,
    "costAndExpenses": 787064000,
    "interestIncome": 0,
    "interestExpense": 23450000,
    "depreciationAndAmortization": 75744000,
    "ebitda": 262758000,
    "ebitdaratio": 0.2707511144,
    "operatingIncome": 183414000,
    "operatingIncomeRatio": 0.1889934651,
    "totalOtherIncomeExpensesNet": -19850000,
    "incomeBeforeTax": 163564000,
    "incomeBeforeTaxRatio": 0.1685396269,
    "incomeTaxExpense": -213734000,
    "netIncome": 377183000,
    "netIncomeRatio": 0.3886569299,
    "eps": 5.98,
    "epsdiluted": 5.95,
    "weightedAverageShsOut": 62900000,
    "weightedAverageShsOutDil": 63200000,
    "link": "https://www.sec.gov/Archives/edgar/data/916076/000119312518055887/0001193125-18-055887-index.htm",
    "finalLink": "https://www.sec.gov/Archives/edgar/data/916076/000119312518055887/d529448d10k.htm"
  },
  {
    "date": "2017-09-30",
    "symbol": "MLM",
    "reportedCurrency": "USD",
    "cik": "0000916076",
    "fillingDate": "2017-11-02",
    "acceptedDate": "2017-11-02 16:41:53",
    "calendarYear": "2017",
    "period": "Q3",
    "revenue": 1087732000,
    "costOfRevenue": 796054000,
    "grossProfit": 291678000,
    "grossProfitRatio": 0.2681524493,
    "researchAndDevelopmentExpenses": 0,
    "generalAndAdministrativeExpenses": 0,
    "sellingAndMarketingExpenses": 0,
    "sellingGeneralAndAdministrativeExpenses": 57219000,
    "otherExpenses": 7495000,
    "operatingExpenses": 64714000,
    "costAndExpenses": 860768000,
    "interestIncome": 0,
    "interestExpense": 23141000,
    "depreciationAndAmortization": 75316000,
    "ebitda": 302759000,
    "ebitdaratio": 0.2783397013,
    "operatingIncome": 226964000,
    "operatingIncomeRatio": 0.208658015,
    "totalOtherIncomeExpensesNet": -22662000,
    "incomeBeforeTax": 204302000,
    "incomeBeforeTaxRatio": 0.187823839,
    "incomeTaxExpense": 52763000,
    "netIncome": 151546000,
    "netIncomeRatio": 0.1393229215,
    "eps": 2.4,
    "epsdiluted": 2.39,
    "weightedAverageShsOut": 62896000,
    "weightedAverageShsOutDil": 63158000,
    "link": "https://www.sec.gov/Archives/edgar/data/916076/000156459017021253/0001564590-17-021253-index.htm",
    "finalLink": "https://www.sec.gov/Archives/edgar/data/916076/000156459017021253/mlm-10q_20170930.htm"
  },
  {
    "date": "2017-06-30",
    "symbol": "MLM",
    "reportedCurrency": "USD",
    "cik": "0000916076",
    "fillingDate": "2017-08-01",
    "acceptedDate": "2017-08-01 15:59:46",
    "calendarYear": "2017",
    "period": "Q2",
    "revenue": 1063524000,
    "costOfRevenue": 789430000,
    "grossProfit": 274094000,
    "grossProfitRatio": 0.2577224397,
    "researchAndDevelopmentExpenses": 0,
    "generalAndAdministrativeExpenses": 0,
    "sellingAndMarketingExpenses": 0,
    "sellingGeneralAndAdministrativeExpenses": 68373000,
    "otherExpenses": -7131000,
    "operatingExpenses": 61242000,
    "costAndExpenses": 850672000,
    "interestIncome": 0,
    "interestExpense": 24045000,
    "depreciationAndAmortization": 75726000,
    "ebitda": 293998000,
    "ebitdaratio": 0.2764375792,
    "operatingIncome": 212852000,
    "operatingIncomeRatio": 0.2001384078,
    "totalOtherIncomeExpensesNet": -18625000,
    "incomeBeforeTax": 194227000,
    "incomeBeforeTaxRatio": 0.182625874,
    "incomeTaxExpense": 51986000,
    "netIncome": 142279000,
    "netIncomeRatio": 0.1337807139,
    "eps": 2.26,
    "epsdiluted": 2.25,
    "weightedAverageShsOut": 62858000,
    "weightedAverageShsOutDil": 63141000,
    "link": "https://www.sec.gov/Archives/edgar/data/916076/000156459017014636/0001564590-17-014636-index.htm",
    "finalLink": "https://www.sec.gov/Archives/edgar/data/916076/000156459017014636/mlm-10q_20170630.htm"
  },
  {
    "date": "2017-03-31",
    "symbol": "MLM",
    "reportedCurrency": "USD",
    "cik": "0000916076",
    "fillingDate": "2017-05-10",
    "acceptedDate": "2017-05-10 16:23:59",
    "calendarYear": "2017",
    "period": "Q1",
    "revenue": 843859000,
    "costOfRevenue": 696792000,
    "grossProfit": 147067000,
    "grossProfitRatio": 0.1742791153,
    "researchAndDevelopmentExpenses": 0,
    "generalAndAdministrativeExpenses": 0,
    "sellingAndMarketingExpenses": 0,
    "sellingGeneralAndAdministrativeExpenses": 69535000,
    "otherExpenses": 382000,
    "operatingExpenses": 69917000,
    "costAndExpenses": 766709000,
    "interestIncome": 0,
    "interestExpense": 20851000,
    "depreciationAndAmortization": 70376000,
    "ebitda": 148062000,
    "ebitdaratio": 0.1754582223,
    "operatingIncome": 77150000,
    "operatingIncomeRatio": 0.0914252263,
    "totalOtherIncomeExpensesNet": -20315000,
    "incomeBeforeTax": 56835000,
    "incomeBeforeTaxRatio": 0.0673512992,
    "incomeTaxExpense": 14528000,
    "netIncome": 42334000,
    "netIncomeRatio": 0.0501671488,
    "eps": 0.67,
    "epsdiluted": 0.67,
    "weightedAverageShsOut": 63024000,
    "weightedAverageShsOutDil": 63319000,
    "link": "https://www.sec.gov/Archives/edgar/data/916076/000156459017010260/0001564590-17-010260-index.htm",
    "finalLink": "https://www.sec.gov/Archives/edgar/data/916076/000156459017010260/mlm-10q_20170331.htm"
  },
  {
    "date": "2016-12-31",
    "symbol": "MLM",
    "reportedCurrency": "USD",
    "cik": "0000916076",
    "fillingDate": "2017-02-24",
    "acceptedDate": "2017-02-24 16:02:10",
    "calendarYear": "2016",
    "period": "Q4",
    "revenue": 948815000,
    "costOfRevenue": 723752000,
    "grossProfit": 225063000,
    "grossProfitRatio": 0.2372043022,
    "researchAndDevelopmentExpenses": 0,
    "generalAndAdministrativeExpenses": 0,
    "sellingAndMarketingExpenses": 0,
    "sellingGeneralAndAdministrativeExpenses": 70287000,
    "otherExpenses": -678000,
    "operatingExpenses": 69609000,
    "costAndExpenses": 793361000,
    "interestIncome": 0,
    "interestExpense": 20781000,
    "depreciationAndAmortization": 73256000,
    "ebitda": 230404000,
    "ebitdaratio": 0.2428334291,
    "operatingIncome": 155454000,
    "operatingIncomeRatio": 0.1638401585,
    "totalOtherIncomeExpensesNet": -19087000,
    "incomeBeforeTax": 136367000,
    "incomeBeforeTaxRatio": 0.1437234867,
    "incomeTaxExpense": 37570000,
    "netIncome": 98860000,
    "netIncomeRatio": 0.1041931251,
    "eps": 1.56,
    "epsdiluted": 1.55,
    "weightedAverageShsOut": 63300000,
    "weightedAverageShsOutDil": 63500000,
    "link": "https://www.sec.gov/Archives/edgar/data/916076/000119312517056282/0001193125-17-056282-index.htm",
    "finalLink": "https://www.sec.gov/Archives/edgar/data/916076/000119312517056282/d344578d10k.htm"
  },
  {
    "date": "2016-09-30",
    "symbol": "MLM",
    "reportedCurrency": "USD",
    "cik": "0000916076",
    "fillingDate": "2016-11-02",
    "acceptedDate": "2016-11-02 15:37:08",
    "calendarYear": "2016",
    "period": "Q3",
    "revenue": 1103901000,
    "costOfRevenue": 810594000,
    "grossProfit": 293307000,
    "grossProfitRatio": 0.2657004568,
    "researchAndDevelopmentExpenses": 0,
    "generalAndAdministrativeExpenses": 0,
    "sellingAndMarketingExpenses": 0,
    "sellingGeneralAndAdministrativeExpenses": 54773000,
    "otherExpenses": -4135000,
    "operatingExpenses": 50638000,
    "costAndExpenses": 861232000,
    "interestIncome": 0,
    "interestExpense": 20568000,
    "depreciationAndAmortization": 72380000,
    "ebitda": 323295000,
    "ebitdaratio": 0.2928659363,
    "operatingIncome": 242669000,
    "operatingIncomeRatio": 0.2198285897,
    "totalOtherIncomeExpensesNet": -12322000,
    "incomeBeforeTax": 230347000,
    "incomeBeforeTaxRatio": 0.2086663569,
    "incomeTaxExpense": 70869000,
    "netIncome": 159479000,
    "netIncomeRatio": 0.144468571,
    "eps": 2.5,
    "epsdiluted": 2.49,
    "weightedAverageShsOut": 63452000,
    "weightedAverageShsOutDil": 63723000,
    "link": "https://www.sec.gov/Archives/edgar/data/916076/000156459016026954/0001564590-16-026954-index.htm",
    "finalLink": "https://www.sec.gov/Archives/edgar/data/916076/000156459016026954/mlm-10q_20160930.htm"
  },
  {
    "date": "2016-06-30",
    "symbol": "MLM",
    "reportedCurrency": "USD",
    "cik": "0000916076",
    "fillingDate": "2016-08-04",
    "acceptedDate": "2016-08-04 14:27:19",
    "calendarYear": "2016",
    "period": "Q2",
    "revenue": 977298000,
    "costOfRevenue": 729867000,
    "grossProfit": 247431000,
    "grossProfitRatio": 0.253178662,
    "researchAndDevelopmentExpenses": 0,
    "generalAndAdministrativeExpenses": 0,
    "sellingAndMarketingExpenses": 0,
    "sellingGeneralAndAdministrativeExpenses": 59781000,
    "otherExpenses": -3198000,
    "operatingExpenses": 56583000,
    "costAndExpenses": 786450000,
    "interestIncome": 0,
    "interestExpense": 20294000,
    "depreciationAndAmortization": 71207000,
    "ebitda": 267049000,
    "ebitdaratio": 0.2732523754,
    "operatingIncome": 190848000,
    "operatingIncomeRatio": 0.1952812755,
    "totalOtherIncomeExpensesNet": -15300000,
    "incomeBeforeTax": 175548000,
    "incomeBeforeTaxRatio": 0.1796258664,
    "incomeTaxExpense": 53435000,
    "netIncome": 122052000,
    "netIncomeRatio": 0.124887189,
    "eps": 1.91,
    "epsdiluted": 1.9,
    "weightedAverageShsOut": 63532000,
    "weightedAverageShsOutDil": 63802000,
    "link": "https://www.sec.gov/Archives/edgar/data/916076/000156459016022616/0001564590-16-022616-index.htm",
    "finalLink": "https://www.sec.gov/Archives/edgar/data/916076/000156459016022616/mlm-10q_20160630.htm"
  },
  {
    "date": "2016-03-31",
    "symbol": "MLM",
    "reportedCurrency": "USD",
    "cik": "0000916076",
    "fillingDate": "2016-05-05",
    "acceptedDate": "2016-05-05 15:30:19",
    "calendarYear": "2016",
    "period": "Q1",
    "revenue": 788734000,
    "costOfRevenue": 643484000,
    "grossProfit": 145250000,
    "grossProfitRatio": 0.1841558751,
    "researchAndDevelopmentExpenses": 0,
    "generalAndAdministrativeExpenses": 0,
    "sellingAndMarketingExpenses": 0,
    "sellingGeneralAndAdministrativeExpenses": 58349000,
    "otherExpenses": 878000,
    "operatingExpenses": 59227000,
    "costAndExpenses": 702711000,
    "interestIncome": 0,
    "interestExpense": 20034000,
    "depreciationAndAmortization": 68410000,
    "ebitda": 153209000,
    "ebitdaratio": 0.1942467296,
    "operatingIncome": 86023000,
    "operatingIncomeRatio": 0.109064653,
    "totalOtherIncomeExpensesNet": -21258000,
    "incomeBeforeTax": 64765000,
    "incomeBeforeTaxRatio": 0.0821126007,
    "incomeTaxExpense": 19710000,
    "netIncome": 44994000,
    "netIncomeRatio": 0.0570458482,
    "eps": 0.7,
    "epsdiluted": 0.69,
    "weightedAverageShsOut": 64158000,
    "weightedAverageShsOutDil": 64350000,
    "link": "https://www.sec.gov/Archives/edgar/data/916076/000156459016017942/0001564590-16-017942-index.htm",
    "finalLink": "https://www.sec.gov/Archives/edgar/data/916076/000156459016017942/mlm-10q_20160331.htm"
  },
  {
    "date": "2015-12-31",
    "symbol": "MLM",
    "reportedCurrency": "USD",
    "cik": "0000916076",
    "fillingDate": "2016-02-23",
    "acceptedDate": "2016-02-23 17:09:11",
    "calendarYear": "2015",
    "period": "Q4",
    "revenue": 844556000,
    "costOfRevenue": 659707000,
    "grossProfit": 184849000,
    "grossProfitRatio": 0.2188712175,
    "researchAndDevelopmentExpenses": 0,
    "generalAndAdministrativeExpenses": 0,
    "sellingAndMarketingExpenses": 0,
    "sellingGeneralAndAdministrativeExpenses": 57114000,
    "otherExpenses": -9629000,
    "operatingExpenses": 47485000,
    "costAndExpenses": 707192000,
    "interestIncome": 0,
    "interestExpense": 18943000,
    "depreciationAndAmortization": 63652000,
    "ebitda": 205081000,
    "ebitdaratio": 0.2428270002,
    "operatingIncome": 137364000,
    "operatingIncomeRatio": 0.1626464083,
    "totalOtherIncomeExpensesNet": -14878000,
    "incomeBeforeTax": 122486000,
    "incomeBeforeTaxRatio": 0.1450300513,
    "incomeTaxExpense": 39263000,
    "netIncome": 83185000,
    "netIncomeRatio": 0.0984955409,
    "eps": 1.27,
    "epsdiluted": 1.26,
    "weightedAverageShsOut": 65500000,
    "weightedAverageShsOutDil": 65700000,
    "link": "https://www.sec.gov/Archives/edgar/data/916076/000119312516473754/0001193125-16-473754-index.htm",
    "finalLink": "https://www.sec.gov/Archives/edgar/data/916076/000119312516473754/d147147d10k.htm"
  },
  {
    "date": "2015-09-30",
    "symbol": "MLM",
    "reportedCurrency": "USD",
    "cik": "0000916076",
    "fillingDate": "2015-11-05",
    "acceptedDate": "2015-11-05 11:17:20",
    "calendarYear": "2015",
    "period": "Q3",
    "revenue": 1082249000,
    "costOfRevenue": 819744000,
    "grossProfit": 262505000,
    "grossProfitRatio": 0.2425550867,
    "researchAndDevelopmentExpenses": 0,
    "generalAndAdministrativeExpenses": 0,
    "sellingAndMarketingExpenses": 0,
    "sellingGeneralAndAdministrativeExpenses": 54887000,
    "otherExpenses": 28120000,
    "operatingExpenses": 83007000,
    "costAndExpenses": 902751000,
    "interestIncome": 0,
    "interestExpense": 18926000,
    "depreciationAndAmortization": 64977000,
    "ebitda": 248964000,
    "ebitdaratio": 0.2300431786,
    "operatingIncome": 179498000,
    "operatingIncomeRatio": 0.1658564711,
    "totalOtherIncomeExpensesNet": -14437000,
    "incomeBeforeTax": 165061000,
    "incomeBeforeTaxRatio": 0.1525166574,
    "incomeTaxExpense": 47483000,
    "netIncome": 117544000,
    "netIncomeRatio": 0.108610865,
    "eps": 1.75,
    "epsdiluted": 1.74,
    "weightedAverageShsOut": 66830000,
    "weightedAverageShsOutDil": 67108000,
    "link": "https://www.sec.gov/Archives/edgar/data/916076/000156459015009552/0001564590-15-009552-index.htm",
    "finalLink": "https://www.sec.gov/Archives/edgar/data/916076/000156459015009552/mlm-10q_20150930.htm"
  },
  {
    "date": "2015-06-30",
    "symbol": "MLM",
    "reportedCurrency": "USD",
    "cik": "0000916076",
    "fillingDate": "2015-08-07",
    "acceptedDate": "2015-08-07 16:45:52",
    "calendarYear": "2015",
    "period": "Q2",
    "revenue": 921419000,
    "costOfRevenue": 721266000,
    "grossProfit": 200153000,
    "grossProfitRatio": 0.2172225665,
    "researchAndDevelopmentExpenses": 0,
    "generalAndAdministrativeExpenses": 0,
    "sellingAndMarketingExpenses": 0,
    "sellingGeneralAndAdministrativeExpenses": 56783000,
    "otherExpenses": 6386000,
    "operatingExpenses": 63169000,
    "costAndExpenses": 784435000,
    "interestIncome": 0,
    "interestExpense": 19087000,
    "depreciationAndAmortization": 67690000,
    "ebitda": 207685000,
    "ebitdaratio": 0.225396915,
    "operatingIncome": 136984000,
    "operatingIncomeRatio": 0.1486663505,
    "totalOtherIncomeExpensesNet": -16076000,
    "incomeBeforeTax": 120908000,
    "incomeBeforeTaxRatio": 0.1312193475,
    "incomeTaxExpense": 38929000,
    "netIncome": 81938000,
    "netIncomeRatio": 0.088925885,
    "eps": 1.23,
    "epsdiluted": 1.22,
    "weightedAverageShsOut": 67373000,
    "weightedAverageShsOutDil": 67633000,
    "link": "https://www.sec.gov/Archives/edgar/data/916076/000156459015006695/0001564590-15-006695-index.htm",
    "finalLink": "https://www.sec.gov/Archives/edgar/data/916076/000156459015006695/mlm-10q_20150630.htm"
  },
  {
    "date": "2015-03-31",
    "symbol": "MLM",
    "reportedCurrency": "USD",
    "cik": "0000916076",
    "fillingDate": "2015-05-05",
    "acceptedDate": "2015-05-05 15:38:31",
    "calendarYear": "2015",
    "period": "Q1",
    "revenue": 691347000,
    "costOfRevenue": 617086000,
    "grossProfit": 74261000,
    "grossProfitRatio": 0.107414945,
    "researchAndDevelopmentExpenses": 0,
    "generalAndAdministrativeExpenses": 0,
    "sellingAndMarketingExpenses": 0,
    "sellingGeneralAndAdministrativeExpenses": 49450000,
    "otherExpenses": -760000,
    "operatingExpenses": 48690000,
    "costAndExpenses": 665776000,
    "interestIncome": 0,
    "interestExpense": 19331000,
    "depreciationAndAmortization": 67268000,
    "ebitda": 91946000,
    "ebitdaratio": 0.1329954422,
    "operatingIncome": 25571000,
    "operatingIncomeRatio": 0.0369872148,
    "totalOtherIncomeExpensesNet": -20224000,
    "incomeBeforeTax": 5347000,
    "incomeBeforeTaxRatio": 0.0077341769,
    "incomeTaxExpense": -812000,
    "netIncome": 6126000,
    "netIncomeRatio": 0.0088609627,
    "eps": 0.07,
    "epsdiluted": 0.07,
    "weightedAverageShsOut": 67411000,
    "weightedAverageShsOutDil": 67676000,
    "link": "https://www.sec.gov/Archives/edgar/data/916076/000156459015003297/0001564590-15-003297-index.htm",
    "finalLink": "https://www.sec.gov/Archives/edgar/data/916076/000156459015003297/mlm-10q_20150331.htm"
  },
  {
    "date": "2014-12-31",
    "symbol": "MLM",
    "reportedCurrency": "USD",
    "cik": "0000916076",
    "fillingDate": "2015-02-24",
    "acceptedDate": "2015-02-24 16:07:58",
    "calendarYear": "2014",
    "period": "Q4",
    "revenue": 856373000,
    "costOfRevenue": 691043000,
    "grossProfit": 165330000,
    "grossProfitRatio": 0.1930583986,
    "researchAndDevelopmentExpenses": 0,
    "generalAndAdministrativeExpenses": 0,
    "sellingAndMarketingExpenses": 0,
    "sellingGeneralAndAdministrativeExpenses": 50006000,
    "otherExpenses": -3249000,
    "operatingExpenses": 46757000,
    "costAndExpenses": 737800000,
    "interestIncome": 0,
    "interestExpense": 21103000,
    "depreciationAndAmortization": 68667000,
    "ebitda": 188932000,
    "ebitdaratio": 0.2206188191,
    "operatingIncome": 118573000,
    "operatingIncomeRatio": 0.1384595264,
    "totalOtherIncomeExpensesNet": -19411000,
    "incomeBeforeTax": 99162000,
    "incomeBeforeTaxRatio": 0.1157930014,
    "incomeTaxExpense": 35276000,
    "netIncome": 63955000,
    "netIncomeRatio": 0.0746812429,
    "eps": 0.95,
    "epsdiluted": 0.94,
    "weightedAverageShsOut": 67300000,
    "weightedAverageShsOutDil": 67600000,
    "link": "https://www.sec.gov/Archives/edgar/data/916076/000119312515060008/0001193125-15-060008-index.htm",
    "finalLink": "https://www.sec.gov/Archives/edgar/data/916076/000119312515060008/d877241d10k.htm"
  },
  {
    "date": "2014-09-30",
    "symbol": "MLM",
    "reportedCurrency": "USD",
    "cik": "0000916076",
    "fillingDate": "2014-11-03",
    "acceptedDate": "2014-11-03 13:54:08",
    "calendarYear": "2014",
    "period": "Q3",
    "revenue": 1003723000,
    "costOfRevenue": 808130000,
    "grossProfit": 195593000,
    "grossProfitRatio": 0.1948675083,
    "researchAndDevelopmentExpenses": 0,
    "generalAndAdministrativeExpenses": 0,
    "sellingAndMarketingExpenses": 0,
    "sellingGeneralAndAdministrativeExpenses": 48427000,
    "otherExpenses": 31210000,
    "operatingExpenses": 79637000,
    "costAndExpenses": 887767000,
    "interestIncome": 0,
    "interestExpense": 19805000,
    "depreciationAndAmortization": 67932000,
    "ebitda": 185729000,
    "ebitdaratio": 0.1850400957,
    "operatingIncome": 115956000,
    "operatingIncomeRatio": 0.1155258971,
    "totalOtherIncomeExpensesNet": -17964000,
    "incomeBeforeTax": 97992000,
    "incomeBeforeTaxRatio": 0.097628529,
    "incomeTaxExpense": 44089000,
    "netIncome": 53743000,
    "netIncomeRatio": 0.053543657,
    "eps": 0.8,
    "epsdiluted": 0.79,
    "weightedAverageShsOut": 67086000,
    "weightedAverageShsOutDil": 67495000,
    "link": "https://www.sec.gov/Archives/edgar/data/916076/000119312514393639/0001193125-14-393639-index.htm",
    "finalLink": "https://www.sec.gov/Archives/edgar/data/916076/000119312514393639/d795770d10q.htm"
  },
  {
    "date": "2014-06-30",
    "symbol": "MLM",
    "reportedCurrency": "USD",
    "cik": "0000916076",
    "fillingDate": "2014-08-04",
    "acceptedDate": "2014-08-04 13:45:37",
    "calendarYear": "2014",
    "period": "Q2",
    "revenue": 669225000,
    "costOfRevenue": 533623000,
    "grossProfit": 135602000,
    "grossProfitRatio": 0.2026254249,
    "researchAndDevelopmentExpenses": 3338000,
    "generalAndAdministrativeExpenses": 0,
    "sellingAndMarketingExpenses": 0,
    "sellingGeneralAndAdministrativeExpenses": 36566000,
    "otherExpenses": -543000,
    "operatingExpenses": 39361000,
    "costAndExpenses": 572984000,
    "interestIncome": 0,
    "interestExpense": 12947000,
    "depreciationAndAmortization": 43681000,
    "ebitda": 140214000,
    "ebitdaratio": 0.2095169786,
    "operatingIncome": 96241000,
    "operatingIncomeRatio": 0.1438096305,
    "totalOtherIncomeExpensesNet": -12655000,
    "incomeBeforeTax": 83586000,
    "incomeBeforeTaxRatio": 0.1248996974,
    "incomeTaxExpense": 23906000,
    "netIncome": 59521000,
    "netIncomeRatio": 0.088940192,
    "eps": 1.28,
    "epsdiluted": 1.27,
    "weightedAverageShsOut": 46395000,
    "weightedAverageShsOutDil": 46529000,
    "link": "https://www.sec.gov/Archives/edgar/data/916076/000119312514293028/0001193125-14-293028-index.htm",
    "finalLink": "https://www.sec.gov/Archives/edgar/data/916076/000119312514293028/d744101d10q.htm"
  },
  {
    "date": "2014-03-31",
    "symbol": "MLM",
    "reportedCurrency": "USD",
    "cik": "0000916076",
    "fillingDate": "2014-05-05",
    "acceptedDate": "2014-05-05 09:56:30",
    "calendarYear": "2014",
    "period": "Q1",
    "revenue": 428629000,
    "costOfRevenue": 402794000,
    "grossProfit": 25835000,
    "grossProfitRatio": 0.0602735699,
    "researchAndDevelopmentExpenses": 9512000,
    "generalAndAdministrativeExpenses": 0,
    "sellingAndMarketingExpenses": 0,
    "sellingGeneralAndAdministrativeExpenses": 34247000,
    "otherExpenses": -2026000,
    "operatingExpenses": 41733000,
    "costAndExpenses": 444527000,
    "interestIncome": 0,
    "interestExpense": 12201000,
    "depreciationAndAmortization": 42466000,
    "ebitda": 23105000,
    "ebitdaratio": 0.0539044255,
    "operatingIncome": -15898000,
    "operatingIncomeRatio": -0.0370903509,
    "totalOtherIncomeExpensesNet": -15664000,
    "incomeBeforeTax": -31562000,
    "incomeBeforeTaxRatio": -0.0736347751,
    "incomeTaxExpense": -8424000,
    "netIncome": -21618000,
    "netIncomeRatio": -0.0504352249,
    "eps": -0.47,
    "epsdiluted": -0.47,
    "weightedAverageShsOut": 46106382,
    "weightedAverageShsOutDil": 46315000,
    "link": "https://www.sec.gov/Archives/edgar/data/916076/000119312514181405/0001193125-14-181405-index.htm",
    "finalLink": "https://www.sec.gov/Archives/edgar/data/916076/000119312514181405/d693159d10q.htm"
  },
  {
    "date": "2013-12-31",
    "symbol": "MLM",
    "reportedCurrency": "USD",
    "cik": "0000916076",
    "fillingDate": "2014-02-24",
    "acceptedDate": "2014-02-24 16:07:22",
    "calendarYear": "2013",
    "period": "Q4",
    "revenue": 544996000,
    "costOfRevenue": 443964000,
    "grossProfit": 101032000,
    "grossProfitRatio": 0.1853811771,
    "researchAndDevelopmentExpenses": 0,
    "generalAndAdministrativeExpenses": 0,
    "sellingAndMarketingExpenses": 0,
    "sellingGeneralAndAdministrativeExpenses": 37459000,
    "otherExpenses": 742000,
    "operatingExpenses": 38201000,
    "costAndExpenses": 482165000,
    "interestIncome": 0,
    "interestExpense": 12834000,
    "depreciationAndAmortization": 43664000,
    "ebitda": 106379000,
    "ebitdaratio": 0.1951922583,
    "operatingIncome": 62831000,
    "operatingIncomeRatio": 0.1152870847,
    "totalOtherIncomeExpensesNet": -12950000,
    "incomeBeforeTax": 49881000,
    "incomeBeforeTaxRatio": 0.0915254424,
    "incomeTaxExpense": 14430000,
    "netIncome": 36033000,
    "netIncomeRatio": 0.0661160816,
    "eps": 0.78,
    "epsdiluted": 0.77,
    "weightedAverageShsOut": 46300000,
    "weightedAverageShsOutDil": 46400000,
    "link": "https://www.sec.gov/Archives/edgar/data/916076/000119312514064999/0001193125-14-064999-index.htm",
    "finalLink": "https://www.sec.gov/Archives/edgar/data/916076/000119312514064999/d654417d10k.htm"
  },
  {
    "date": "2013-09-30",
    "symbol": "MLM",
    "reportedCurrency": "USD",
    "cik": "0000916076",
    "fillingDate": "2013-11-07",
    "acceptedDate": "2013-11-07 15:30:05",
    "calendarYear": "2013",
    "period": "Q3",
    "revenue": 665320000,
    "costOfRevenue": 522212000,
    "grossProfit": 143108000,
    "grossProfitRatio": 0.2150964949,
    "researchAndDevelopmentExpenses": 89000,
    "generalAndAdministrativeExpenses": 0,
    "sellingAndMarketingExpenses": 0,
    "sellingGeneralAndAdministrativeExpenses": 37140000,
    "otherExpenses": -2964000,
    "operatingExpenses": 34265000,
    "costAndExpenses": 556477000,
    "interestIncome": 0,
    "interestExpense": 13518000,
    "depreciationAndAmortization": 44105000,
    "ebitda": 152847000,
    "ebitdaratio": 0.2297345638,
    "operatingIncome": 108843000,
    "operatingIncomeRatio": 0.1635949618,
    "totalOtherIncomeExpensesNet": -13619000,
    "incomeBeforeTax": 95224000,
    "incomeBeforeTaxRatio": 0.1431251127,
    "incomeTaxExpense": 22915000,
    "netIncome": 71836000,
    "netIncomeRatio": 0.1079721036,
    "eps": 1.55,
    "epsdiluted": 1.54,
    "weightedAverageShsOut": 46244000,
    "weightedAverageShsOutDil": 46349000,
    "link": "https://www.sec.gov/Archives/edgar/data/916076/000119312513432674/0001193125-13-432674-index.htm",
    "finalLink": "https://www.sec.gov/Archives/edgar/data/916076/000119312513432674/d599431d10q.htm"
  },
  {
    "date": "2013-06-30",
    "symbol": "MLM",
    "reportedCurrency": "USD",
    "cik": "0000916076",
    "fillingDate": "2013-08-05",
    "acceptedDate": "2013-08-05 13:57:02",
    "calendarYear": "2013",
    "period": "Q2",
    "revenue": 561326000,
    "costOfRevenue": 454330000,
    "grossProfit": 106996000,
    "grossProfitRatio": 0.1906129415,
    "researchAndDevelopmentExpenses": 275000,
    "generalAndAdministrativeExpenses": 0,
    "sellingAndMarketingExpenses": 0,
    "sellingGeneralAndAdministrativeExpenses": 37843000,
    "otherExpenses": -757000,
    "operatingExpenses": 37361000,
    "costAndExpenses": 491691000,
    "interestIncome": 0,
    "interestExpense": 13619000,
    "depreciationAndAmortization": 42949000,
    "ebitda": 113128000,
    "ebitdaratio": 0.2015370747,
    "operatingIncome": 69635000,
    "operatingIncomeRatio": 0.124054471,
    "totalOtherIncomeExpensesNet": -13075000,
    "incomeBeforeTax": 56560000,
    "incomeBeforeTaxRatio": 0.1007614114,
    "incomeTaxExpense": 15098000,
    "netIncome": 41308000,
    "netIncomeRatio": 0.073590035,
    "eps": 0.89,
    "epsdiluted": 0.89,
    "weightedAverageShsOut": 46129000,
    "weightedAverageShsOutDil": 46260000,
    "link": "https://www.sec.gov/Archives/edgar/data/916076/000119312513318817/0001193125-13-318817-index.htm",
    "finalLink": "https://www.sec.gov/Archives/edgar/data/916076/000119312513318817/d558024d10q.htm"
  },
  {
    "date": "2013-03-31",
    "symbol": "MLM",
    "reportedCurrency": "USD",
    "cik": "0000916076",
    "fillingDate": "2013-05-06",
    "acceptedDate": "2013-05-06 09:52:00",
    "calendarYear": "2013",
    "period": "Q1",
    "revenue": 383909000,
    "costOfRevenue": 371088000,
    "grossProfit": 12821000,
    "grossProfitRatio": 0.033395935,
    "researchAndDevelopmentExpenses": 307000,
    "generalAndAdministrativeExpenses": 0,
    "sellingAndMarketingExpenses": 0,
    "sellingGeneralAndAdministrativeExpenses": 37648000,
    "otherExpenses": -1814000,
    "operatingExpenses": 36141000,
    "costAndExpenses": 407229000,
    "interestIncome": 0,
    "interestExpense": 13496000,
    "depreciationAndAmortization": 43043000,
    "ebitda": 19100000,
    "ebitdaratio": 0.0497513734,
    "operatingIncome": -23320000,
    "operatingIncomeRatio": -0.0607435616,
    "totalOtherIncomeExpensesNet": -14119000,
    "incomeBeforeTax": -37439000,
    "incomeBeforeTaxRatio": -0.0975205062,
    "incomeTaxExpense": -8398000,
    "netIncome": -27839000,
    "netIncomeRatio": -0.0725145803,
    "eps": -0.61,
    "epsdiluted": -0.61,
    "weightedAverageShsOut": 46028000,
    "weightedAverageShsOutDil": 46028000,
    "link": "https://www.sec.gov/Archives/edgar/data/916076/000119312513200530/0001193125-13-200530-index.htm",
    "finalLink": "https://www.sec.gov/Archives/edgar/data/916076/000119312513200530/d512760d10q.htm"
  },
  {
    "date": "2012-12-31",
    "symbol": "MLM",
    "reportedCurrency": "USD",
    "cik": "0000916076",
    "fillingDate": "2013-02-22",
    "acceptedDate": "2013-02-22 10:39:51",
    "calendarYear": "2012",
    "period": "Q4",
    "revenue": 504071000,
    "costOfRevenue": 427657000,
    "grossProfit": 76414000,
    "grossProfitRatio": 0.1515937239,
    "researchAndDevelopmentExpenses": 0,
    "generalAndAdministrativeExpenses": 0,
    "sellingAndMarketingExpenses": 0,
    "sellingGeneralAndAdministrativeExpenses": 38000000,
    "otherExpenses": -1505000,
    "operatingExpenses": 36495000,
    "costAndExpenses": 464152000,
    "interestIncome": 0,
    "interestExpense": 13372000,
    "depreciationAndAmortization": 44226000,
    "ebitda": 84167000,
    "ebitdaratio": 0.1669744937,
    "operatingIncome": 39919000,
    "operatingIncomeRatio": 0.0791932089,
    "totalOtherIncomeExpensesNet": -13350000,
    "incomeBeforeTax": 26569000,
    "incomeBeforeTaxRatio": 0.0527088446,
    "incomeTaxExpense": 4804000,
    "netIncome": 21534000,
    "netIncomeRatio": 0.0427201724,
    "eps": 0.47,
    "epsdiluted": 0.46,
    "weightedAverageShsOut": 45900000,
    "weightedAverageShsOutDil": 46100000,
    "link": "https://www.sec.gov/Archives/edgar/data/916076/000119312513070711/0001193125-13-070711-index.htm",
    "finalLink": "https://www.sec.gov/Archives/edgar/data/916076/000119312513070711/d460152d10k.htm"
  },
  {
    "date": "2012-09-30",
    "symbol": "MLM",
    "reportedCurrency": "USD",
    "cik": "0000916076",
    "fillingDate": "2012-11-06",
    "acceptedDate": "2012-11-06 15:20:36",
    "calendarYear": "2012",
    "period": "Q3",
    "revenue": 592268000,
    "costOfRevenue": 468246000,
    "grossProfit": 124022000,
    "grossProfitRatio": 0.2094018248,
    "researchAndDevelopmentExpenses": 0,
    "generalAndAdministrativeExpenses": 0,
    "sellingAndMarketingExpenses": 0,
    "sellingGeneralAndAdministrativeExpenses": 32095000,
    "otherExpenses": 394000,
    "operatingExpenses": 32489000,
    "costAndExpenses": 500735000,
    "interestIncome": 0,
    "interestExpense": 13224000,
    "depreciationAndAmortization": 44250000,
    "ebitda": 135163000,
    "ebitdaratio": 0.2282125659,
    "operatingIncome": 91533000,
    "operatingIncomeRatio": 0.1545465904,
    "totalOtherIncomeExpensesNet": -13844000,
    "incomeBeforeTax": 77689000,
    "incomeBeforeTaxRatio": 0.131172037,
    "incomeTaxExpense": 13701000,
    "netIncome": 62922000,
    "netIncomeRatio": 0.1062390674,
    "eps": 1.36,
    "epsdiluted": 1.36,
    "weightedAverageShsOut": 45860000,
    "weightedAverageShsOutDil": 45992000,
    "link": "https://www.sec.gov/Archives/edgar/data/916076/000119312512454316/0001193125-12-454316-index.htm",
    "finalLink": "https://www.sec.gov/Archives/edgar/data/916076/000119312512454316/d417378d10q.htm"
  },
  {
    "date": "2012-06-30",
    "symbol": "MLM",
    "reportedCurrency": "USD",
    "cik": "0000916076",
    "fillingDate": "2012-08-06",
    "acceptedDate": "2012-08-06 14:31:53",
    "calendarYear": "2012",
    "period": "Q2",
    "revenue": 545688000,
    "costOfRevenue": 443622000,
    "grossProfit": 102066000,
    "grossProfitRatio": 0.1870409465,
    "researchAndDevelopmentExpenses": 9240000,
    "generalAndAdministrativeExpenses": 0,
    "sellingAndMarketingExpenses": 0,
    "sellingGeneralAndAdministrativeExpenses": 35275000,
    "otherExpenses": -1690000,
    "operatingExpenses": 42825000,
    "costAndExpenses": 486447000,
    "interestIncome": 0,
    "interestExpense": 13256000,
    "depreciationAndAmortization": 44337000,
    "ebitda": 103620000,
    "ebitdaratio": 0.1898887276,
    "operatingIncome": 59241000,
    "operatingIncomeRatio": 0.1085620354,
    "totalOtherIncomeExpensesNet": -13214000,
    "incomeBeforeTax": 46027000,
    "incomeBeforeTaxRatio": 0.0843467329,
    "incomeTaxExpense": 8553000,
    "netIncome": 36751000,
    "netIncomeRatio": 0.0673480084,
    "eps": 0.8,
    "epsdiluted": 0.8,
    "weightedAverageShsOut": 45781000,
    "weightedAverageShsOutDil": 45905000,
    "link": "https://www.sec.gov/Archives/edgar/data/916076/000119312512337410/0001193125-12-337410-index.htm",
    "finalLink": "https://www.sec.gov/Archives/edgar/data/916076/000119312512337410/d367571d10q.htm"
  },
  {
    "date": "2012-03-31",
    "symbol": "MLM",
    "reportedCurrency": "USD",
    "cik": "0000916076",
    "fillingDate": "2012-05-09",
    "acceptedDate": "2012-05-09 08:44:55",
    "calendarYear": "2012",
    "period": "Q1",
    "revenue": 393974000,
    "costOfRevenue": 370148000,
    "grossProfit": 23826000,
    "grossProfitRatio": 0.060476072,
    "researchAndDevelopmentExpenses": 25901000,
    "generalAndAdministrativeExpenses": 0,
    "sellingAndMarketingExpenses": 0,
    "sellingGeneralAndAdministrativeExpenses": 33029000,
    "otherExpenses": 223000,
    "operatingExpenses": 59153000,
    "costAndExpenses": 429301000,
    "interestIncome": 0,
    "interestExpense": 13487000,
    "depreciationAndAmortization": 44398000,
    "ebitda": 10926000,
    "ebitdaratio": 0.0277327945,
    "operatingIncome": -35327000,
    "operatingIncomeRatio": -0.0896683537,
    "totalOtherIncomeExpensesNet": -11632000,
    "incomeBeforeTax": -46959000,
    "incomeBeforeTaxRatio": -0.1191931447,
    "incomeTaxExpense": -9875000,
    "netIncome": -36732000,
    "netIncomeRatio": -0.0932345789,
    "eps": -0.81,
    "epsdiluted": -0.81,
    "weightedAverageShsOut": 45734000,
    "weightedAverageShsOutDil": 45734000,
    "link": "https://www.sec.gov/Archives/edgar/data/916076/000119312512220450/0001193125-12-220450-index.htm",
    "finalLink": "https://www.sec.gov/Archives/edgar/data/916076/000119312512220450/d328359d10q.htm"
  },
  {
    "date": "2011-12-31",
    "symbol": "MLM",
    "reportedCurrency": "USD",
    "cik": "0000916076",
    "fillingDate": "2012-02-29",
    "acceptedDate": "2012-02-29 12:40:16",
    "calendarYear": "2011",
    "period": "Q4",
    "revenue": 329608000,
    "costOfRevenue": 256651000,
    "grossProfit": 72957000,
    "grossProfitRatio": 0.2213447489,
    "researchAndDevelopmentExpenses": 18573000,
    "generalAndAdministrativeExpenses": 0,
    "sellingAndMarketingExpenses": 0,
    "sellingGeneralAndAdministrativeExpenses": 29752000,
    "otherExpenses": -507000,
    "operatingExpenses": 47818000,
    "costAndExpenses": 304469000,
    "interestIncome": 0,
    "interestExpense": 13302000,
    "depreciationAndAmortization": 43734000,
    "ebitda": 69259000,
    "ebitdaratio": 0.210125361,
    "operatingIncome": 25139000,
    "operatingIncomeRatio": 0.0762693867,
    "totalOtherIncomeExpensesNet": -12916000,
    "incomeBeforeTax": 12223000,
    "incomeBeforeTaxRatio": 0.0370834446,
    "incomeTaxExpense": 906000,
    "netIncome": 14838000,
    "netIncomeRatio": 0.0450171112,
    "eps": 0,
    "epsdiluted": 0,
    "weightedAverageShsOut": 45700000,
    "weightedAverageShsOutDil": 45700000,
    "link": "https://www.sec.gov/Archives/edgar/data/916076/000119312512088047/0001193125-12-088047-index.htm",
    "finalLink": "https://www.sec.gov/Archives/edgar/data/916076/000119312512088047/d265076d10k.htm"
  },
  {
    "date": "2011-09-30",
    "symbol": "MLM",
    "reportedCurrency": "USD",
    "cik": "0000916076",
    "fillingDate": "2011-11-07",
    "acceptedDate": "2011-11-07 14:48:20",
    "calendarYear": "2011",
    "period": "Q3",
    "revenue": 502386000,
    "costOfRevenue": 390493000,
    "grossProfit": 111893000,
    "grossProfitRatio": 0.2227231651,
    "researchAndDevelopmentExpenses": 733000,
    "generalAndAdministrativeExpenses": 0,
    "sellingAndMarketingExpenses": 0,
    "sellingGeneralAndAdministrativeExpenses": 32774000,
    "otherExpenses": -1625000,
    "operatingExpenses": 31882000,
    "costAndExpenses": 422375000,
    "interestIncome": 0,
    "interestExpense": 13398000,
    "depreciationAndAmortization": 43220000,
    "ebitda": 121084000,
    "ebitdaratio": 0.2410178628,
    "operatingIncome": 80011000,
    "operatingIncomeRatio": 0.1592620017,
    "totalOtherIncomeExpensesNet": -15545000,
    "incomeBeforeTax": 64466000,
    "incomeBeforeTaxRatio": 0.1283196586,
    "incomeTaxExpense": 14130000,
    "netIncome": 49156000,
    "netIncomeRatio": 0.0978450833,
    "eps": 1.07,
    "epsdiluted": 1.07,
    "weightedAverageShsOut": 45690000,
    "weightedAverageShsOutDil": 45799000,
    "link": "https://www.sec.gov/Archives/edgar/data/916076/000119312511299503/0001193125-11-299503-index.htm",
    "finalLink": "https://www.sec.gov/Archives/edgar/data/916076/000119312511299503/d222633d10q.htm"
  },
  {
    "date": "2011-06-30",
    "symbol": "MLM",
    "reportedCurrency": "USD",
    "cik": "0000916076",
    "fillingDate": "2011-08-08",
    "acceptedDate": "2011-08-08 13:57:54",
    "calendarYear": "2011",
    "period": "Q2",
    "revenue": 462391000,
    "costOfRevenue": 364848000,
    "grossProfit": 97543000,
    "grossProfitRatio": 0.2109535004,
    "researchAndDevelopmentExpenses": 1735000,
    "generalAndAdministrativeExpenses": 0,
    "sellingAndMarketingExpenses": 0,
    "sellingGeneralAndAdministrativeExpenses": 31001000,
    "otherExpenses": 106000,
    "operatingExpenses": 32842000,
    "costAndExpenses": 397690000,
    "interestIncome": 0,
    "interestExpense": 13725000,
    "depreciationAndAmortization": 43159000,
    "ebitda": 107524000,
    "ebitdaratio": 0.2325391281,
    "operatingIncome": 64701000,
    "operatingIncomeRatio": 0.1399270315,
    "totalOtherIncomeExpensesNet": -14061000,
    "incomeBeforeTax": 50640000,
    "incomeBeforeTaxRatio": 0.1095177026,
    "incomeTaxExpense": 13834000,
    "netIncome": 35799000,
    "netIncomeRatio": 0.0774214896,
    "eps": 0.78,
    "epsdiluted": 0.78,
    "weightedAverageShsOut": 45628000,
    "weightedAverageShsOutDil": 45794000,
    "link": "https://www.sec.gov/Archives/edgar/data/916076/000119312511213915/0001193125-11-213915-index.htm",
    "finalLink": "https://www.sec.gov/Archives/edgar/data/916076/000119312511213915/d10q.htm"
  },
  {
    "date": "2011-03-31",
    "symbol": "MLM",
    "reportedCurrency": "USD",
    "cik": "0000916076",
    "fillingDate": "2011-05-03",
    "acceptedDate": "2011-05-03 15:49:41",
    "calendarYear": "2011",
    "period": "Q1",
    "revenue": 327943000,
    "costOfRevenue": 305288000,
    "grossProfit": 22655000,
    "grossProfitRatio": 0.0690821271,
    "researchAndDevelopmentExpenses": 972000,
    "generalAndAdministrativeExpenses": 0,
    "sellingAndMarketingExpenses": 0,
    "sellingGeneralAndAdministrativeExpenses": 28640000,
    "otherExpenses": -2509000,
    "operatingExpenses": 27103000,
    "costAndExpenses": 332391000,
    "interestIncome": 0,
    "interestExpense": 18165000,
    "depreciationAndAmortization": 43294000,
    "ebitda": 39107000,
    "ebitdaratio": 0.1192493818,
    "operatingIncome": -4448000,
    "operatingIncomeRatio": -0.0135633327,
    "totalOtherIncomeExpensesNet": -17904000,
    "incomeBeforeTax": -22352000,
    "incomeBeforeTaxRatio": -0.068158186,
    "incomeTaxExpense": -6111000,
    "netIncome": -17414000,
    "netIncomeRatio": -0.0531006913,
    "eps": -0.39,
    "epsdiluted": -0.39,
    "weightedAverageShsOut": 45584000,
    "weightedAverageShsOutDil": 45584000,
    "link": "https://www.sec.gov/Archives/edgar/data/916076/000095012311043824/0000950123-11-043824-index.htm",
    "finalLink": "https://www.sec.gov/Archives/edgar/data/916076/000095012311043824/g26883e10vq.htm"
  },
  {
    "date": "2010-12-31",
    "symbol": "MLM",
    "reportedCurrency": "USD",
    "cik": "0000916076",
    "fillingDate": "2011-02-25",
    "acceptedDate": "2011-02-25 16:55:10",
    "calendarYear": "2010",
    "period": "Q4",
    "revenue": 427981000,
    "costOfRevenue": 357136000,
    "grossProfit": 70845000,
    "grossProfitRatio": 0.1655330494,
    "researchAndDevelopmentExpenses": 3000,
    "generalAndAdministrativeExpenses": 0,
    "sellingAndMarketingExpenses": 0,
    "sellingGeneralAndAdministrativeExpenses": 34865000,
    "otherExpenses": 1245000,
    "operatingExpenses": 36113000,
    "costAndExpenses": 393249000,
    "interestIncome": 0,
    "interestExpense": 16916000,
    "depreciationAndAmortization": 45591000,
    "ebitda": 80310000,
    "ebitdaratio": 0.1876485171,
    "operatingIncome": 34732000,
    "operatingIncomeRatio": 0.0811531353,
    "totalOtherIncomeExpensesNet": -16929000,
    "incomeBeforeTax": 17803000,
    "incomeBeforeTaxRatio": 0.041597641,
    "incomeTaxExpense": 2678000,
    "netIncome": 14803000,
    "netIncomeRatio": 0.034587984,
    "eps": 0,
    "epsdiluted": 0,
    "weightedAverageShsOut": 45551000,
    "weightedAverageShsOutDil": 45584000,
    "link": "https://www.sec.gov/Archives/edgar/data/916076/000095012311018849/0000950123-11-018849-index.htm",
    "finalLink": "https://www.sec.gov/Archives/edgar/data/916076/000095012311018849/g25580e10vk.htm"
  },
  {
    "date": "2010-09-30",
    "symbol": "MLM",
    "reportedCurrency": "USD",
    "cik": "0000916076",
    "fillingDate": "2010-11-02",
    "acceptedDate": "2010-11-02 15:26:54",
    "calendarYear": "2010",
    "period": "Q3",
    "revenue": 509401000,
    "costOfRevenue": 395592000,
    "grossProfit": 113809000,
    "grossProfitRatio": 0.2234173078,
    "researchAndDevelopmentExpenses": 114000,
    "generalAndAdministrativeExpenses": 0,
    "sellingAndMarketingExpenses": 0,
    "sellingGeneralAndAdministrativeExpenses": 31235000,
    "otherExpenses": -1394000,
    "operatingExpenses": 29955000,
    "costAndExpenses": 425547000,
    "interestIncome": 0,
    "interestExpense": 17104000,
    "depreciationAndAmortization": 45446000,
    "ebitda": 129845000,
    "ebitdaratio": 0.2548974187,
    "operatingIncome": 83854000,
    "operatingIncomeRatio": 0.1646129474,
    "totalOtherIncomeExpensesNet": -16559000,
    "incomeBeforeTax": 67295000,
    "incomeBeforeTaxRatio": 0.1321061403,
    "incomeTaxExpense": 14061000,
    "netIncome": 51990000,
    "netIncomeRatio": 0.1020610482,
    "eps": 1.13,
    "epsdiluted": 1.13,
    "weightedAverageShsOut": 45526000,
    "weightedAverageShsOutDil": 45678000,
    "link": "https://www.sec.gov/Archives/edgar/data/916076/000095012310099410/0000950123-10-099410-index.htm",
    "finalLink": "https://www.sec.gov/Archives/edgar/data/916076/000095012310099410/g24620e10vq.htm"
  },
  {
    "date": "2010-06-30",
    "symbol": "MLM",
    "reportedCurrency": "USD",
    "cik": "0000916076",
    "fillingDate": "2010-08-03",
    "acceptedDate": "2010-08-03 15:18:37",
    "calendarYear": "2010",
    "period": "Q2",
    "revenue": 504630000,
    "costOfRevenue": 386930000,
    "grossProfit": 117700000,
    "grossProfitRatio": 0.2332401958,
    "researchAndDevelopmentExpenses": 22000,
    "generalAndAdministrativeExpenses": 0,
    "sellingAndMarketingExpenses": 0,
    "sellingGeneralAndAdministrativeExpenses": 33559000,
    "otherExpenses": -6531000,
    "operatingExpenses": 27050000,
    "costAndExpenses": 413980000,
    "interestIncome": 0,
    "interestExpense": 16820000,
    "depreciationAndAmortization": 45532000,
    "ebitda": 134848000,
    "ebitdaratio": 0.2672215286,
    "operatingIncome": 90650000,
    "operatingIncomeRatio": 0.1796365654,
    "totalOtherIncomeExpensesNet": -18154000,
    "incomeBeforeTax": 72496000,
    "incomeBeforeTaxRatio": 0.1436616927,
    "incomeTaxExpense": 17535000,
    "netIncome": 54399000,
    "netIncomeRatio": 0.1077997741,
    "eps": 1.18,
    "epsdiluted": 1.18,
    "weightedAverageShsOut": 45463000,
    "weightedAverageShsOutDil": 45657000,
    "link": "https://www.sec.gov/Archives/edgar/data/916076/000095012310071734/0000950123-10-071734-index.htm",
    "finalLink": "https://www.sec.gov/Archives/edgar/data/916076/000095012310071734/g24016e10vq.htm"
  },
  {
    "date": "2010-03-31",
    "symbol": "MLM",
    "reportedCurrency": "USD",
    "cik": "0000916076",
    "fillingDate": "2010-05-04",
    "acceptedDate": "2010-05-04 15:38:28",
    "calendarYear": "2010",
    "period": "Q1",
    "revenue": 340944000,
    "costOfRevenue": 321331000,
    "grossProfit": 19613000,
    "grossProfitRatio": 0.057525576,
    "researchAndDevelopmentExpenses": 13000,
    "generalAndAdministrativeExpenses": 0,
    "sellingAndMarketingExpenses": 0,
    "sellingGeneralAndAdministrativeExpenses": 33571000,
    "otherExpenses": -1107000,
    "operatingExpenses": 32477000,
    "costAndExpenses": 353808000,
    "interestIncome": 0,
    "interestExpense": 17616000,
    "depreciationAndAmortization": 44968000,
    "ebitda": 32704000,
    "ebitdaratio": 0.0959219109,
    "operatingIncome": -12864000,
    "operatingIncomeRatio": -0.0377305364,
    "totalOtherIncomeExpensesNet": -17016000,
    "incomeBeforeTax": -29880000,
    "incomeBeforeTaxRatio": -0.0876390258,
    "incomeTaxExpense": -4984000,
    "netIncome": -24180000,
    "netIncomeRatio": -0.0709207377,
    "eps": -0.54,
    "epsdiluted": -0.54,
    "weightedAverageShsOut": 45400000,
    "weightedAverageShsOutDil": 45400000,
    "link": "https://www.sec.gov/Archives/edgar/data/916076/000095012310043495/0000950123-10-043495-index.htm",
    "finalLink": "https://www.sec.gov/Archives/edgar/data/916076/000095012310043495/g23087e10vq.htm"
  },
  {
    "date": "2009-12-31",
    "symbol": "MLM",
    "reportedCurrency": "USD",
    "cik": "0000916076",
    "fillingDate": "2010-02-26",
    "acceptedDate": "2010-02-26 15:16:41",
    "calendarYear": "2009",
    "period": "Q4",
    "revenue": 373866000,
    "costOfRevenue": 314069000,
    "grossProfit": 59797000,
    "grossProfitRatio": 0.1599423323,
    "researchAndDevelopmentExpenses": 23000,
    "generalAndAdministrativeExpenses": 0,
    "sellingAndMarketingExpenses": 0,
    "sellingGeneralAndAdministrativeExpenses": 32545000,
    "otherExpenses": 12694000,
    "operatingExpenses": 45262000,
    "costAndExpenses": 359331000,
    "interestIncome": 0,
    "interestExpense": 18102000,
    "depreciationAndAmortization": 46115000,
    "ebitda": 60281000,
    "ebitdaratio": 0.1612369138,
    "operatingIncome": 14535000,
    "operatingIncomeRatio": 0.0388775658,
    "totalOtherIncomeExpensesNet": -18471000,
    "incomeBeforeTax": -3936000,
    "incomeBeforeTaxRatio": -0.0105278362,
    "incomeTaxExpense": -1292000,
    "netIncome": -3153000,
    "netIncomeRatio": -0.0084335029,
    "eps": 0,
    "epsdiluted": 0,
    "weightedAverageShsOut": 44930000,
    "weightedAverageShsOutDil": 45400000,
    "link": "https://www.sec.gov/Archives/edgar/data/916076/000095012310018035/0000950123-10-018035-index.htm",
    "finalLink": "https://www.sec.gov/Archives/edgar/data/916076/000095012310018035/g22182e10vk.htm"
  },
  {
    "date": "2009-09-30",
    "symbol": "MLM",
    "reportedCurrency": "USD",
    "cik": "0000916076",
    "fillingDate": "2009-11-03",
    "acceptedDate": "2009-11-03 15:21:38",
    "calendarYear": "2009",
    "period": "Q3",
    "revenue": 487967000,
    "costOfRevenue": 370219000,
    "grossProfit": 117748000,
    "grossProfitRatio": 0.2413032029,
    "researchAndDevelopmentExpenses": 51000,
    "generalAndAdministrativeExpenses": 0,
    "sellingAndMarketingExpenses": 0,
    "sellingGeneralAndAdministrativeExpenses": 32932000,
    "otherExpenses": -4448000,
    "operatingExpenses": 28535000,
    "costAndExpenses": 398754000,
    "interestIncome": 0,
    "interestExpense": 18181000,
    "depreciationAndAmortization": 45901000,
    "ebitda": 136310000,
    "ebitdaratio": 0.2793426605,
    "operatingIncome": 89213000,
    "operatingIncomeRatio": 0.1828258878,
    "totalOtherIncomeExpensesNet": -16985000,
    "incomeBeforeTax": 72228000,
    "incomeBeforeTaxRatio": 0.1480182061,
    "incomeTaxExpense": 15308000,
    "netIncome": 55514000,
    "netIncomeRatio": 0.1137658899,
    "eps": 1.23,
    "epsdiluted": 1.23,
    "weightedAverageShsOut": 44622000,
    "weightedAverageShsOutDil": 44813000,
    "link": "https://www.sec.gov/Archives/edgar/data/916076/000095012309056831/0000950123-09-056831-index.htm",
    "finalLink": "https://www.sec.gov/Archives/edgar/data/916076/000095012309056831/g20974e10vq.htm"
  },
  {
    "date": "2009-06-30",
    "symbol": "MLM",
    "reportedCurrency": "USD",
    "cik": "0000916076",
    "fillingDate": "2009-08-04",
    "acceptedDate": "2009-08-04 15:38:33",
    "calendarYear": "2009",
    "period": "Q2",
    "revenue": 465385000,
    "costOfRevenue": 353668000,
    "grossProfit": 111717000,
    "grossProfitRatio": 0.2400528595,
    "researchAndDevelopmentExpenses": 163000,
    "generalAndAdministrativeExpenses": 0,
    "sellingAndMarketingExpenses": 0,
    "sellingGeneralAndAdministrativeExpenses": 36766000,
    "otherExpenses": 1843000,
    "operatingExpenses": 38772000,
    "costAndExpenses": 392440000,
    "interestIncome": 0,
    "interestExpense": 18651000,
    "depreciationAndAmortization": 44756000,
    "ebitda": 119041000,
    "ebitdaratio": 0.2557903671,
    "operatingIncome": 72945000,
    "operatingIncomeRatio": 0.1567411928,
    "totalOtherIncomeExpensesNet": -17311000,
    "incomeBeforeTax": 55634000,
    "incomeBeforeTaxRatio": 0.1195440334,
    "incomeTaxExpense": 15536000,
    "netIncome": 38862000,
    "netIncomeRatio": 0.083505055,
    "eps": 0.86,
    "epsdiluted": 0.86,
    "weightedAverageShsOut": 44554000,
    "weightedAverageShsOutDil": 44753000,
    "link": "https://www.sec.gov/Archives/edgar/data/916076/000095012309029539/0000950123-09-029539-index.htm",
    "finalLink": "https://www.sec.gov/Archives/edgar/data/916076/000095012309029539/g19940e10vq.htm"
  },
  {
    "date": "2009-03-31",
    "symbol": "MLM",
    "reportedCurrency": "USD",
    "cik": "0000916076",
    "fillingDate": "2009-05-05",
    "acceptedDate": "2009-05-05 16:36:20",
    "calendarYear": "2009",
    "period": "Q1",
    "revenue": 374561000,
    "costOfRevenue": 326026000,
    "grossProfit": 48535000,
    "grossProfitRatio": 0.1295783597,
    "researchAndDevelopmentExpenses": 136000,
    "generalAndAdministrativeExpenses": 0,
    "sellingAndMarketingExpenses": 0,
    "sellingGeneralAndAdministrativeExpenses": 37157000,
    "otherExpenses": 294000,
    "operatingExpenses": 37587000,
    "costAndExpenses": 363613000,
    "interestIncome": 0,
    "interestExpense": 18525000,
    "depreciationAndAmortization": 42619000,
    "ebitda": 52545000,
    "ebitdaratio": 0.1402842261,
    "operatingIncome": 10948000,
    "operatingIncomeRatio": 0.0292288839,
    "totalOtherIncomeExpensesNet": -19547000,
    "incomeBeforeTax": -8599000,
    "incomeBeforeTaxRatio": -0.0229575423,
    "incomeTaxExpense": -2174000,
    "netIncome": -5764000,
    "netIncomeRatio": -0.0153886817,
    "eps": -0.14,
    "epsdiluted": -0.14,
    "weightedAverageShsOut": 41863000,
    "weightedAverageShsOutDil": 41863000,
    "link": "https://www.sec.gov/Archives/edgar/data/916076/000095014409003902/0000950144-09-003902-index.htm",
    "finalLink": "https://www.sec.gov/Archives/edgar/data/916076/000095014409003902/g18905e10vq.htm"
  },
  {
    "date": "2008-12-31",
    "symbol": "MLM",
    "reportedCurrency": "USD",
    "cik": "0000916076",
    "fillingDate": "2009-02-17",
    "acceptedDate": "2009-02-17 16:47:38",
    "calendarYear": "2008",
    "period": "Q4",
    "revenue": 471484000,
    "costOfRevenue": 367340000,
    "grossProfit": 104144000,
    "grossProfitRatio": 0.2208855444,
    "researchAndDevelopmentExpenses": 139000,
    "generalAndAdministrativeExpenses": 0,
    "sellingAndMarketingExpenses": 0,
    "sellingGeneralAndAdministrativeExpenses": 33878000,
    "otherExpenses": 9524000,
    "operatingExpenses": 43541000,
    "costAndExpenses": 410881000,
    "interestIncome": 0,
    "interestExpense": 0,
    "depreciationAndAmortization": 45470000,
    "ebitda": 100381000,
    "ebitdaratio": 0.2129043615,
    "operatingIncome": 60603000,
    "operatingIncomeRatio": 0.1285367054,
    "totalOtherIncomeExpensesNet": -22419000,
    "incomeBeforeTax": 38184000,
    "incomeBeforeTaxRatio": 0.0809868415,
    "incomeTaxExpense": 12626000,
    "netIncome": 25261000,
    "netIncomeRatio": 0.05357764,
    "eps": 0,
    "epsdiluted": 0,
    "weightedAverageShsOut": 41439000,
    "weightedAverageShsOutDil": 41863000,
    "link": "https://www.sec.gov/Archives/edgar/data/916076/000095014409001377/0000950144-09-001377-index.htm",
    "finalLink": "https://www.sec.gov/Archives/edgar/data/916076/000095014409001377/g17638e10vk.htm"
  },
  {
    "date": "2008-09-30",
    "symbol": "MLM",
    "reportedCurrency": "USD",
    "cik": "0000916076",
    "fillingDate": "2008-10-29",
    "acceptedDate": "2008-10-29 12:45:34",
    "calendarYear": "2008",
    "period": "Q3",
    "revenue": 598711000,
    "costOfRevenue": 447137000,
    "grossProfit": 151574000,
    "grossProfitRatio": 0.2531672209,
    "researchAndDevelopmentExpenses": 145000,
    "generalAndAdministrativeExpenses": 0,
    "sellingAndMarketingExpenses": 0,
    "sellingGeneralAndAdministrativeExpenses": 37734000,
    "otherExpenses": -1216000,
    "operatingExpenses": 36663000,
    "costAndExpenses": 483800000,
    "interestIncome": 0,
    "interestExpense": 19498000,
    "depreciationAndAmortization": 43962000,
    "ebitda": 158107000,
    "ebitdaratio": 0.2640789964,
    "operatingIncome": 114911000,
    "operatingIncomeRatio": 0.1919306644,
    "totalOtherIncomeExpensesNet": -20264000,
    "incomeBeforeTax": 94647000,
    "incomeBeforeTaxRatio": 0.1580846185,
    "incomeTaxExpense": 26173000,
    "netIncome": 66326000,
    "netIncomeRatio": 0.1107813286,
    "eps": 1.58,
    "epsdiluted": 1.57,
    "weightedAverageShsOut": 41385000,
    "weightedAverageShsOutDil": 41630000,
    "link": "https://www.sec.gov/Archives/edgar/data/916076/000095014408007875/0000950144-08-007875-index.htm",
    "finalLink": "https://www.sec.gov/Archives/edgar/data/916076/000095014408007875/g16233qe10vq.htm"
  },
  {
    "date": "2008-06-30",
    "symbol": "MLM",
    "reportedCurrency": "USD",
    "cik": "0000916076",
    "fillingDate": "2008-08-07",
    "acceptedDate": "2008-08-07 15:27:11",
    "calendarYear": "2008",
    "period": "Q2",
    "revenue": 597824000,
    "costOfRevenue": 458355000,
    "grossProfit": 139469000,
    "grossProfitRatio": 0.2332944144,
    "researchAndDevelopmentExpenses": 134000,
    "generalAndAdministrativeExpenses": 0,
    "sellingAndMarketingExpenses": 0,
    "sellingGeneralAndAdministrativeExpenses": 42039000,
    "otherExpenses": -7587000,
    "operatingExpenses": 34586000,
    "costAndExpenses": 492941000,
    "interestIncome": 0,
    "interestExpense": 19301000,
    "depreciationAndAmortization": 42775000,
    "ebitda": 148012000,
    "ebitdaratio": 0.2475845734,
    "operatingIncome": 104883000,
    "operatingIncomeRatio": 0.175441267,
    "totalOtherIncomeExpensesNet": -18947000,
    "incomeBeforeTax": 85936000,
    "incomeBeforeTaxRatio": 0.1437479927,
    "incomeTaxExpense": 26322000,
    "netIncome": 63804000,
    "netIncomeRatio": 0.1067270635,
    "eps": 1.52,
    "epsdiluted": 1.51,
    "weightedAverageShsOut": 41333000,
    "weightedAverageShsOutDil": 41596000,
    "link": "https://www.sec.gov/Archives/edgar/data/916076/000095014408006169/0000950144-08-006169-index.htm",
    "finalLink": "https://www.sec.gov/Archives/edgar/data/916076/000095014408006169/g14455qe10vq.htm"
  },
  {
    "date": "2008-03-31",
    "symbol": "MLM",
    "reportedCurrency": "USD",
    "cik": "0000916076",
    "fillingDate": "2008-05-06",
    "acceptedDate": "2008-05-06 14:51:21",
    "calendarYear": "2008",
    "period": "Q1",
    "revenue": 451559000,
    "costOfRevenue": 376411000,
    "grossProfit": 75148000,
    "grossProfitRatio": 0.1664190062,
    "researchAndDevelopmentExpenses": 178000,
    "generalAndAdministrativeExpenses": 0,
    "sellingAndMarketingExpenses": 0,
    "sellingGeneralAndAdministrativeExpenses": 37696000,
    "otherExpenses": -5586000,
    "operatingExpenses": 32288000,
    "costAndExpenses": 408699000,
    "interestIncome": 0,
    "interestExpense": 15838000,
    "depreciationAndAmortization": 38922000,
    "ebitda": 81896000,
    "ebitdaratio": 0.1813627898,
    "operatingIncome": 42860000,
    "operatingIncomeRatio": 0.0949156146,
    "totalOtherIncomeExpensesNet": -15724000,
    "incomeBeforeTax": 27136000,
    "incomeBeforeTaxRatio": 0.0600940298,
    "incomeTaxExpense": 6874000,
    "netIncome": 20864000,
    "netIncomeRatio": 0.046204372,
    "eps": 0.5,
    "epsdiluted": 0.5,
    "weightedAverageShsOut": 41322000,
    "weightedAverageShsOutDil": 41924000,
    "link": "https://www.sec.gov/Archives/edgar/data/916076/000095014408003653/0000950144-08-003653-index.htm",
    "finalLink": "https://www.sec.gov/Archives/edgar/data/916076/000095014408003653/g12899qe10vq.htm"
  },
  {
    "date": "2007-12-31",
    "symbol": "MLM",
    "reportedCurrency": "USD",
    "cik": "0000916076",
    "fillingDate": "2008-02-25",
    "acceptedDate": "2008-02-25 16:13:59",
    "calendarYear": "2007",
    "period": "Q4",
    "revenue": 530411000,
    "costOfRevenue": 399005000,
    "grossProfit": 131406000,
    "grossProfitRatio": 0.2477437308,
    "researchAndDevelopmentExpenses": 310000,
    "generalAndAdministrativeExpenses": 0,
    "sellingAndMarketingExpenses": 0,
    "sellingGeneralAndAdministrativeExpenses": 36165000,
    "otherExpenses": -6602000,
    "operatingExpenses": 29873000,
    "costAndExpenses": 428878000,
    "interestIncome": 0,
    "interestExpense": 0,
    "depreciationAndAmortization": 39251000,
    "ebitda": 140784000,
    "ebitdaratio": 0.2654243596,
    "operatingIncome": 101533000,
    "operatingIncomeRatio": 0.1914232548,
    "totalOtherIncomeExpensesNet": -14422000,
    "incomeBeforeTax": 87111000,
    "incomeBeforeTaxRatio": 0.1642330193,
    "incomeTaxExpense": 29827000,
    "netIncome": 56541000,
    "netIncomeRatio": 0.106598468,
    "eps": 0,
    "epsdiluted": 0,
    "weightedAverageShsOut": 41322000,
    "weightedAverageShsOutDil": 41322000,
    "link": "https://www.sec.gov/Archives/edgar/data/916076/000095014408001341/0000950144-08-001341-index.htm",
    "finalLink": "https://www.sec.gov/Archives/edgar/data/916076/000095014408001341/g11819e10vk.htm"
  },
  {
    "date": "2007-09-30",
    "symbol": "MLM",
    "reportedCurrency": "USD",
    "cik": "0000916076",
    "fillingDate": "2007-10-30",
    "acceptedDate": "2007-10-30 16:58:36",
    "calendarYear": "2007",
    "period": "Q3",
    "revenue": 615382000,
    "costOfRevenue": 448068000,
    "grossProfit": 167314000,
    "grossProfitRatio": 0.2718864055,
    "researchAndDevelopmentExpenses": 170000,
    "generalAndAdministrativeExpenses": 0,
    "sellingAndMarketingExpenses": 0,
    "sellingGeneralAndAdministrativeExpenses": 36439000,
    "otherExpenses": -6176000,
    "operatingExpenses": 30433000,
    "costAndExpenses": 478501000,
    "interestIncome": 0,
    "interestExpense": 0,
    "depreciationAndAmortization": 37680000,
    "ebitda": 174561000,
    "ebitdaratio": 0.2836628306,
    "operatingIncome": 136881000,
    "operatingIncomeRatio": 0.2224325703,
    "totalOtherIncomeExpensesNet": -15992000,
    "incomeBeforeTax": 120889000,
    "incomeBeforeTaxRatio": 0.1964454599,
    "incomeTaxExpense": 31048000,
    "netIncome": 90266000,
    "netIncomeRatio": 0.1466828734,
    "eps": 2.16,
    "epsdiluted": 2.13,
    "weightedAverageShsOut": 41817000,
    "weightedAverageShsOutDil": 42475000,
    "link": "https://www.sec.gov/Archives/edgar/data/916076/000095014407009707/0000950144-07-009707-index.htm",
    "finalLink": "https://www.sec.gov/Archives/edgar/data/916076/000095014407009707/g10148e10vq.htm"
  },
  {
    "date": "2007-06-30",
    "symbol": "MLM",
    "reportedCurrency": "USD",
    "cik": "0000916076",
    "fillingDate": "2007-08-07",
    "acceptedDate": "2007-08-07 08:58:07",
    "calendarYear": "2007",
    "period": "Q2",
    "revenue": 590313000,
    "costOfRevenue": 412391000,
    "grossProfit": 177922000,
    "grossProfitRatio": 0.3014028151,
    "researchAndDevelopmentExpenses": 186000,
    "generalAndAdministrativeExpenses": 0,
    "sellingAndMarketingExpenses": 0,
    "sellingGeneralAndAdministrativeExpenses": 44309000,
    "otherExpenses": -3128000,
    "operatingExpenses": 41367000,
    "costAndExpenses": 453758000,
    "interestIncome": 0,
    "interestExpense": 0,
    "depreciationAndAmortization": 37424000,
    "ebitda": 173979000,
    "ebitdaratio": 0.2947233078,
    "operatingIncome": 136555000,
    "operatingIncomeRatio": 0.2313264319,
    "totalOtherIncomeExpensesNet": -15848000,
    "incomeBeforeTax": 120707000,
    "incomeBeforeTaxRatio": 0.2044796574,
    "incomeTaxExpense": 38320000,
    "netIncome": 82952000,
    "netIncomeRatio": 0.140522062,
    "eps": 1.95,
    "epsdiluted": 1.92,
    "weightedAverageShsOut": 42458000,
    "weightedAverageShsOutDil": 43141000,
    "link": "https://www.sec.gov/Archives/edgar/data/916076/000095014407007333/0000950144-07-007333-index.htm",
    "finalLink": "https://www.sec.gov/Archives/edgar/data/916076/000095014407007333/g08600e10vq.htm"
  },
  {
    "date": "2007-03-31",
    "symbol": "MLM",
    "reportedCurrency": "USD",
    "cik": "0000916076",
    "fillingDate": "2007-05-09",
    "acceptedDate": "2007-05-09 14:41:39",
    "calendarYear": "2007",
    "period": "Q1",
    "revenue": 459675000,
    "costOfRevenue": 365479000,
    "grossProfit": 94196000,
    "grossProfitRatio": 0.2049186926,
    "researchAndDevelopmentExpenses": 203000,
    "generalAndAdministrativeExpenses": 0,
    "sellingAndMarketingExpenses": 0,
    "sellingGeneralAndAdministrativeExpenses": 38273000,
    "otherExpenses": -2491000,
    "operatingExpenses": 35985000,
    "costAndExpenses": 401464000,
    "interestIncome": 0,
    "interestExpense": 0,
    "depreciationAndAmortization": 35983000,
    "ebitda": 94194000,
    "ebitdaratio": 0.2049143417,
    "operatingIncome": 58211000,
    "operatingIncomeRatio": 0.1266351226,
    "totalOtherIncomeExpensesNet": -8520000,
    "incomeBeforeTax": 49691000,
    "incomeBeforeTaxRatio": 0.1081002882,
    "incomeTaxExpense": 16786000,
    "netIncome": 32990000,
    "netIncomeRatio": 0.071768097,
    "eps": 0.74,
    "epsdiluted": 0.73,
    "weightedAverageShsOut": 44548000,
    "weightedAverageShsOutDil": 45191781,
    "link": "https://www.sec.gov/Archives/edgar/data/916076/000095014407004483/0000950144-07-004483-index.htm",
    "finalLink": "https://www.sec.gov/Archives/edgar/data/916076/000095014407004483/g07079e10vq.htm"
  },
  {
    "date": "2006-12-31",
    "symbol": "MLM",
    "reportedCurrency": "USD",
    "cik": "0000916076",
    "fillingDate": "2007-02-28",
    "acceptedDate": "2007-02-28 06:44:59",
    "calendarYear": "2006",
    "period": "Q4",
    "revenue": 529744000,
    "costOfRevenue": 392537000,
    "grossProfit": 137207000,
    "grossProfitRatio": 0.259006237,
    "researchAndDevelopmentExpenses": 257000,
    "generalAndAdministrativeExpenses": 0,
    "sellingAndMarketingExpenses": 0,
    "sellingGeneralAndAdministrativeExpenses": 38102000,
    "otherExpenses": -3502000,
    "operatingExpenses": 34857000,
    "costAndExpenses": 427394000,
    "interestIncome": 0,
    "interestExpense": 0,
    "depreciationAndAmortization": 38735000,
    "ebitda": 141085000,
    "ebitdaratio": 0.2663267541,
    "operatingIncome": 102350000,
    "operatingIncomeRatio": 0.1932065299,
    "totalOtherIncomeExpensesNet": -9949000,
    "incomeBeforeTax": 92401000,
    "incomeBeforeTaxRatio": 0.1744257604,
    "incomeTaxExpense": 29975000,
    "netIncome": 62466000,
    "netIncomeRatio": 0.1179173337,
    "eps": 0,
    "epsdiluted": 0,
    "weightedAverageShsOut": 44548000,
    "weightedAverageShsOutDil": 44548000,
    "link": "https://www.sec.gov/Archives/edgar/data/916076/000095014407001677/0000950144-07-001677-index.htm",
    "finalLink": "https://www.sec.gov/Archives/edgar/data/916076/000095014407001677/g05626e10vk.htm"
  },
  {
    "date": "2006-09-30",
    "symbol": "MLM",
    "reportedCurrency": "USD",
    "cik": "0000916076",
    "fillingDate": "2006-10-31",
    "acceptedDate": "2006-10-31 10:18:39",
    "calendarYear": "2006",
    "period": "Q3",
    "revenue": 601653000,
    "costOfRevenue": 452366000,
    "grossProfit": 149287000,
    "grossProfitRatio": 0.2481280738,
    "researchAndDevelopmentExpenses": 175000,
    "generalAndAdministrativeExpenses": 0,
    "sellingAndMarketingExpenses": 0,
    "sellingGeneralAndAdministrativeExpenses": 35254000,
    "otherExpenses": -2154000,
    "operatingExpenses": 33275000,
    "costAndExpenses": 485641000,
    "interestIncome": 0,
    "interestExpense": 0,
    "depreciationAndAmortization": 36072000,
    "ebitda": 152084000,
    "ebitdaratio": 0.2527769329,
    "operatingIncome": 116012000,
    "operatingIncomeRatio": 0.1928221084,
    "totalOtherIncomeExpensesNet": -10309000,
    "incomeBeforeTax": 105703000,
    "incomeBeforeTaxRatio": 0.1756876472,
    "incomeTaxExpense": 29199000,
    "netIncome": 76160000,
    "netIncomeRatio": 0.1265845928,
    "eps": 1.68,
    "epsdiluted": 1.65,
    "weightedAverageShsOut": 45275000,
    "weightedAverageShsOutDil": 46121000,
    "link": "https://www.sec.gov/Archives/edgar/data/916076/000095014406009964/0000950144-06-009964-index.htm",
    "finalLink": "https://www.sec.gov/Archives/edgar/data/916076/000095014406009964/g03885e10vq.htm"
  },
  {
    "date": "2006-06-30",
    "symbol": "MLM",
    "reportedCurrency": "USD",
    "cik": "0000916076",
    "fillingDate": "2006-08-01",
    "acceptedDate": "2006-08-01 15:00:23",
    "calendarYear": "2006",
    "period": "Q2",
    "revenue": 587033000,
    "costOfRevenue": 433893000,
    "grossProfit": 153140000,
    "grossProfitRatio": 0.2608711946,
    "researchAndDevelopmentExpenses": 140000,
    "generalAndAdministrativeExpenses": 0,
    "sellingAndMarketingExpenses": 0,
    "sellingGeneralAndAdministrativeExpenses": 33556000,
    "otherExpenses": 0,
    "operatingExpenses": 33696000,
    "costAndExpenses": 467589000,
    "interestIncome": 0,
    "interestExpense": 0,
    "depreciationAndAmortization": 33941000,
    "ebitda": 153385000,
    "ebitdaratio": 0.2612885477,
    "operatingIncome": 119444000,
    "operatingIncomeRatio": 0.2034706737,
    "totalOtherIncomeExpensesNet": -9402000,
    "incomeBeforeTax": 110042000,
    "incomeBeforeTaxRatio": 0.1874545383,
    "incomeTaxExpense": 34155000,
    "netIncome": 75789000,
    "netIncomeRatio": 0.1291051781,
    "eps": 1.66,
    "epsdiluted": 1.63,
    "weightedAverageShsOut": 45663000,
    "weightedAverageShsOutDil": 46623000,
    "link": "https://www.sec.gov/Archives/edgar/data/916076/000095014406007177/0000950144-06-007177-index.htm",
    "finalLink": "https://www.sec.gov/Archives/edgar/data/916076/000095014406007177/g02533e10vq.htm"
  },
  {
    "date": "2006-03-31",
    "symbol": "MLM",
    "reportedCurrency": "USD",
    "cik": "0000916076",
    "fillingDate": "2006-05-02",
    "acceptedDate": "2006-05-02 13:47:11",
    "calendarYear": "2006",
    "period": "Q1",
    "revenue": 482919000,
    "costOfRevenue": 398603000,
    "grossProfit": 84316000,
    "grossProfitRatio": 0.174596568,
    "researchAndDevelopmentExpenses": 164000,
    "generalAndAdministrativeExpenses": 0,
    "sellingAndMarketingExpenses": 0,
    "sellingGeneralAndAdministrativeExpenses": 36161000,
    "otherExpenses": -3640000,
    "operatingExpenses": 32685000,
    "costAndExpenses": 431288000,
    "interestIncome": 0,
    "interestExpense": 0,
    "depreciationAndAmortization": 32681000,
    "ebitda": 84312000,
    "ebitdaratio": 0.174588285,
    "operatingIncome": 51631000,
    "operatingIncomeRatio": 0.1069144101,
    "totalOtherIncomeExpensesNet": -7882000,
    "incomeBeforeTax": 43749000,
    "incomeBeforeTaxRatio": 0.0905928323,
    "incomeTaxExpense": 13847000,
    "netIncome": 31006000,
    "netIncomeRatio": 0.0642053843,
    "eps": 0.68,
    "epsdiluted": 0.66,
    "weightedAverageShsOut": 45750000,
    "weightedAverageShsOutDil": 46785000,
    "link": "https://www.sec.gov/Archives/edgar/data/916076/000095014406004266/0000950144-06-004266-index.htm",
    "finalLink": "https://www.sec.gov/Archives/edgar/data/916076/000095014406004266/g01141e10vq.htm"
  },
  {
    "date": "2005-12-31",
    "symbol": "MLM",
    "reportedCurrency": "USD",
    "cik": "0000916076",
    "fillingDate": "2006-02-27",
    "acceptedDate": "2006-02-27 14:43:40",
    "calendarYear": "2005",
    "period": "Q4",
    "revenue": 499135000,
    "costOfRevenue": 387140000,
    "grossProfit": 111995000,
    "grossProfitRatio": 0.2243781742,
    "researchAndDevelopmentExpenses": 132000,
    "generalAndAdministrativeExpenses": 0,
    "sellingAndMarketingExpenses": 0,
    "sellingGeneralAndAdministrativeExpenses": 33549000,
    "otherExpenses": -5466000,
    "operatingExpenses": 28215000,
    "costAndExpenses": 415355000,
    "interestIncome": 0,
    "interestExpense": 0,
    "depreciationAndAmortization": 34851000,
    "ebitda": 118631000,
    "ebitdaratio": 0.2376731746,
    "operatingIncome": 83780000,
    "operatingIncomeRatio": 0.1678503812,
    "totalOtherIncomeExpensesNet": -9518000,
    "incomeBeforeTax": 74262000,
    "incomeBeforeTaxRatio": 0.1487813918,
    "incomeTaxExpense": 24514000,
    "netIncome": 47757000,
    "netIncomeRatio": 0.0956795256,
    "eps": 0,
    "epsdiluted": 0,
    "weightedAverageShsOut": 45750336,
    "weightedAverageShsOutDil": 45750336,
    "link": "https://www.sec.gov/Archives/edgar/data/916076/000095014406001538/0000950144-06-001538-index.htm",
    "finalLink": "https://www.sec.gov/Archives/edgar/data/916076/000095014406001538/g99743e10vk.htm"
  },
  {
    "date": "2005-09-30",
    "symbol": "MLM",
    "reportedCurrency": "USD",
    "cik": "0000916076",
    "fillingDate": "2005-11-01",
    "acceptedDate": "2005-11-01 16:39:26",
    "calendarYear": "2005",
    "period": "Q3",
    "revenue": 563914000,
    "costOfRevenue": 429025000,
    "grossProfit": 134889000,
    "grossProfitRatio": 0.2392013676,
    "researchAndDevelopmentExpenses": 189000,
    "generalAndAdministrativeExpenses": 0,
    "sellingAndMarketingExpenses": 0,
    "sellingGeneralAndAdministrativeExpenses": 33526000,
    "otherExpenses": -6644000,
    "operatingExpenses": 27071000,
    "costAndExpenses": 456096000,
    "interestIncome": 0,
    "interestExpense": 0,
    "depreciationAndAmortization": 35670000,
    "ebitda": 143488000,
    "ebitdaratio": 0.2544501467,
    "operatingIncome": 107818000,
    "operatingIncomeRatio": 0.1911958206,
    "totalOtherIncomeExpensesNet": -10961000,
    "incomeBeforeTax": 96857000,
    "incomeBeforeTaxRatio": 0.1717584596,
    "incomeTaxExpense": 20810000,
    "netIncome": 76360000,
    "netIncomeRatio": 0.1354107187,
    "eps": 1.65,
    "epsdiluted": 1.62,
    "weightedAverageShsOut": 46349000,
    "weightedAverageShsOutDil": 47173000,
    "link": "https://www.sec.gov/Archives/edgar/data/916076/000095014405010957/0000950144-05-010957-index.htm",
    "finalLink": "https://www.sec.gov/Archives/edgar/data/916076/000095014405010957/g97909e10vq.htm"
  },
  {
    "date": "2005-06-30",
    "symbol": "MLM",
    "reportedCurrency": "USD",
    "cik": "0000916076",
    "fillingDate": "2005-08-03",
    "acceptedDate": "2005-08-03 09:14:03",
    "calendarYear": "2005",
    "period": "Q2",
    "revenue": 543841000,
    "costOfRevenue": 414216000,
    "grossProfit": 129625000,
    "grossProfitRatio": 0.2383509151,
    "researchAndDevelopmentExpenses": 193000,
    "generalAndAdministrativeExpenses": 0,
    "sellingAndMarketingExpenses": 0,
    "sellingGeneralAndAdministrativeExpenses": 29576000,
    "otherExpenses": 0,
    "operatingExpenses": 29769000,
    "costAndExpenses": 443985000,
    "interestIncome": 0,
    "interestExpense": 0,
    "depreciationAndAmortization": 34440000,
    "ebitda": 134296000,
    "ebitdaratio": 0.2469398225,
    "operatingIncome": 99856000,
    "operatingIncomeRatio": 0.1836124897,
    "totalOtherIncomeExpensesNet": -11626000,
    "incomeBeforeTax": 88230000,
    "incomeBeforeTaxRatio": 0.1622349179,
    "incomeTaxExpense": 25449000,
    "netIncome": 61472000,
    "netIncomeRatio": 0.1130330372,
    "eps": 1.32,
    "epsdiluted": 1.3,
    "weightedAverageShsOut": 46569000,
    "weightedAverageShsOutDil": 47174000,
    "link": "https://www.sec.gov/Archives/edgar/data/916076/000095014405008089/0000950144-05-008089-index.htm",
    "finalLink": "https://www.sec.gov/Archives/edgar/data/916076/000095014405008089/g96532e10vq.htm"
  },
  {
    "date": "2005-03-31",
    "symbol": "MLM",
    "reportedCurrency": "USD",
    "cik": "0000916076",
    "fillingDate": "2005-05-04",
    "acceptedDate": "2005-05-04 10:10:07",
    "calendarYear": "2005",
    "period": "Q1",
    "revenue": 389727000,
    "costOfRevenue": 340058000,
    "grossProfit": 49669000,
    "grossProfitRatio": 0.1274456222,
    "researchAndDevelopmentExpenses": 148000,
    "generalAndAdministrativeExpenses": 0,
    "sellingAndMarketingExpenses": 0,
    "sellingGeneralAndAdministrativeExpenses": 31828000,
    "otherExpenses": -1758000,
    "operatingExpenses": 30218000,
    "costAndExpenses": 370276000,
    "interestIncome": 0,
    "interestExpense": 0,
    "depreciationAndAmortization": 33290000,
    "ebitda": 52741000,
    "ebitdaratio": 0.135328063,
    "operatingIncome": 19451000,
    "operatingIncomeRatio": 0.0499092955,
    "totalOtherIncomeExpensesNet": -8555000,
    "incomeBeforeTax": 10896000,
    "incomeBeforeTaxRatio": 0.0279580322,
    "incomeTaxExpense": 2286000,
    "netIncome": 7077000,
    "netIncomeRatio": 0.0181588651,
    "eps": 0.15,
    "epsdiluted": 0.15,
    "weightedAverageShsOut": 47061842,
    "weightedAverageShsOutDil": 47737996,
    "link": "https://www.sec.gov/Archives/edgar/data/916076/000095014405004813/0000950144-05-004813-index.htm",
    "finalLink": "https://www.sec.gov/Archives/edgar/data/916076/000095014405004813/g94937e10vq.htm"
  },
  {
    "date": "2004-12-31",
    "symbol": "MLM",
    "reportedCurrency": "USD",
    "cik": "0000916076",
    "fillingDate": "2005-02-25",
    "acceptedDate": "2005-02-25 13:20:55",
    "calendarYear": "2004",
    "period": "Q4",
    "revenue": 435679000,
    "costOfRevenue": 340321000,
    "grossProfit": 95358000,
    "grossProfitRatio": 0.2188721513,
    "researchAndDevelopmentExpenses": 355000,
    "generalAndAdministrativeExpenses": 0,
    "sellingAndMarketingExpenses": 0,
    "sellingGeneralAndAdministrativeExpenses": 32069000,
    "otherExpenses": -8409000,
    "operatingExpenses": 24015000,
    "costAndExpenses": 364336000,
    "interestIncome": 0,
    "interestExpense": 0,
    "depreciationAndAmortization": 32963000,
    "ebitda": 104306000,
    "ebitdaratio": 0.239410208,
    "operatingIncome": 71343000,
    "operatingIncomeRatio": 0.163751294,
    "totalOtherIncomeExpensesNet": -10400000,
    "incomeBeforeTax": 60943000,
    "incomeBeforeTaxRatio": 0.1398805084,
    "incomeTaxExpense": 23259000,
    "netIncome": 36990000,
    "netIncomeRatio": 0.0849019576,
    "eps": 0,
    "epsdiluted": 0,
    "weightedAverageShsOut": 47061842,
    "weightedAverageShsOutDil": 47061842,
    "link": "https://www.sec.gov/Archives/edgar/data/916076/000095014405001851/0000950144-05-001851-index.htm",
    "finalLink": "https://www.sec.gov/Archives/edgar/data/916076/000095014405001851/g93420e10vk.htm"
  },
  {
    "date": "2004-09-30",
    "symbol": "MLM",
    "reportedCurrency": "USD",
    "cik": "0000916076",
    "fillingDate": "2004-11-09",
    "acceptedDate": "2004-11-09 11:22:13",
    "calendarYear": "2004",
    "period": "Q3",
    "revenue": 495692000,
    "costOfRevenue": 384287000,
    "grossProfit": 111405000,
    "grossProfitRatio": 0.2247464151,
    "researchAndDevelopmentExpenses": 201000,
    "generalAndAdministrativeExpenses": 0,
    "sellingAndMarketingExpenses": 0,
    "sellingGeneralAndAdministrativeExpenses": 30827000,
    "otherExpenses": -2199000,
    "operatingExpenses": 28829000,
    "costAndExpenses": 413116000,
    "interestIncome": 0,
    "interestExpense": 0,
    "depreciationAndAmortization": 33094000,
    "ebitda": 115670000,
    "ebitdaratio": 0.2333505483,
    "operatingIncome": 82576000,
    "operatingIncomeRatio": 0.1665873163,
    "totalOtherIncomeExpensesNet": -11373000,
    "incomeBeforeTax": 71203000,
    "incomeBeforeTaxRatio": 0.1436436335,
    "incomeTaxExpense": 17772000,
    "netIncome": 54003000,
    "netIncomeRatio": 0.1089446673,
    "eps": 1.12,
    "epsdiluted": 1.11,
    "weightedAverageShsOut": 48216947,
    "weightedAverageShsOutDil": 48572510,
    "link": "https://www.sec.gov/Archives/edgar/data/916076/000095014404010704/0000950144-04-010704-index.htm",
    "finalLink": "https://www.sec.gov/Archives/edgar/data/916076/000095014404010704/g91615e10vq.htm"
  },
  {
    "date": "2004-06-30",
    "symbol": "MLM",
    "reportedCurrency": "USD",
    "cik": "0000916076",
    "fillingDate": "2004-08-09",
    "acceptedDate": "2004-08-09 08:20:40",
    "calendarYear": "2004",
    "period": "Q2",
    "revenue": 462268000,
    "costOfRevenue": 356311000,
    "grossProfit": 105957000,
    "grossProfitRatio": 0.2292111935,
    "researchAndDevelopmentExpenses": 181000,
    "generalAndAdministrativeExpenses": 0,
    "sellingAndMarketingExpenses": 0,
    "sellingGeneralAndAdministrativeExpenses": 32775000,
    "otherExpenses": -1429000,
    "operatingExpenses": 31527000,
    "costAndExpenses": 387838000,
    "interestIncome": 0,
    "interestExpense": 0,
    "depreciationAndAmortization": 33188000,
    "ebitda": 107618000,
    "ebitdaratio": 0.2328043473,
    "operatingIncome": 74430000,
    "operatingIncomeRatio": 0.1610104961,
    "totalOtherIncomeExpensesNet": -10465000,
    "incomeBeforeTax": 63965000,
    "incomeBeforeTaxRatio": 0.1383721131,
    "incomeTaxExpense": 18982000,
    "netIncome": 44715000,
    "netIncomeRatio": 0.0967296027,
    "eps": 0.93,
    "epsdiluted": 0.92,
    "weightedAverageShsOut": 48210140,
    "weightedAverageShsOutDil": 48570644,
    "link": "https://www.sec.gov/Archives/edgar/data/916076/000095014404007913/0000950144-04-007913-index.htm",
    "finalLink": "https://www.sec.gov/Archives/edgar/data/916076/000095014404007913/g90304e10vq.htm"
  },
  {
    "date": "2004-03-31",
    "symbol": "MLM",
    "reportedCurrency": "USD",
    "cik": "0000916076",
    "fillingDate": "2004-05-06",
    "acceptedDate": "2004-05-06 14:46:47",
    "calendarYear": "2004",
    "period": "Q1",
    "revenue": 340147000,
    "costOfRevenue": 304278000,
    "grossProfit": 35869000,
    "grossProfitRatio": 0.1054514666,
    "researchAndDevelopmentExpenses": 154000,
    "generalAndAdministrativeExpenses": 0,
    "sellingAndMarketingExpenses": 0,
    "sellingGeneralAndAdministrativeExpenses": 31593000,
    "otherExpenses": -200000,
    "operatingExpenses": 31547000,
    "costAndExpenses": 335825000,
    "interestIncome": 0,
    "interestExpense": 0,
    "depreciationAndAmortization": 33614000,
    "ebitda": 37936000,
    "ebitdaratio": 0.111528251,
    "operatingIncome": 4322000,
    "operatingIncomeRatio": 0.0127062711,
    "totalOtherIncomeExpensesNet": -9880000,
    "incomeBeforeTax": -5558000,
    "incomeBeforeTaxRatio": -0.0163399942,
    "incomeTaxExpense": -1665000,
    "netIncome": -6545000,
    "netIncomeRatio": -0.0192416808,
    "eps": -0.14,
    "epsdiluted": -0.14,
    "weightedAverageShsOut": 48332774,
    "weightedAverageShsOutDil": 48332774,
    "link": "https://www.sec.gov/Archives/edgar/data/916076/000095014404004953/0000950144-04-004953-index.htm",
    "finalLink": "https://www.sec.gov/Archives/edgar/data/916076/000095014404004953/g88913e10vq.htm"
  },
  {
    "date": "2003-12-31",
    "symbol": "MLM",
    "reportedCurrency": "USD",
    "cik": "0000916076",
    "fillingDate": "2004-03-15",
    "acceptedDate": "2004-03-15 12:35:05",
    "calendarYear": "2003",
    "period": "Q4",
    "revenue": 416153000,
    "costOfRevenue": 342384000,
    "grossProfit": 73769000,
    "grossProfitRatio": 0.1772641312,
    "researchAndDevelopmentExpenses": 197000,
    "generalAndAdministrativeExpenses": 0,
    "sellingAndMarketingExpenses": 0,
    "sellingGeneralAndAdministrativeExpenses": 25403000,
    "otherExpenses": -1972000,
    "operatingExpenses": 23628000,
    "costAndExpenses": 366012000,
    "interestIncome": 0,
    "interestExpense": 0,
    "depreciationAndAmortization": 35792000,
    "ebitda": 85897000,
    "ebitdaratio": 0.2064072589,
    "operatingIncome": 50141000,
    "operatingIncomeRatio": 0.1204869363,
    "totalOtherIncomeExpensesNet": -12299000,
    "incomeBeforeTax": 37842000,
    "incomeBeforeTaxRatio": 0.0909329021,
    "incomeTaxExpense": 8739000,
    "netIncome": 29345000,
    "netIncomeRatio": 0.0705149308,
    "eps": 0,
    "epsdiluted": 0,
    "weightedAverageShsOut": 48332774,
    "weightedAverageShsOutDil": 48332774,
    "link": "https://www.sec.gov/Archives/edgar/data/916076/000095014404002492/0000950144-04-002492-index.htm",
    "finalLink": "https://www.sec.gov/Archives/edgar/data/916076/000095014404002492/g87608ke10vk.htm"
  },
  {
    "date": "2003-09-30",
    "symbol": "MLM",
    "reportedCurrency": "USD",
    "cik": "0000916076",
    "fillingDate": "2003-11-13",
    "acceptedDate": "2003-11-13 15:55:53",
    "calendarYear": "2003",
    "period": "Q3",
    "revenue": 503611000,
    "costOfRevenue": 401105000,
    "grossProfit": 102506000,
    "grossProfitRatio": 0.2035420195,
    "researchAndDevelopmentExpenses": 245000,
    "generalAndAdministrativeExpenses": 0,
    "sellingAndMarketingExpenses": 0,
    "sellingGeneralAndAdministrativeExpenses": 29969000,
    "otherExpenses": -1849000,
    "operatingExpenses": 28365000,
    "costAndExpenses": 429470000,
    "interestIncome": 0,
    "interestExpense": 0,
    "depreciationAndAmortization": 35764000,
    "ebitda": 109905000,
    "ebitdaratio": 0.2182339147,
    "operatingIncome": 74141000,
    "operatingIncomeRatio": 0.1472187859,
    "totalOtherIncomeExpensesNet": -9517000,
    "incomeBeforeTax": 64624000,
    "incomeBeforeTaxRatio": 0.1283212638,
    "incomeTaxExpense": 19009000,
    "netIncome": 45520000,
    "netIncomeRatio": 0.0903872235,
    "eps": 0.93,
    "epsdiluted": 0.93,
    "weightedAverageShsOut": 48922858,
    "weightedAverageShsOutDil": 49189728,
    "link": "https://www.sec.gov/Archives/edgar/data/916076/000095014403012792/0000950144-03-012792-index.htm",
    "finalLink": "https://www.sec.gov/Archives/edgar/data/916076/000095014403012792/g85725e10vq.htm"
  },
  {
    "date": "2003-06-30",
    "symbol": "MLM",
    "reportedCurrency": "USD",
    "cik": "0000916076",
    "fillingDate": "2003-08-14",
    "acceptedDate": "2003-08-14 13:26:43",
    "calendarYear": "2003",
    "period": "Q2",
    "revenue": 471887000,
    "costOfRevenue": 370753000,
    "grossProfit": 101134000,
    "grossProfitRatio": 0.2143182584,
    "researchAndDevelopmentExpenses": 112000,
    "generalAndAdministrativeExpenses": 0,
    "sellingAndMarketingExpenses": 0,
    "sellingGeneralAndAdministrativeExpenses": 28915000,
    "otherExpenses": 1949000,
    "operatingExpenses": 30976000,
    "costAndExpenses": 401729000,
    "interestIncome": 0,
    "interestExpense": 0,
    "depreciationAndAmortization": 34607000,
    "ebitda": 104765000,
    "ebitdaratio": 0.2220128972,
    "operatingIncome": 70158000,
    "operatingIncomeRatio": 0.1486754244,
    "totalOtherIncomeExpensesNet": -11649000,
    "incomeBeforeTax": 58509000,
    "incomeBeforeTaxRatio": 0.1239894297,
    "incomeTaxExpense": 18709000,
    "netIncome": 39650000,
    "netIncomeRatio": 0.0840243533,
    "eps": 0.81,
    "epsdiluted": 0.81,
    "weightedAverageShsOut": 48905591,
    "weightedAverageShsOutDil": 49111046,
    "link": "https://www.sec.gov/Archives/edgar/data/916076/000095014403010011/0000950144-03-010011-index.htm",
    "finalLink": "https://www.sec.gov/Archives/edgar/data/916076/000095014403010011/g84297e10vq.htm"
  },
  {
    "date": "2003-03-31",
    "symbol": "MLM",
    "reportedCurrency": "USD",
    "cik": "0000916076",
    "fillingDate": "2003-05-15",
    "acceptedDate": "2003-05-15 13:30:21",
    "calendarYear": "2003",
    "period": "Q1",
    "revenue": 314304000,
    "costOfRevenue": 293262000,
    "grossProfit": 21042000,
    "grossProfitRatio": 0.066947923,
    "researchAndDevelopmentExpenses": 58000,
    "generalAndAdministrativeExpenses": 0,
    "sellingAndMarketingExpenses": 0,
    "sellingGeneralAndAdministrativeExpenses": 31005000,
    "otherExpenses": -1242000,
    "operatingExpenses": 29821000,
    "costAndExpenses": 323083000,
    "interestIncome": 0,
    "interestExpense": 0,
    "depreciationAndAmortization": 33443000,
    "ebitda": 24664000,
    "ebitdaratio": 0.078471798,
    "operatingIncome": -8779000,
    "operatingIncomeRatio": -0.0279315567,
    "totalOtherIncomeExpensesNet": -10428000,
    "incomeBeforeTax": -19207000,
    "incomeBeforeTaxRatio": -0.0611096263,
    "incomeTaxExpense": -7248000,
    "netIncome": -20892000,
    "netIncomeRatio": -0.0664706781,
    "eps": -0.43,
    "epsdiluted": -0.43,
    "weightedAverageShsOut": 48890996,
    "weightedAverageShsOutDil": 48890996,
    "link": "https://www.sec.gov/Archives/edgar/data/916076/000095014403006917/0000950144-03-006917-index.htm",
    "finalLink": "https://www.sec.gov/Archives/edgar/data/916076/000095014403006917/g82751e10vq.htm"
  },
  {
    "date": "2002-12-31",
    "symbol": "MLM",
    "reportedCurrency": "USD",
    "cik": "0000916076",
    "fillingDate": "2003-03-27",
    "acceptedDate": "2003-03-27 16:08:17",
    "calendarYear": "2002",
    "period": "Q4",
    "revenue": 400823000,
    "costOfRevenue": 343150000,
    "grossProfit": 57673000,
    "grossProfitRatio": 0.1438864536,
    "researchAndDevelopmentExpenses": 137000,
    "generalAndAdministrativeExpenses": 0,
    "sellingAndMarketingExpenses": 0,
    "sellingGeneralAndAdministrativeExpenses": 28428000,
    "otherExpenses": 0,
    "operatingExpenses": 28565000,
    "costAndExpenses": 371715000,
    "interestIncome": 0,
    "interestExpense": 0,
    "depreciationAndAmortization": 35721000,
    "ebitda": 64829000,
    "ebitdaratio": 0.1617397205,
    "operatingIncome": 29108000,
    "operatingIncomeRatio": 0.0726205832,
    "totalOtherIncomeExpensesNet": -10589000,
    "incomeBeforeTax": 18519000,
    "incomeBeforeTaxRatio": 0.0462024385,
    "incomeTaxExpense": 2442000,
    "netIncome": 4577000,
    "netIncomeRatio": 0.0114190054,
    "eps": 0,
    "epsdiluted": 0,
    "weightedAverageShsOut": 48890996,
    "weightedAverageShsOutDil": 48890996,
    "link": "https://www.sec.gov/Archives/edgar/data/916076/000095014403003919/0000950144-03-003919-index.htm",
    "finalLink": "https://www.sec.gov/Archives/edgar/data/916076/000095014403003919/g81353e10vk.htm"
  },
  {
    "date": "2002-09-30",
    "symbol": "MLM",
    "reportedCurrency": "USD",
    "cik": "0000916076",
    "fillingDate": "2002-11-14",
    "acceptedDate": "2002-11-14 15:19:53",
    "calendarYear": "2002",
    "period": "Q3",
    "revenue": 473044000,
    "costOfRevenue": 375721000,
    "grossProfit": 97323000,
    "grossProfitRatio": 0.2057377326,
    "researchAndDevelopmentExpenses": 12000,
    "generalAndAdministrativeExpenses": 0,
    "sellingAndMarketingExpenses": 0,
    "sellingGeneralAndAdministrativeExpenses": 28833000,
    "otherExpenses": -65000,
    "operatingExpenses": 28780000,
    "costAndExpenses": 404501000,
    "interestIncome": 0,
    "interestExpense": 0,
    "depreciationAndAmortization": 34646000,
    "ebitda": 103189000,
    "ebitdaratio": 0.2181382704,
    "operatingIncome": 68543000,
    "operatingIncomeRatio": 0.1448977262,
    "totalOtherIncomeExpensesNet": -11737000,
    "incomeBeforeTax": 56806000,
    "incomeBeforeTaxRatio": 0.1200860808,
    "incomeTaxExpense": 17995000,
    "netIncome": 38925000,
    "netIncomeRatio": 0.0822862144,
    "eps": 0.8,
    "epsdiluted": 0.8,
    "weightedAverageShsOut": 48800000,
    "weightedAverageShsOutDil": 49000000,
    "link": "https://www.sec.gov/Archives/edgar/data/916076/000095014402011884/0000950144-02-011884-index.htm",
    "finalLink": "https://www.sec.gov/Archives/edgar/data/916076/000095014402011884/g79267e10vq.htm"
  },
  {
    "date": "2002-06-30",
    "symbol": "MLM",
    "reportedCurrency": "USD",
    "cik": "0000916076",
    "fillingDate": "2002-08-14",
    "acceptedDate": "2002-08-14 12:24:34",
    "calendarYear": "2002",
    "period": "Q2",
    "revenue": 464354000,
    "costOfRevenue": 355274000,
    "grossProfit": 109080000,
    "grossProfitRatio": 0.2349069891,
    "researchAndDevelopmentExpenses": 136000,
    "generalAndAdministrativeExpenses": 0,
    "sellingAndMarketingExpenses": 0,
    "sellingGeneralAndAdministrativeExpenses": 28488000,
    "otherExpenses": -455000,
    "operatingExpenses": 28169000,
    "costAndExpenses": 383443000,
    "interestIncome": 0,
    "interestExpense": 0,
    "depreciationAndAmortization": 34390000,
    "ebitda": 115301000,
    "ebitdaratio": 0.2483040956,
    "operatingIncome": 80911000,
    "operatingIncomeRatio": 0.1742442189,
    "totalOtherIncomeExpensesNet": -19733000,
    "incomeBeforeTax": 61178000,
    "incomeBeforeTaxRatio": 0.1317486228,
    "incomeTaxExpense": 18351000,
    "netIncome": 53362000,
    "netIncomeRatio": 0.1149166369,
    "eps": 1.1,
    "epsdiluted": 1.09,
    "weightedAverageShsOut": 48700333,
    "weightedAverageShsOutDil": 48851807,
    "link": "https://www.sec.gov/Archives/edgar/data/916076/000095014402008648/0000950144-02-008648-index.htm",
    "finalLink": "https://www.sec.gov/Archives/edgar/data/916076/000095014402008648/g77675e10vq.htm"
  },
  {
    "date": "2002-03-31",
    "symbol": "MLM",
    "reportedCurrency": "USD",
    "cik": "0000916076",
    "fillingDate": "2002-05-15",
    "acceptedDate": "2002-05-15 12:50:18",
    "calendarYear": "2002",
    "period": "Q1",
    "revenue": 324175000,
    "costOfRevenue": 296174000,
    "grossProfit": 28001000,
    "grossProfitRatio": 0.0863761857,
    "researchAndDevelopmentExpenses": 84000,
    "generalAndAdministrativeExpenses": 0,
    "sellingAndMarketingExpenses": 0,
    "sellingGeneralAndAdministrativeExpenses": 28183000,
    "otherExpenses": 0,
    "operatingExpenses": 28267000,
    "costAndExpenses": 324441000,
    "interestIncome": 0,
    "interestExpense": 0,
    "depreciationAndAmortization": 33939000,
    "ebitda": 33673000,
    "ebitdaratio": 0.1038729082,
    "operatingIncome": -266000,
    "operatingIncomeRatio": -0.0008205445,
    "totalOtherIncomeExpensesNet": -10887000,
    "incomeBeforeTax": -11153000,
    "incomeBeforeTaxRatio": -0.034404257,
    "incomeTaxExpense": -3430000,
    "netIncome": -22059000,
    "netIncomeRatio": -0.0680465798,
    "eps": -0.45,
    "epsdiluted": -0.45,
    "weightedAverageShsOut": 48554631,
    "weightedAverageShsOutDil": 48717691,
    "link": "https://www.sec.gov/Archives/edgar/data/916076/000095014402005557/0000950144-02-005557-index.htm",
    "finalLink": "https://www.sec.gov/Archives/edgar/data/916076/000095014402005557/g76203e10-q.htm"
  },
  {
    "date": "2001-12-31",
    "symbol": "MLM",
    "reportedCurrency": "USD",
    "cik": "0000916076",
    "fillingDate": "2002-03-27",
    "acceptedDate": "2002-03-27 00:00:00",
    "calendarYear": "2001",
    "period": "Q4",
    "revenue": 440113000,
    "costOfRevenue": 362870000,
    "grossProfit": 77243000,
    "grossProfitRatio": 0.1755071993,
    "researchAndDevelopmentExpenses": 66000,
    "generalAndAdministrativeExpenses": 0,
    "sellingAndMarketingExpenses": 0,
    "sellingGeneralAndAdministrativeExpenses": 26406000,
    "otherExpenses": 0,
    "operatingExpenses": 26472000,
    "costAndExpenses": 389342000,
    "interestIncome": 0,
    "interestExpense": 0,
    "depreciationAndAmortization": 0,
    "ebitda": 50771000,
    "ebitdaratio": 0.1153590101,
    "operatingIncome": 50771000,
    "operatingIncomeRatio": 0.1153590101,
    "totalOtherIncomeExpensesNet": -11140000,
    "incomeBeforeTax": 39631000,
    "incomeBeforeTaxRatio": 0.0900473288,
    "incomeTaxExpense": 14536000,
    "netIncome": 25095000,
    "netIncomeRatio": 0.0570194473,
    "eps": 0,
    "epsdiluted": 0,
    "weightedAverageShsOut": 48554631,
    "weightedAverageShsOutDil": 48554631,
    "link": "https://www.sec.gov/Archives/edgar/data/916076/000095014402002841/0000950144-02-002841-index.htm",
    "finalLink": "https://www.sec.gov/Archives/edgar/data/916076/000095014402002841/g74909e10-k405.htm"
  },
  {
    "date": "2001-09-30",
    "symbol": "MLM",
    "reportedCurrency": "USD",
    "cik": "0000916076",
    "fillingDate": "2001-11-14",
    "acceptedDate": "2001-11-14 00:00:00",
    "calendarYear": "2001",
    "period": "Q3",
    "revenue": 499697000,
    "costOfRevenue": 393815000,
    "grossProfit": 105882000,
    "grossProfitRatio": 0.2118924068,
    "researchAndDevelopmentExpenses": -179000,
    "generalAndAdministrativeExpenses": 0,
    "sellingAndMarketingExpenses": 0,
    "sellingGeneralAndAdministrativeExpenses": 26254000,
    "otherExpenses": 1000,
    "operatingExpenses": 26076000,
    "costAndExpenses": 419891000,
    "interestIncome": 0,
    "interestExpense": 0,
    "depreciationAndAmortization": 0,
    "ebitda": 79806000,
    "ebitdaratio": 0.1597087835,
    "operatingIncome": 79806000,
    "operatingIncomeRatio": 0.1597087835,
    "totalOtherIncomeExpensesNet": -13083000,
    "incomeBeforeTax": 66723000,
    "incomeBeforeTaxRatio": 0.1335269173,
    "incomeTaxExpense": 20806000,
    "netIncome": 45917000,
    "netIncomeRatio": 0.0918896851,
    "eps": 0.95,
    "epsdiluted": 0.95,
    "weightedAverageShsOut": 48337678,
    "weightedAverageShsOutDil": 48570981,
    "link": "https://www.sec.gov/Archives/edgar/data/916076/000095014401509041/0000950144-01-509041-index.htm",
    "finalLink": "https://www.sec.gov/Archives/edgar/data/916076/000095014401509041/g72624e10-q.htm"
  },
  {
    "date": "2001-06-30",
    "symbol": "MLM",
    "reportedCurrency": "USD",
    "cik": "0000916076",
    "fillingDate": "2001-08-13",
    "acceptedDate": "2001-08-13 00:00:00",
    "calendarYear": "2001",
    "period": "Q2",
    "revenue": 477409000,
    "costOfRevenue": 383948000,
    "grossProfit": 93461000,
    "grossProfitRatio": 0.1957671514,
    "researchAndDevelopmentExpenses": 259000,
    "generalAndAdministrativeExpenses": 0,
    "sellingAndMarketingExpenses": 0,
    "sellingGeneralAndAdministrativeExpenses": 28734000,
    "otherExpenses": 0,
    "operatingExpenses": 28993000,
    "costAndExpenses": 412941000,
    "interestIncome": 0,
    "interestExpense": 0,
    "depreciationAndAmortization": 0,
    "ebitda": 64468000,
    "ebitdaratio": 0.1350372532,
    "operatingIncome": 64468000,
    "operatingIncomeRatio": 0.1350372532,
    "totalOtherIncomeExpensesNet": -5372000,
    "incomeBeforeTax": 59096000,
    "incomeBeforeTaxRatio": 0.123784847,
    "incomeTaxExpense": 20094000,
    "netIncome": 39002000,
    "netIncomeRatio": 0.0816951503,
    "eps": 0.82,
    "epsdiluted": 0.82,
    "weightedAverageShsOut": 47559897,
    "weightedAverageShsOutDil": 47803974,
    "link": "https://www.sec.gov/Archives/edgar/data/916076/000095014401505559/0000950144-01-505559-index.htm",
    "finalLink": "https://www.sec.gov/Archives/edgar/data/916076/000095014401505559/g70975e10-q.htm"
  },
  {
    "date": "2001-03-31",
    "symbol": "MLM",
    "reportedCurrency": "USD",
    "cik": "0000916076",
    "fillingDate": "2001-05-14",
    "acceptedDate": "2001-05-14 00:00:00",
    "calendarYear": "2001",
    "period": "Q1",
    "revenue": 300831000,
    "costOfRevenue": 273667000,
    "grossProfit": 27164000,
    "grossProfitRatio": 0.0902965452,
    "researchAndDevelopmentExpenses": 409000,
    "generalAndAdministrativeExpenses": 0,
    "sellingAndMarketingExpenses": 0,
    "sellingGeneralAndAdministrativeExpenses": 24555000,
    "otherExpenses": 0,
    "operatingExpenses": 24964000,
    "costAndExpenses": 298631000,
    "interestIncome": 0,
    "interestExpense": 0,
    "depreciationAndAmortization": 0,
    "ebitda": 2200000,
    "ebitdaratio": 0.0073130761,
    "operatingIncome": 2200000,
    "operatingIncomeRatio": 0.0073130761,
    "totalOtherIncomeExpensesNet": -9211000,
    "incomeBeforeTax": -7011000,
    "incomeBeforeTaxRatio": -0.0233054439,
    "incomeTaxExpense": -2359000,
    "netIncome": -4652000,
    "netIncomeRatio": -0.0154638319,
    "eps": -0.1,
    "epsdiluted": -0.1,
    "weightedAverageShsOut": 47073007,
    "weightedAverageShsOutDil": 47277401,
    "link": "https://www.sec.gov/Archives/edgar/data/916076/000095014401502134/0000950144-01-502134-index.htm",
    "finalLink": "https://www.sec.gov/Archives/edgar/data/916076/000095014401502134/g69149e10-q.htm"
  },
  {
    "date": "2000-12-31",
    "symbol": "MLM",
    "reportedCurrency": "USD",
    "cik": "0000916076",
    "fillingDate": "2001-03-22",
    "acceptedDate": "2001-03-22 00:00:00",
    "calendarYear": "2000",
    "period": "Q4",
    "revenue": 498607000,
    "costOfRevenue": 295279000,
    "grossProfit": 203328000,
    "grossProfitRatio": 0.4077921088,
    "researchAndDevelopmentExpenses": 543000,
    "generalAndAdministrativeExpenses": 0,
    "sellingAndMarketingExpenses": 0,
    "sellingGeneralAndAdministrativeExpenses": 26500000,
    "otherExpenses": 136373000,
    "operatingExpenses": 163416000,
    "costAndExpenses": 458695000,
    "interestIncome": 0,
    "interestExpense": 0,
    "depreciationAndAmortization": 0,
    "ebitda": 39912000,
    "ebitdaratio": 0.080047011,
    "operatingIncome": 39912000,
    "operatingIncomeRatio": 0.080047011,
    "totalOtherIncomeExpensesNet": -9000000,
    "incomeBeforeTax": 30912000,
    "incomeBeforeTaxRatio": 0.0619967229,
    "incomeTaxExpense": 10388000,
    "netIncome": 20524000,
    "netIncomeRatio": 0.0411626792,
    "eps": 0,
    "epsdiluted": 0,
    "weightedAverageShsOut": 46471873,
    "weightedAverageShsOutDil": 47073007,
    "link": "https://www.sec.gov/Archives/edgar/data/916076/000095014401003808/0000950144-01-003808-index.htm",
    "finalLink": "https://www.sec.gov/Archives/edgar/data/916076/000095014401003808/g67160e10-k405.htm"
  },
  {
    "date": "2000-09-30",
    "symbol": "MLM",
    "reportedCurrency": "USD",
    "cik": "0000916076",
    "fillingDate": "2000-11-14",
    "acceptedDate": "2000-11-14 00:00:00",
    "calendarYear": "2000",
    "period": "Q3",
    "revenue": 430463000,
    "costOfRevenue": 335037000,
    "grossProfit": 95426000,
    "grossProfitRatio": 0.2216822352,
    "researchAndDevelopmentExpenses": 570000,
    "generalAndAdministrativeExpenses": 0,
    "sellingAndMarketingExpenses": 0,
    "sellingGeneralAndAdministrativeExpenses": 24012000,
    "otherExpenses": 0,
    "operatingExpenses": 24582000,
    "costAndExpenses": 359619000,
    "interestIncome": 0,
    "interestExpense": 0,
    "depreciationAndAmortization": 0,
    "ebitda": 70844000,
    "ebitdaratio": 0.1645762818,
    "operatingIncome": 70844000,
    "operatingIncomeRatio": 0.1645762818,
    "totalOtherIncomeExpensesNet": -8992000,
    "incomeBeforeTax": 61852000,
    "incomeBeforeTaxRatio": 0.1436871462,
    "incomeTaxExpense": 19801000,
    "netIncome": 42051000,
    "netIncomeRatio": 0.0976878384,
    "eps": 0.9,
    "epsdiluted": 0.9,
    "weightedAverageShsOut": 46746598,
    "weightedAverageShsOutDil": 46964281,
    "link": "https://www.sec.gov/Archives/edgar/data/916076/000095014400013868/0000950144-00-013868-index.htm",
    "finalLink": "https://www.sec.gov/Archives/edgar/data/916076/000095014400013868/g65143e10-q.htm"
  },
  {
    "date": "2000-06-30",
    "symbol": "MLM",
    "reportedCurrency": "USD",
    "cik": "0000916076",
    "fillingDate": "2000-08-14",
    "acceptedDate": "2000-08-14 00:00:00",
    "calendarYear": "2000",
    "period": "Q2",
    "revenue": 362474000,
    "costOfRevenue": 265642000,
    "grossProfit": 96832000,
    "grossProfitRatio": 0.2671419191,
    "researchAndDevelopmentExpenses": 593000,
    "generalAndAdministrativeExpenses": 0,
    "sellingAndMarketingExpenses": 0,
    "sellingGeneralAndAdministrativeExpenses": 24664000,
    "otherExpenses": 0,
    "operatingExpenses": 25257000,
    "costAndExpenses": 290899000,
    "interestIncome": 0,
    "interestExpense": 0,
    "depreciationAndAmortization": 0,
    "ebitda": 71575000,
    "ebitdaratio": 0.1974624387,
    "operatingIncome": 71575000,
    "operatingIncomeRatio": 0.1974624387,
    "totalOtherIncomeExpensesNet": -6841000,
    "incomeBeforeTax": 64734000,
    "incomeBeforeTaxRatio": 0.1785893609,
    "incomeTaxExpense": 22612000,
    "netIncome": 42122000,
    "netIncomeRatio": 0.1162069555,
    "eps": 0.9,
    "epsdiluted": 0.9,
    "weightedAverageShsOut": 46751001,
    "weightedAverageShsOutDil": 47045402,
    "link": "https://www.sec.gov/Archives/edgar/data/916076/000095014400010260/0000950144-00-010260-index.htm",
    "finalLink": "https://www.sec.gov/Archives/edgar/data/916076/000095014400010260/e10-q.htm"
  },
  {
    "date": "2000-03-31",
    "symbol": "MLM",
    "reportedCurrency": "USD",
    "cik": "0000916076",
    "fillingDate": "2000-05-12",
    "acceptedDate": "2000-05-12 00:00:00",
    "calendarYear": "2000",
    "period": "Q1",
    "revenue": 276131000,
    "costOfRevenue": 231773000,
    "grossProfit": 44358000,
    "grossProfitRatio": 0.160641145,
    "researchAndDevelopmentExpenses": 620000,
    "generalAndAdministrativeExpenses": 0,
    "sellingAndMarketingExpenses": 0,
    "sellingGeneralAndAdministrativeExpenses": 23592000,
    "otherExpenses": 0,
    "operatingExpenses": 24212000,
    "costAndExpenses": 255985000,
    "interestIncome": 0,
    "interestExpense": 0,
    "depreciationAndAmortization": 0,
    "ebitda": 20146000,
    "ebitdaratio": 0.0729581249,
    "operatingIncome": 20146000,
    "operatingIncomeRatio": 0.0729581249,
    "totalOtherIncomeExpensesNet": -8823000,
    "incomeBeforeTax": 11323000,
    "incomeBeforeTaxRatio": 0.0410058994,
    "incomeTaxExpense": 3993000,
    "netIncome": 7330000,
    "netIncomeRatio": 0.0265453716,
    "eps": 0.16,
    "epsdiluted": 0.16,
    "weightedAverageShsOut": 46725456,
    "weightedAverageShsOutDil": 46885058,
    "link": "https://www.sec.gov/Archives/edgar/data/916076/000095014400006463/0000950144-00-006463-index.html",
    "finalLink": "https://www.sec.gov/Archives/edgar/data/916076/000095014400006463/0000950144-00-006463-d1.html"
  },
  {
    "date": "1999-12-31",
    "symbol": "MLM",
    "reportedCurrency": "USD",
    "cik": "0000916076",
    "fillingDate": "2000-03-27",
    "acceptedDate": "2000-03-27 00:00:00",
    "calendarYear": "1999",
    "period": "Q4",
    "revenue": 335100000,
    "costOfRevenue": 129200000,
    "grossProfit": 205900000,
    "grossProfitRatio": 0.6144434497,
    "researchAndDevelopmentExpenses": 700000,
    "generalAndAdministrativeExpenses": 0,
    "sellingAndMarketingExpenses": 0,
    "sellingGeneralAndAdministrativeExpenses": 21600000,
    "otherExpenses": 124800000,
    "operatingExpenses": 147100000,
    "costAndExpenses": 276300000,
    "interestIncome": 0,
    "interestExpense": 0,
    "depreciationAndAmortization": 0,
    "ebitda": 58800000,
    "ebitdaratio": 0.175470009,
    "operatingIncome": 58800000,
    "operatingIncomeRatio": 0.175470009,
    "totalOtherIncomeExpensesNet": -8500000,
    "incomeBeforeTax": 50300000,
    "incomeBeforeTaxRatio": 0.1501044464,
    "incomeTaxExpense": 17700000,
    "netIncome": 32600000,
    "netIncomeRatio": 0.0972843927,
    "eps": 0,
    "epsdiluted": 0,
    "weightedAverageShsOut": 46725456,
    "weightedAverageShsOutDil": 46725456,
    "link": "https://www.sec.gov/Archives/edgar/data/916076/000095014400003779/0000950144-00-003779-index.html",
    "finalLink": "https://www.sec.gov/Archives/edgar/data/916076/000095014400003779/"
  },
  {
    "date": "1999-09-30",
    "symbol": "MLM",
    "reportedCurrency": "USD",
    "cik": "0000916076",
    "fillingDate": "1999-11-12",
    "acceptedDate": "1999-11-12 00:00:00",
    "calendarYear": "1999",
    "period": "Q3",
    "revenue": 353792000,
    "costOfRevenue": 254100000,
    "grossProfit": 99692000,
    "grossProfitRatio": 0.2817813857,
    "researchAndDevelopmentExpenses": 700000,
    "generalAndAdministrativeExpenses": 0,
    "sellingAndMarketingExpenses": 0,
    "sellingGeneralAndAdministrativeExpenses": 23400000,
    "otherExpenses": 0,
    "operatingExpenses": 24100000,
    "costAndExpenses": 278200000,
    "interestIncome": 0,
    "interestExpense": 0,
    "depreciationAndAmortization": 0,
    "ebitda": 75592000,
    "ebitdaratio": 0.2136622648,
    "operatingIncome": 75592000,
    "operatingIncomeRatio": 0.2136622648,
    "totalOtherIncomeExpensesNet": -7492000,
    "incomeBeforeTax": 68100000,
    "incomeBeforeTaxRatio": 0.1924859805,
    "incomeTaxExpense": 24100000,
    "netIncome": 44000000,
    "netIncomeRatio": 0.1243668596,
    "eps": 0.94,
    "epsdiluted": 0.94,
    "weightedAverageShsOut": 46665751,
    "weightedAverageShsOutDil": 46974517,
    "link": "https://www.sec.gov/Archives/edgar/data/916076/000095014499012849/0000950144-99-012849-index.html",
    "finalLink": "https://www.sec.gov/Archives/edgar/data/916076/000095014499012849/"
  },
  {
    "date": "1999-06-30",
    "symbol": "MLM",
    "reportedCurrency": "USD",
    "cik": "0000916076",
    "fillingDate": "1999-08-13",
    "acceptedDate": "1999-08-13 00:00:00",
    "calendarYear": "1999",
    "period": "Q2",
    "revenue": 328900000,
    "costOfRevenue": 238600000,
    "grossProfit": 90300000,
    "grossProfitRatio": 0.2745515354,
    "researchAndDevelopmentExpenses": 500000,
    "generalAndAdministrativeExpenses": 0,
    "sellingAndMarketingExpenses": 0,
    "sellingGeneralAndAdministrativeExpenses": 24900000,
    "otherExpenses": 0,
    "operatingExpenses": 25400000,
    "costAndExpenses": 264000000,
    "interestIncome": 0,
    "interestExpense": 0,
    "depreciationAndAmortization": 0,
    "ebitda": 64900000,
    "ebitdaratio": 0.1973244147,
    "operatingIncome": 64900000,
    "operatingIncomeRatio": 0.1973244147,
    "totalOtherIncomeExpensesNet": -1100000,
    "incomeBeforeTax": 63800000,
    "incomeBeforeTaxRatio": 0.1939799331,
    "incomeTaxExpense": 22500000,
    "netIncome": 41300000,
    "netIncomeRatio": 0.1255700821,
    "eps": 0.88,
    "epsdiluted": 0.88,
    "weightedAverageShsOut": 46659901,
    "weightedAverageShsOutDil": 46966449,
    "link": "https://www.sec.gov/Archives/edgar/data/916076/000095014499010116/0000950144-99-010116-index.html",
    "finalLink": "https://www.sec.gov/Archives/edgar/data/916076/000095014499010116/"
  },
  {
    "date": "1999-03-31",
    "symbol": "MLM",
    "reportedCurrency": "USD",
    "cik": "0000916076",
    "fillingDate": "1999-05-13",
    "acceptedDate": "1999-05-13 00:00:00",
    "calendarYear": "1999",
    "period": "Q1",
    "revenue": 241061000,
    "costOfRevenue": 201319000,
    "grossProfit": 39742000,
    "grossProfitRatio": 0.1648628355,
    "researchAndDevelopmentExpenses": 932000,
    "generalAndAdministrativeExpenses": 0,
    "sellingAndMarketingExpenses": 0,
    "sellingGeneralAndAdministrativeExpenses": 22746000,
    "otherExpenses": 0,
    "operatingExpenses": 23678000,
    "costAndExpenses": 224997000,
    "interestIncome": 0,
    "interestExpense": 0,
    "depreciationAndAmortization": 0,
    "ebitda": 16064000,
    "ebitdaratio": 0.0666387346,
    "operatingIncome": 16064000,
    "operatingIncomeRatio": 0.0666387346,
    "totalOtherIncomeExpensesNet": -3868000,
    "incomeBeforeTax": 12196000,
    "incomeBeforeTaxRatio": 0.0505930034,
    "incomeTaxExpense": 4256000,
    "netIncome": 7940000,
    "netIncomeRatio": 0.0329377212,
    "eps": 0.17,
    "epsdiluted": 0.17,
    "weightedAverageShsOut": 46635302,
    "weightedAverageShsOutDil": 46901716,
    "link": "https://www.sec.gov/Archives/edgar/data/916076/000095014499005780/0000950144-99-005780-index.html",
    "finalLink": "https://www.sec.gov/Archives/edgar/data/916076/"
  },
  {
    "date": "1998-12-31",
    "symbol": "MLM",
    "reportedCurrency": "USD",
    "cik": "0000916076",
    "fillingDate": "1999-03-24",
    "acceptedDate": "1999-03-24 00:00:00",
    "calendarYear": "1998",
    "period": "Q4",
    "revenue": 281000000,
    "costOfRevenue": 179600000,
    "grossProfit": 101400000,
    "grossProfitRatio": 0.3608540925,
    "researchAndDevelopmentExpenses": 600000,
    "generalAndAdministrativeExpenses": 0,
    "sellingAndMarketingExpenses": 0,
    "sellingGeneralAndAdministrativeExpenses": 22100000,
    "otherExpenses": 28200000,
    "operatingExpenses": 50900000,
    "costAndExpenses": 230500000,
    "interestIncome": 0,
    "interestExpense": 0,
    "depreciationAndAmortization": 28200000,
    "ebitda": 78700000,
    "ebitdaratio": 0.2800711744,
    "operatingIncome": 50500000,
    "operatingIncomeRatio": 0.1797153025,
    "totalOtherIncomeExpensesNet": -5600000,
    "incomeBeforeTax": 44900000,
    "incomeBeforeTaxRatio": 0.1597864769,
    "incomeTaxExpense": 14200000,
    "netIncome": 30700000,
    "netIncomeRatio": 0.109252669,
    "eps": 0,
    "epsdiluted": 0,
    "weightedAverageShsOut": 46470588,
    "weightedAverageShsOutDil": 46470588,
    "link": "https://www.sec.gov/Archives/edgar/data/916076/000095014499003085/0000950144-99-003085-index.html",
    "finalLink": "https://www.sec.gov/Archives/edgar/data/916076/"
  },
  {
    "date": "1998-09-30",
    "symbol": "MLM",
    "reportedCurrency": "USD",
    "cik": "0000916076",
    "fillingDate": "1998-11-16",
    "acceptedDate": "1998-11-16 00:00:00",
    "calendarYear": "1998",
    "period": "Q3",
    "revenue": 312400000,
    "costOfRevenue": 192300000,
    "grossProfit": 120100000,
    "grossProfitRatio": 0.3844430218,
    "researchAndDevelopmentExpenses": 900000,
    "generalAndAdministrativeExpenses": 0,
    "sellingAndMarketingExpenses": 0,
    "sellingGeneralAndAdministrativeExpenses": 19700000,
    "otherExpenses": 24300000,
    "operatingExpenses": 44900000,
    "costAndExpenses": 237200000,
    "interestIncome": 0,
    "interestExpense": 0,
    "depreciationAndAmortization": 24300000,
    "ebitda": 99500000,
    "ebitdaratio": 0.3185019206,
    "operatingIncome": 75200000,
    "operatingIncomeRatio": 0.2407170294,
    "totalOtherIncomeExpensesNet": -5400000,
    "incomeBeforeTax": 69800000,
    "incomeBeforeTaxRatio": 0.2234314981,
    "incomeTaxExpense": 23900000,
    "netIncome": 45900000,
    "netIncomeRatio": 0.1469270166,
    "eps": 0.99,
    "epsdiluted": 0.98,
    "weightedAverageShsOut": 46363636,
    "weightedAverageShsOutDil": 46836735,
    "link": "https://www.sec.gov/Archives/edgar/data/916076/000095014498012815/0000950144-98-012815-index.html",
    "finalLink": "https://www.sec.gov/Archives/edgar/data/916076/"
  },
  {
    "date": "1998-06-30",
    "symbol": "MLM",
    "reportedCurrency": "USD",
    "cik": "0000916076",
    "fillingDate": "1998-08-14",
    "acceptedDate": "1998-08-14 00:00:00",
    "calendarYear": "1998",
    "period": "Q2",
    "revenue": 277700000,
    "costOfRevenue": 170800000,
    "grossProfit": 106900000,
    "grossProfitRatio": 0.3849477854,
    "researchAndDevelopmentExpenses": 900000,
    "generalAndAdministrativeExpenses": 0,
    "sellingAndMarketingExpenses": 0,
    "sellingGeneralAndAdministrativeExpenses": 20900000,
    "otherExpenses": 23700000,
    "operatingExpenses": 45500000,
    "costAndExpenses": 216300000,
    "interestIncome": 0,
    "interestExpense": 0,
    "depreciationAndAmortization": 23700000,
    "ebitda": 85100000,
    "ebitdaratio": 0.3064458048,
    "operatingIncome": 61400000,
    "operatingIncomeRatio": 0.2211019085,
    "totalOtherIncomeExpensesNet": -6100000,
    "incomeBeforeTax": 55300000,
    "incomeBeforeTaxRatio": 0.199135758,
    "incomeTaxExpense": 18900000,
    "netIncome": 36400000,
    "netIncomeRatio": 0.1310767015,
    "eps": 0.78,
    "epsdiluted": 0.78,
    "weightedAverageShsOut": 46666667,
    "weightedAverageShsOutDil": 46666667,
    "link": "https://www.sec.gov/Archives/edgar/data/916076/000095014498009873/0000950144-98-009873-index.html",
    "finalLink": "https://www.sec.gov/Archives/edgar/data/916076/"
  },
  {
    "date": "1998-03-31",
    "symbol": "MLM",
    "reportedCurrency": "USD",
    "cik": "0000916076",
    "fillingDate": "1998-05-15",
    "acceptedDate": "1998-05-15 00:00:00",
    "calendarYear": "1998",
    "period": "Q1",
    "revenue": 186500000,
    "costOfRevenue": 134400000,
    "grossProfit": 52100000,
    "grossProfitRatio": 0.2793565684,
    "researchAndDevelopmentExpenses": 700000,
    "generalAndAdministrativeExpenses": 0,
    "sellingAndMarketingExpenses": 0,
    "sellingGeneralAndAdministrativeExpenses": 19300000,
    "otherExpenses": 22600000,
    "operatingExpenses": 42600000,
    "costAndExpenses": 177000000,
    "interestIncome": 0,
    "interestExpense": 0,
    "depreciationAndAmortization": 22600000,
    "ebitda": 32100000,
    "ebitdaratio": 0.1721179625,
    "operatingIncome": 9500000,
    "operatingIncomeRatio": 0.0509383378,
    "totalOtherIncomeExpensesNet": -5500000,
    "incomeBeforeTax": 4000000,
    "incomeBeforeTaxRatio": 0.0214477212,
    "incomeTaxExpense": 1400000,
    "netIncome": 2600000,
    "netIncomeRatio": 0.0139410188,
    "eps": 0.06,
    "epsdiluted": 0.06,
    "weightedAverageShsOut": 43333333,
    "weightedAverageShsOutDil": 43333333,
    "link": "https://www.sec.gov/Archives/edgar/data/916076/000095014498006528/0000950144-98-006528-index.html",
    "finalLink": "https://www.sec.gov/Archives/edgar/data/916076/"
  },
  {
    "date": "1997-12-31",
    "symbol": "MLM",
    "reportedCurrency": "USD",
    "cik": "0000916076",
    "fillingDate": "1998-03-30",
    "acceptedDate": "1998-03-30 00:00:00",
    "calendarYear": "1997",
    "period": "Q4",
    "revenue": 238800000,
    "costOfRevenue": 155900000,
    "grossProfit": 82900000,
    "grossProfitRatio": 0.3471524288,
    "researchAndDevelopmentExpenses": 1100000,
    "generalAndAdministrativeExpenses": 0,
    "sellingAndMarketingExpenses": 0,
    "sellingGeneralAndAdministrativeExpenses": 18600000,
    "otherExpenses": 23200000,
    "operatingExpenses": 42900000,
    "costAndExpenses": 198800000,
    "interestIncome": 0,
    "interestExpense": 0,
    "depreciationAndAmortization": 23200000,
    "ebitda": 63200000,
    "ebitdaratio": 0.2646566164,
    "operatingIncome": 40000000,
    "operatingIncomeRatio": 0.1675041876,
    "totalOtherIncomeExpensesNet": -5500000,
    "incomeBeforeTax": 34500000,
    "incomeBeforeTaxRatio": 0.1444723618,
    "incomeTaxExpense": 11600000,
    "netIncome": 22900000,
    "netIncomeRatio": 0.0958961474,
    "eps": 0,
    "epsdiluted": 0,
    "weightedAverageShsOut": 43333333,
    "weightedAverageShsOutDil": 43333333,
    "link": "https://www.sec.gov/Archives/edgar/data/916076/000095014498003632/0000950144-98-003632-index.html",
    "finalLink": "https://www.sec.gov/Archives/edgar/data/916076/"
  },
  {
    "date": "1997-09-30",
    "symbol": "MLM",
    "reportedCurrency": "USD",
    "cik": "0000916076",
    "fillingDate": "1997-11-12",
    "acceptedDate": "1997-11-12 00:00:00",
    "calendarYear": "1997",
    "period": "Q3",
    "revenue": 271700000,
    "costOfRevenue": 170200000,
    "grossProfit": 101500000,
    "grossProfitRatio": 0.3735737946,
    "researchAndDevelopmentExpenses": 1000000,
    "generalAndAdministrativeExpenses": 0,
    "sellingAndMarketingExpenses": 0,
    "sellingGeneralAndAdministrativeExpenses": 18900000,
    "otherExpenses": 21600000,
    "operatingExpenses": 41500000,
    "costAndExpenses": 211700000,
    "interestIncome": 0,
    "interestExpense": 0,
    "depreciationAndAmortization": 21600000,
    "ebitda": 81600000,
    "ebitdaratio": 0.3003312477,
    "operatingIncome": 60000000,
    "operatingIncomeRatio": 0.2208317998,
    "totalOtherIncomeExpensesNet": -4000000,
    "incomeBeforeTax": 56000000,
    "incomeBeforeTaxRatio": 0.2061096798,
    "incomeTaxExpense": 19700000,
    "netIncome": 36300000,
    "netIncomeRatio": 0.1336032389,
    "eps": 0.79,
    "epsdiluted": 0.79,
    "weightedAverageShsOut": 45949367,
    "weightedAverageShsOutDil": 45949367,
    "link": "https://www.sec.gov/Archives/edgar/data/916076/000095014497011938/0000950144-97-011938-index.html",
    "finalLink": "https://www.sec.gov/Archives/edgar/data/916076/"
  },
  {
    "date": "1997-06-30",
    "symbol": "MLM",
    "reportedCurrency": "USD",
    "cik": "0000916076",
    "fillingDate": "1997-08-07",
    "acceptedDate": "1997-08-07 00:00:00",
    "calendarYear": "1997",
    "period": "Q2",
    "revenue": 232200000,
    "costOfRevenue": 148200000,
    "grossProfit": 84000000,
    "grossProfitRatio": 0.3617571059,
    "researchAndDevelopmentExpenses": 800000,
    "generalAndAdministrativeExpenses": 0,
    "sellingAndMarketingExpenses": 0,
    "sellingGeneralAndAdministrativeExpenses": 16300000,
    "otherExpenses": 18500000,
    "operatingExpenses": 35600000,
    "costAndExpenses": 183800000,
    "interestIncome": 0,
    "interestExpense": 0,
    "depreciationAndAmortization": 18600000,
    "ebitda": 67000000,
    "ebitdaratio": 0.2885443583,
    "operatingIncome": 48400000,
    "operatingIncomeRatio": 0.2084409991,
    "totalOtherIncomeExpensesNet": -1400000,
    "incomeBeforeTax": 47000000,
    "incomeBeforeTaxRatio": 0.202411714,
    "incomeTaxExpense": 16600000,
    "netIncome": 30400000,
    "netIncomeRatio": 0.1309216193,
    "eps": 0.66,
    "epsdiluted": 0.66,
    "weightedAverageShsOut": 46060606,
    "weightedAverageShsOutDil": 46060606,
    "link": "https://www.sec.gov/Archives/edgar/data/916076/000095014497008614/0000950144-97-008614-index.html",
    "finalLink": "https://www.sec.gov/Archives/edgar/data/916076/"
  },
  {
    "date": "1997-03-31",
    "symbol": "MLM",
    "reportedCurrency": "USD",
    "cik": "0000916076",
    "fillingDate": "1997-05-14",
    "acceptedDate": "1997-05-14 00:00:00",
    "calendarYear": "1997",
    "period": "Q1",
    "revenue": 158200000,
    "costOfRevenue": 111700000,
    "grossProfit": 46500000,
    "grossProfitRatio": 0.293931732,
    "researchAndDevelopmentExpenses": 500000,
    "generalAndAdministrativeExpenses": 0,
    "sellingAndMarketingExpenses": 0,
    "sellingGeneralAndAdministrativeExpenses": 15300000,
    "otherExpenses": 16300000,
    "operatingExpenses": 32100000,
    "costAndExpenses": 143800000,
    "interestIncome": 0,
    "interestExpense": 0,
    "depreciationAndAmortization": 16300000,
    "ebitda": 30700000,
    "ebitdaratio": 0.1940581542,
    "operatingIncome": 14400000,
    "operatingIncomeRatio": 0.0910240202,
    "totalOtherIncomeExpensesNet": -800000,
    "incomeBeforeTax": 13600000,
    "incomeBeforeTaxRatio": 0.0859671302,
    "incomeTaxExpense": 4700000,
    "netIncome": 8900000,
    "netIncomeRatio": 0.0562579014,
    "eps": 0.19,
    "epsdiluted": 0.19,
    "weightedAverageShsOut": 46842105,
    "weightedAverageShsOutDil": 46842105,
    "link": "https://www.sec.gov/Archives/edgar/data/916076/000095014497005755/0000950144-97-005755-index.html",
    "finalLink": "https://www.sec.gov/Archives/edgar/data/916076/"
  },
  {
    "date": "1996-12-31",
    "symbol": "MLM",
    "reportedCurrency": "USD",
    "cik": "0000916076",
    "fillingDate": "1997-03-25",
    "acceptedDate": "1997-03-25 00:00:00",
    "calendarYear": "1996",
    "period": "Q4",
    "revenue": 183400000,
    "costOfRevenue": 122700000,
    "grossProfit": 60700000,
    "grossProfitRatio": 0.3309705562,
    "researchAndDevelopmentExpenses": 500000,
    "generalAndAdministrativeExpenses": 0,
    "sellingAndMarketingExpenses": 0,
    "sellingGeneralAndAdministrativeExpenses": 15100000,
    "otherExpenses": 15900000,
    "operatingExpenses": 31500000,
    "costAndExpenses": 154200000,
    "interestIncome": 0,
    "interestExpense": 0,
    "depreciationAndAmortization": 15900000,
    "ebitda": 45100000,
    "ebitdaratio": 0.245910578,
    "operatingIncome": 29200000,
    "operatingIncomeRatio": 0.159214831,
    "totalOtherIncomeExpensesNet": 1000000,
    "incomeBeforeTax": 30200000,
    "incomeBeforeTaxRatio": 0.1646673937,
    "incomeTaxExpense": 10200000,
    "netIncome": 20000000,
    "netIncomeRatio": 0.1090512541,
    "eps": 0,
    "epsdiluted": 0,
    "weightedAverageShsOut": 45434452,
    "weightedAverageShsOutDil": 46842105,
    "link": "https://www.sec.gov/Archives/edgar/data/916076/000095014497002806/0000950144-97-002806-index.html",
    "finalLink": "https://www.sec.gov/Archives/edgar/data/916076/"
  },
  {
    "date": "1996-09-30",
    "symbol": "MLM",
    "reportedCurrency": "USD",
    "cik": "0000916076",
    "fillingDate": "1996-11-14",
    "acceptedDate": "1996-11-14 00:00:00",
    "calendarYear": "1996",
    "period": "Q3",
    "revenue": 201500000,
    "costOfRevenue": 127700000,
    "grossProfit": 73800000,
    "grossProfitRatio": 0.3662531017,
    "researchAndDevelopmentExpenses": 500000,
    "generalAndAdministrativeExpenses": 0,
    "sellingAndMarketingExpenses": 0,
    "sellingGeneralAndAdministrativeExpenses": 15000000,
    "otherExpenses": 15300000,
    "operatingExpenses": 30800000,
    "costAndExpenses": 158500000,
    "interestIncome": 0,
    "interestExpense": 0,
    "depreciationAndAmortization": 15300000,
    "ebitda": 58300000,
    "ebitdaratio": 0.2893300248,
    "operatingIncome": 43000000,
    "operatingIncomeRatio": 0.2133995037,
    "totalOtherIncomeExpensesNet": -1400000,
    "incomeBeforeTax": 41600000,
    "incomeBeforeTaxRatio": 0.2064516129,
    "incomeTaxExpense": 14100000,
    "netIncome": 27500000,
    "netIncomeRatio": 0.1364764268,
    "eps": 0.6,
    "epsdiluted": 0.6,
    "weightedAverageShsOut": 45833333,
    "weightedAverageShsOutDil": 45833333,
    "link": "https://www.sec.gov/Archives/edgar/data/916076/000095014496008198/0000950144-96-008198-index.html",
    "finalLink": "https://www.sec.gov/Archives/edgar/data/916076/"
  },
  {
    "date": "1996-06-30",
    "symbol": "MLM",
    "reportedCurrency": "USD",
    "cik": "0000916076",
    "fillingDate": "1996-08-13",
    "acceptedDate": "1996-08-13 00:00:00",
    "calendarYear": "1996",
    "period": "Q2",
    "revenue": 200500000,
    "costOfRevenue": 130000000,
    "grossProfit": 70500000,
    "grossProfitRatio": 0.3516209476,
    "researchAndDevelopmentExpenses": 400000,
    "generalAndAdministrativeExpenses": 0,
    "sellingAndMarketingExpenses": 0,
    "sellingGeneralAndAdministrativeExpenses": 15100000,
    "otherExpenses": 15100000,
    "operatingExpenses": 30600000,
    "costAndExpenses": 160600000,
    "interestIncome": 0,
    "interestExpense": 0,
    "depreciationAndAmortization": 15100000,
    "ebitda": 55000000,
    "ebitdaratio": 0.2743142145,
    "operatingIncome": 39900000,
    "operatingIncomeRatio": 0.1990024938,
    "totalOtherIncomeExpensesNet": 600000,
    "incomeBeforeTax": 40500000,
    "incomeBeforeTaxRatio": 0.2019950125,
    "incomeTaxExpense": 13700000,
    "netIncome": 26800000,
    "netIncomeRatio": 0.1336658354,
    "eps": 0.58,
    "epsdiluted": 0.58,
    "weightedAverageShsOut": 46206897,
    "weightedAverageShsOutDil": 46206897,
    "link": "https://www.sec.gov/Archives/edgar/data/916076/000095014496005376/0000950144-96-005376-index.html",
    "finalLink": "https://www.sec.gov/Archives/edgar/data/916076/"
  },
  {
    "date": "1996-03-31",
    "symbol": "MLM",
    "reportedCurrency": "USD",
    "cik": "0000916076",
    "fillingDate": "1996-05-14",
    "acceptedDate": "1996-05-14 00:00:00",
    "calendarYear": "1996",
    "period": "Q1",
    "revenue": 136500000,
    "costOfRevenue": 97800000,
    "grossProfit": 38700000,
    "grossProfitRatio": 0.2835164835,
    "researchAndDevelopmentExpenses": 500000,
    "generalAndAdministrativeExpenses": 0,
    "sellingAndMarketingExpenses": 0,
    "sellingGeneralAndAdministrativeExpenses": 14700000,
    "otherExpenses": 14900000,
    "operatingExpenses": 30100000,
    "costAndExpenses": 127900000,
    "interestIncome": 0,
    "interestExpense": 0,
    "depreciationAndAmortization": 14900000,
    "ebitda": 23500000,
    "ebitdaratio": 0.1721611722,
    "operatingIncome": 8600000,
    "operatingIncomeRatio": 0.063003663,
    "totalOtherIncomeExpensesNet": -2000000,
    "incomeBeforeTax": 6600000,
    "incomeBeforeTaxRatio": 0.0483516484,
    "incomeTaxExpense": 2300000,
    "netIncome": 4300000,
    "netIncomeRatio": 0.0315018315,
    "eps": 0.09,
    "epsdiluted": 0.09,
    "weightedAverageShsOut": 47777778,
    "weightedAverageShsOutDil": 47777778,
    "link": "https://www.sec.gov/Archives/edgar/data/916076/000095014496002244/0000950144-96-002244-index.html",
    "finalLink": "https://www.sec.gov/Archives/edgar/data/916076/"
  },
  {
    "date": "1995-12-31",
    "symbol": "MLM",
    "reportedCurrency": "USD",
    "cik": "0000916076",
    "fillingDate": "1995-12-31",
    "acceptedDate": "1995-12-31 00:00:00",
    "calendarYear": "1995",
    "period": "Q4",
    "revenue": 167400000,
    "costOfRevenue": 112900000,
    "grossProfit": 54500000,
    "grossProfitRatio": 0.325567503,
    "researchAndDevelopmentExpenses": 600000,
    "generalAndAdministrativeExpenses": 0,
    "sellingAndMarketingExpenses": 0,
    "sellingGeneralAndAdministrativeExpenses": 14600000,
    "otherExpenses": 14400000,
    "operatingExpenses": 29600000,
    "costAndExpenses": 142500000,
    "interestIncome": 0,
    "interestExpense": 0,
    "depreciationAndAmortization": 14400000,
    "ebitda": 39300000,
    "ebitdaratio": 0.2347670251,
    "operatingIncome": 24900000,
    "operatingIncomeRatio": 0.1487455197,
    "totalOtherIncomeExpensesNet": -1100000,
    "incomeBeforeTax": 23800000,
    "incomeBeforeTaxRatio": 0.1421744325,
    "incomeTaxExpense": 7800000,
    "netIncome": 16000000,
    "netIncomeRatio": 0.0955794504,
    "eps": 0,
    "epsdiluted": 0,
    "weightedAverageShsOut": 45731293,
    "weightedAverageShsOutDil": 45882353,
    "link": null,
    "finalLink": null
  },
  {
    "date": "1995-09-30",
    "symbol": "MLM",
    "reportedCurrency": "USD",
    "cik": "0000916076",
    "fillingDate": "1995-09-30",
    "acceptedDate": "1995-09-30 00:00:00",
    "calendarYear": "1995",
    "period": "Q3",
    "revenue": 191100000,
    "costOfRevenue": 125000000,
    "grossProfit": 66100000,
    "grossProfitRatio": 0.345892203,
    "researchAndDevelopmentExpenses": 500000,
    "generalAndAdministrativeExpenses": 0,
    "sellingAndMarketingExpenses": 0,
    "sellingGeneralAndAdministrativeExpenses": 14300000,
    "otherExpenses": 14300000,
    "operatingExpenses": 29100000,
    "costAndExpenses": 154100000,
    "interestIncome": 0,
    "interestExpense": 0,
    "depreciationAndAmortization": 14300000,
    "ebitda": 51300000,
    "ebitdaratio": 0.2684458399,
    "operatingIncome": 37000000,
    "operatingIncomeRatio": 0.1936159079,
    "totalOtherIncomeExpensesNet": -700000,
    "incomeBeforeTax": 36300000,
    "incomeBeforeTaxRatio": 0.1899529042,
    "incomeTaxExpense": 12900000,
    "netIncome": 23400000,
    "netIncomeRatio": 0.1224489796,
    "eps": 0.51,
    "epsdiluted": 0.51,
    "weightedAverageShsOut": 45882353,
    "weightedAverageShsOutDil": 45882353,
    "link": null,
    "finalLink": null
  }
]