[
  {
    "date": "2024-12-31",
    "symbol": "MLM",
    "reportedCurrency": "USD",
    "cik": "0000916076",
    "fillingDate": "2025-02-21",
    "acceptedDate": "2025-02-21 14:57:38",
    "calendarYear": "2024",
    "period": "FY",
    "revenue": 6536000000,
    "costOfRevenue": 4658000000,
    "grossProfit": 1878000000,
    "grossProfitRatio": 0.2873317013,
    "researchAndDevelopmentExpenses": 0,
    "generalAndAdministrativeExpenses": 0,
    "sellingAndMarketingExpenses": 0,
    "sellingGeneralAndAdministrativeExpenses": 447000000,
    "otherExpenses": -1276000000,
    "operatingExpenses": -829000000,
    "costAndExpenses": 3829000000,
    "interestIncome": 0,
    "interestExpense": 169000000,
    "depreciationAndAmortization": 573000000,
    "ebitda": 3338000000,
    "ebitdaratio": 0.5107099143,
    "operatingIncome": 2707000000,
    "operatingIncomeRatio": 0.4141676867,
    "totalOtherIncomeExpensesNet": -111000000,
    "incomeBeforeTax": 2596000000,
    "incomeBeforeTaxRatio": 0.3971848225,
    "incomeTaxExpense": 600000000,
    "netIncome": 1995000000,
    "netIncomeRatio": 0.3052325581,
    "eps": 32.5,
    "epsdiluted": 32.41,
    "weightedAverageShsOut": 61400000,
    "weightedAverageShsOutDil": 61600000,
    "link": "https://www.sec.gov/Archives/edgar/data/916076/000095017025024770/0000950170-25-024770-index.htm",
    "finalLink": "https://www.sec.gov/Archives/edgar/data/916076/000095017025024770/mlm-20241231.htm"
  },
  {
    "date": "2023-12-31",
    "symbol": "MLM",
    "reportedCurrency": "USD",
    "cik": "0000916076",
    "fillingDate": "2024-02-23",
    "acceptedDate": "2024-02-23 14:36:46",
    "calendarYear": "2023",
    "period": "FY",
    "revenue": 6777000000,
    "costOfRevenue": 4754000000,
    "grossProfit": 2023000000,
    "grossProfitRatio": 0.298509665,
    "researchAndDevelopmentExpenses": 0,
    "generalAndAdministrativeExpenses": 0,
    "sellingAndMarketingExpenses": 0,
    "sellingGeneralAndAdministrativeExpenses": 443000000,
    "otherExpenses": -16000000,
    "operatingExpenses": 427000000,
    "costAndExpenses": 5181000000,
    "interestIncome": 0,
    "interestExpense": 165000000,
    "depreciationAndAmortization": 513000000,
    "ebitda": 2171000000,
    "ebitdaratio": 0.3203482367,
    "operatingIncome": 1596000000,
    "operatingIncomeRatio": 0.2355024347,
    "totalOtherIncomeExpensesNet": -103000000,
    "incomeBeforeTax": 1493000000,
    "incomeBeforeTaxRatio": 0.2203039693,
    "incomeTaxExpense": 293000000,
    "netIncome": 1169000000,
    "netIncomeRatio": 0.1724952044,
    "eps": 18.88,
    "epsdiluted": 18.82,
    "weightedAverageShsOut": 61900000,
    "weightedAverageShsOutDil": 62100000,
    "link": "https://www.sec.gov/Archives/edgar/data/916076/000095017024019275/0000950170-24-019275-index.htm",
    "finalLink": "https://www.sec.gov/Archives/edgar/data/916076/000095017024019275/mlm-20231231.htm"
  },
  {
    "date": "2022-12-31",
    "symbol": "MLM",
    "reportedCurrency": "USD",
    "cik": "0000916076",
    "fillingDate": "2023-02-24",
    "acceptedDate": "2023-02-24 15:29:47",
    "calendarYear": "2022",
    "period": "FY",
    "revenue": 6161000000,
    "costOfRevenue": 4738000000,
    "grossProfit": 1423000000,
    "grossProfitRatio": 0.2309689985,
    "researchAndDevelopmentExpenses": 0,
    "generalAndAdministrativeExpenses": 0,
    "sellingAndMarketingExpenses": 0,
    "sellingGeneralAndAdministrativeExpenses": 397000000,
    "otherExpenses": -181000000,
    "operatingExpenses": 216000000,
    "costAndExpenses": 4954000000,
    "interestIncome": 0,
    "interestExpense": 169000000,
    "depreciationAndAmortization": 506000000,
    "ebitda": 1766000000,
    "ebitdaratio": 0.2866417789,
    "operatingIncome": 1207000000,
    "operatingIncomeRatio": 0.1959097549,
    "totalOtherIncomeExpensesNet": -116000000,
    "incomeBeforeTax": 1091000000,
    "incomeBeforeTaxRatio": 0.1770816426,
    "incomeTaxExpense": 235000000,
    "netIncome": 867000000,
    "netIncomeRatio": 0.1407239085,
    "eps": 13.91,
    "epsdiluted": 13.87,
    "weightedAverageShsOut": 62300000,
    "weightedAverageShsOutDil": 62500000,
    "link": "https://www.sec.gov/Archives/edgar/data/916076/000095017023004361/0000950170-23-004361-index.htm",
    "finalLink": "https://www.sec.gov/Archives/edgar/data/916076/000095017023004361/mlm-20221231.htm"
  },
  {
    "date": "2021-12-31",
    "symbol": "MLM",
    "reportedCurrency": "USD",
    "cik": "0000916076",
    "fillingDate": "2022-02-22",
    "acceptedDate": "2022-02-22 17:25:16",
    "calendarYear": "2021",
    "period": "FY",
    "revenue": 5414000000,
    "costOfRevenue": 4065600000,
    "grossProfit": 1348400000,
    "grossProfitRatio": 0.2490579978,
    "researchAndDevelopmentExpenses": 0,
    "generalAndAdministrativeExpenses": 0,
    "sellingAndMarketingExpenses": 0,
    "sellingGeneralAndAdministrativeExpenses": 351000000,
    "otherExpenses": 23600000,
    "operatingExpenses": 374600000,
    "costAndExpenses": 4440200000,
    "interestIncome": 0,
    "interestExpense": 142700000,
    "depreciationAndAmortization": 451700000,
    "ebitda": 1449900000,
    "ebitdaratio": 0.267805689,
    "operatingIncome": 973800000,
    "operatingIncomeRatio": 0.1798670115,
    "totalOtherIncomeExpensesNet": -118300000,
    "incomeBeforeTax": 855500000,
    "incomeBeforeTaxRatio": 0.1580162542,
    "incomeTaxExpense": 153200000,
    "netIncome": 702500000,
    "netIncomeRatio": 0.1297561877,
    "eps": 11.26,
    "epsdiluted": 11.22,
    "weightedAverageShsOut": 62400000,
    "weightedAverageShsOutDil": 62600000,
    "link": "https://www.sec.gov/Archives/edgar/data/916076/000156459022005965/0001564590-22-005965-index.htm",
    "finalLink": "https://www.sec.gov/Archives/edgar/data/916076/000156459022005965/mlm-10k_20211231.htm"
  },
  {
    "date": "2020-12-31",
    "symbol": "MLM",
    "reportedCurrency": "USD",
    "cik": "0000916076",
    "fillingDate": "2021-02-19",
    "acceptedDate": "2021-02-19 16:36:13",
    "calendarYear": "2020",
    "period": "FY",
    "revenue": 4729900000,
    "costOfRevenue": 3477100000,
    "grossProfit": 1252800000,
    "grossProfitRatio": 0.264868179,
    "researchAndDevelopmentExpenses": 0,
    "generalAndAdministrativeExpenses": 0,
    "sellingAndMarketingExpenses": 0,
    "sellingGeneralAndAdministrativeExpenses": 305900000,
    "otherExpenses": -58500000,
    "operatingExpenses": 247400000,
    "costAndExpenses": 3724500000,
    "interestIncome": 0,
    "interestExpense": 118100000,
    "depreciationAndAmortization": 393500000,
    "ebitda": 1400900000,
    "ebitdaratio": 0.2961796232,
    "operatingIncome": 1005400000,
    "operatingIncomeRatio": 0.2125626335,
    "totalOtherIncomeExpensesNet": -116100000,
    "incomeBeforeTax": 889300000,
    "incomeBeforeTaxRatio": 0.18801666,
    "incomeTaxExpense": 168200000,
    "netIncome": 721000000,
    "netIncomeRatio": 0.1524345124,
    "eps": 11.56,
    "epsdiluted": 11.54,
    "weightedAverageShsOut": 62300000,
    "weightedAverageShsOutDil": 62400000,
    "link": "https://www.sec.gov/Archives/edgar/data/916076/000156459021006959/0001564590-21-006959-index.htm",
    "finalLink": "https://www.sec.gov/Archives/edgar/data/916076/000156459021006959/mlm-10k_20201231.htm"
  },
  {
    "date": "2019-12-31",
    "symbol": "MLM",
    "reportedCurrency": "USD",
    "cik": "0000916076",
    "fillingDate": "2020-02-21",
    "acceptedDate": "2020-02-21 16:57:43",
    "calendarYear": "2019",
    "period": "FY",
    "revenue": 4739100000,
    "costOfRevenue": 3560100000,
    "grossProfit": 1179000000,
    "grossProfitRatio": 0.2487814142,
    "researchAndDevelopmentExpenses": 0,
    "generalAndAdministrativeExpenses": 0,
    "sellingAndMarketingExpenses": 0,
    "sellingGeneralAndAdministrativeExpenses": 302700000,
    "otherExpenses": -8600000,
    "operatingExpenses": 294100000,
    "costAndExpenses": 3854200000,
    "interestIncome": 0,
    "interestExpense": 129300000,
    "depreciationAndAmortization": 371500000,
    "ebitda": 1249100000,
    "ebitdaratio": 0.2635732523,
    "operatingIncome": 884900000,
    "operatingIncomeRatio": 0.1867232175,
    "totalOtherIncomeExpensesNet": -136600000,
    "incomeBeforeTax": 748300000,
    "incomeBeforeTaxRatio": 0.1578991792,
    "incomeTaxExpense": 136300000,
    "netIncome": 611900000,
    "netIncomeRatio": 0.129117343,
    "eps": 9.77,
    "epsdiluted": 9.74,
    "weightedAverageShsOut": 62500000,
    "weightedAverageShsOutDil": 62700000,
    "link": "https://www.sec.gov/Archives/edgar/data/916076/000156459020005784/0001564590-20-005784-index.htm",
    "finalLink": "https://www.sec.gov/Archives/edgar/data/916076/000156459020005784/mlm-10k_20191231.htm"
  },
  {
    "date": "2018-12-31",
    "symbol": "MLM",
    "reportedCurrency": "USD",
    "cik": "0000916076",
    "fillingDate": "2019-03-18",
    "acceptedDate": "2019-03-18 17:25:44",
    "calendarYear": "2018",
    "period": "FY",
    "revenue": 4244300000,
    "costOfRevenue": 3277700000,
    "grossProfit": 966600000,
    "grossProfitRatio": 0.2277407346,
    "researchAndDevelopmentExpenses": 0,
    "generalAndAdministrativeExpenses": 0,
    "sellingAndMarketingExpenses": 0,
    "sellingGeneralAndAdministrativeExpenses": 280600000,
    "otherExpenses": -4700000,
    "operatingExpenses": 275900000,
    "costAndExpenses": 3553600000,
    "interestIncome": 0,
    "interestExpense": 137100000,
    "depreciationAndAmortization": 344000000,
    "ebitda": 1057200000,
    "ebitdaratio": 0.2490870108,
    "operatingIncome": 690700000,
    "operatingIncomeRatio": 0.1627359046,
    "totalOtherIncomeExpensesNet": -114600000,
    "incomeBeforeTax": 576100000,
    "incomeBeforeTaxRatio": 0.1357349857,
    "incomeTaxExpense": 105700000,
    "netIncome": 470000000,
    "netIncomeRatio": 0.1107367528,
    "eps": 7.46,
    "epsdiluted": 7.43,
    "weightedAverageShsOut": 62900000,
    "weightedAverageShsOutDil": 63100000,
    "link": "https://www.sec.gov/Archives/edgar/data/916076/000095015719000284/0000950157-19-000284-index.htm",
    "finalLink": "https://www.sec.gov/Archives/edgar/data/916076/000095015719000284/form10-ka.htm"
  },
  {
    "date": "2017-12-31",
    "symbol": "MLM",
    "reportedCurrency": "USD",
    "cik": "0000916076",
    "fillingDate": "2018-02-23",
    "acceptedDate": "2018-02-23 15:41:37",
    "calendarYear": "2017",
    "period": "FY",
    "revenue": 3965600000,
    "costOfRevenue": 2993700000,
    "grossProfit": 971900000,
    "grossProfitRatio": 0.2450827113,
    "researchAndDevelopmentExpenses": 0,
    "generalAndAdministrativeExpenses": 0,
    "sellingAndMarketingExpenses": 0,
    "sellingGeneralAndAdministrativeExpenses": 262100000,
    "otherExpenses": 9400000,
    "operatingExpenses": 271500000,
    "costAndExpenses": 3265200000,
    "interestIncome": 0,
    "interestExpense": 91500000,
    "depreciationAndAmortization": 297200000,
    "ebitda": 1007600000,
    "ebitdaratio": 0.2540851321,
    "operatingIncome": 700400000,
    "operatingIncomeRatio": 0.1766189227,
    "totalOtherIncomeExpensesNet": -81500000,
    "incomeBeforeTax": 618900000,
    "incomeBeforeTaxRatio": 0.1560671777,
    "incomeTaxExpense": -94500000,
    "netIncome": 713300000,
    "netIncomeRatio": 0.1798718983,
    "eps": 11.3,
    "epsdiluted": 11.25,
    "weightedAverageShsOut": 62900000,
    "weightedAverageShsOutDil": 63200000,
    "link": "https://www.sec.gov/Archives/edgar/data/916076/000119312518055887/0001193125-18-055887-index.htm",
    "finalLink": "https://www.sec.gov/Archives/edgar/data/916076/000119312518055887/d529448d10k.htm"
  },
  {
    "date": "2016-12-31",
    "symbol": "MLM",
    "reportedCurrency": "USD",
    "cik": "0000916076",
    "fillingDate": "2017-02-24",
    "acceptedDate": "2017-02-24 16:02:10",
    "calendarYear": "2016",
    "period": "FY",
    "revenue": 3818749000,
    "costOfRevenue": 2907011000,
    "grossProfit": 911738000,
    "grossProfitRatio": 0.2387530576,
    "researchAndDevelopmentExpenses": 0,
    "generalAndAdministrativeExpenses": 0,
    "sellingAndMarketingExpenses": 0,
    "sellingGeneralAndAdministrativeExpenses": 241606000,
    "otherExpenses": -7134000,
    "operatingExpenses": 234472000,
    "costAndExpenses": 3141483000,
    "interestIncome": 0,
    "interestExpense": 81677000,
    "depreciationAndAmortization": 285253000,
    "ebitda": 973958000,
    "ebitdaratio": 0.2550463516,
    "operatingIncome": 677266000,
    "operatingIncomeRatio": 0.1773528451,
    "totalOtherIncomeExpensesNet": -70238000,
    "incomeBeforeTax": 607028000,
    "incomeBeforeTaxRatio": 0.1589599107,
    "incomeTaxExpense": 181584000,
    "netIncome": 425386000,
    "netIncomeRatio": 0.1113940717,
    "eps": 6.66,
    "epsdiluted": 6.63,
    "weightedAverageShsOut": 63610000,
    "weightedAverageShsOutDil": 63861000,
    "link": "https://www.sec.gov/Archives/edgar/data/916076/000119312517056282/0001193125-17-056282-index.htm",
    "finalLink": "https://www.sec.gov/Archives/edgar/data/916076/000119312517056282/d344578d10k.htm"
  },
  {
    "date": "2015-12-31",
    "symbol": "MLM",
    "reportedCurrency": "USD",
    "cik": "0000916076",
    "fillingDate": "2016-02-23",
    "acceptedDate": "2016-02-23 17:09:11",
    "calendarYear": "2015",
    "period": "FY",
    "revenue": 3539570000,
    "costOfRevenue": 2812650000,
    "grossProfit": 726920000,
    "grossProfitRatio": 0.2053695788,
    "researchAndDevelopmentExpenses": 0,
    "generalAndAdministrativeExpenses": 0,
    "sellingAndMarketingExpenses": 0,
    "sellingGeneralAndAdministrativeExpenses": 210754000,
    "otherExpenses": 21999000,
    "operatingExpenses": 232753000,
    "costAndExpenses": 3045403000,
    "interestIncome": 0,
    "interestExpense": 76287000,
    "depreciationAndAmortization": 263587000,
    "ebitda": 753675000,
    "ebitdaratio": 0.2129284066,
    "operatingIncome": 494167000,
    "operatingIncomeRatio": 0.1396121563,
    "totalOtherIncomeExpensesNet": -80366000,
    "incomeBeforeTax": 413801000,
    "incomeBeforeTaxRatio": 0.1169071384,
    "incomeTaxExpense": 124863000,
    "netIncome": 288792000,
    "netIncomeRatio": 0.0815895716,
    "eps": 4.31,
    "epsdiluted": 4.29,
    "weightedAverageShsOut": 66770000,
    "weightedAverageShsOutDil": 67020000,
    "link": "https://www.sec.gov/Archives/edgar/data/916076/000119312516473754/0001193125-16-473754-index.htm",
    "finalLink": "https://www.sec.gov/Archives/edgar/data/916076/000119312516473754/d147147d10k.htm"
  },
  {
    "date": "2014-12-31",
    "symbol": "MLM",
    "reportedCurrency": "USD",
    "cik": "0000916076",
    "fillingDate": "2015-02-24",
    "acceptedDate": "2015-02-24 16:07:58",
    "calendarYear": "2014",
    "period": "FY",
    "revenue": 2957951000,
    "costOfRevenue": 2435591000,
    "grossProfit": 522360000,
    "grossProfitRatio": 0.1765952174,
    "researchAndDevelopmentExpenses": 0,
    "generalAndAdministrativeExpenses": 0,
    "sellingAndMarketingExpenses": 0,
    "sellingGeneralAndAdministrativeExpenses": 169245000,
    "otherExpenses": 38242000,
    "operatingExpenses": 207487000,
    "costAndExpenses": 2643078000,
    "interestIncome": 0,
    "interestExpense": 66057000,
    "depreciationAndAmortization": 222746000,
    "ebitda": 537981000,
    "ebitdaratio": 0.181876238,
    "operatingIncome": 314873000,
    "operatingIncomeRatio": 0.1064497012,
    "totalOtherIncomeExpensesNet": -65695000,
    "incomeBeforeTax": 249178000,
    "incomeBeforeTaxRatio": 0.0842400702,
    "incomeTaxExpense": 94847000,
    "netIncome": 155601000,
    "netIncomeRatio": 0.0526043197,
    "eps": 2.73,
    "epsdiluted": 2.71,
    "weightedAverageShsOut": 56854000,
    "weightedAverageShsOutDil": 57088000,
    "link": "https://www.sec.gov/Archives/edgar/data/916076/000119312515060008/0001193125-15-060008-index.htm",
    "finalLink": "https://www.sec.gov/Archives/edgar/data/916076/000119312515060008/d877241d10k.htm"
  },
  {
    "date": "2013-12-31",
    "symbol": "MLM",
    "reportedCurrency": "USD",
    "cik": "0000916076",
    "fillingDate": "2014-02-24",
    "acceptedDate": "2014-02-24 16:07:22",
    "calendarYear": "2013",
    "period": "FY",
    "revenue": 2155551000,
    "costOfRevenue": 1791594000,
    "grossProfit": 363957000,
    "grossProfitRatio": 0.1688463878,
    "researchAndDevelopmentExpenses": 671000,
    "generalAndAdministrativeExpenses": 0,
    "sellingAndMarketingExpenses": 0,
    "sellingGeneralAndAdministrativeExpenses": 150091000,
    "otherExpenses": -4793000,
    "operatingExpenses": 145969000,
    "costAndExpenses": 1937563000,
    "interestIncome": 0,
    "interestExpense": 53467000,
    "depreciationAndAmortization": 173761000,
    "ebitda": 391454000,
    "ebitdaratio": 0.1816027549,
    "operatingIncome": 217988000,
    "operatingIncomeRatio": 0.1011286673,
    "totalOtherIncomeExpensesNet": -53762000,
    "incomeBeforeTax": 164226000,
    "incomeBeforeTaxRatio": 0.0761874806,
    "incomeTaxExpense": 44045000,
    "netIncome": 121337000,
    "netIncomeRatio": 0.0562904798,
    "eps": 2.62,
    "epsdiluted": 2.61,
    "weightedAverageShsOut": 46164000,
    "weightedAverageShsOutDil": 46285000,
    "link": "https://www.sec.gov/Archives/edgar/data/916076/000119312514064999/0001193125-14-064999-index.htm",
    "finalLink": "https://www.sec.gov/Archives/edgar/data/916076/000119312514064999/d654417d10k.htm"
  },
  {
    "date": "2012-12-31",
    "symbol": "MLM",
    "reportedCurrency": "USD",
    "cik": "0000916076",
    "fillingDate": "2013-02-22",
    "acceptedDate": "2013-02-22 10:39:51",
    "calendarYear": "2012",
    "period": "FY",
    "revenue": 2031901000,
    "costOfRevenue": 1704767000,
    "grossProfit": 327134000,
    "grossProfitRatio": 0.1609989857,
    "researchAndDevelopmentExpenses": 35140000,
    "generalAndAdministrativeExpenses": 0,
    "sellingAndMarketingExpenses": 0,
    "sellingGeneralAndAdministrativeExpenses": 138398000,
    "otherExpenses": -2574000,
    "operatingExpenses": 170964000,
    "costAndExpenses": 1875731000,
    "interestIncome": 0,
    "interestExpense": 53339000,
    "depreciationAndAmortization": 177211000,
    "ebitda": 334680000,
    "ebitdaratio": 0.1647127493,
    "operatingIncome": 156170000,
    "operatingIncomeRatio": 0.0768590596,
    "totalOtherIncomeExpensesNet": -52040000,
    "incomeBeforeTax": 104130000,
    "incomeBeforeTaxRatio": 0.0512475755,
    "incomeTaxExpense": 17431000,
    "netIncome": 84474000,
    "netIncomeRatio": 0.0415738759,
    "eps": 1.83,
    "epsdiluted": 1.83,
    "weightedAverageShsOut": 45828000,
    "weightedAverageShsOutDil": 45970000,
    "link": "https://www.sec.gov/Archives/edgar/data/916076/000119312513070711/0001193125-13-070711-index.htm",
    "finalLink": "https://www.sec.gov/Archives/edgar/data/916076/000119312513070711/d460152d10k.htm"
  },
  {
    "date": "2011-12-31",
    "symbol": "MLM",
    "reportedCurrency": "USD",
    "cik": "0000916076",
    "fillingDate": "2012-02-29",
    "acceptedDate": "2012-02-29 12:40:16",
    "calendarYear": "2011",
    "period": "FY",
    "revenue": 1713616000,
    "costOfRevenue": 1411614000,
    "grossProfit": 302002000,
    "grossProfitRatio": 0.1762366831,
    "researchAndDevelopmentExpenses": 18575000,
    "generalAndAdministrativeExpenses": 0,
    "sellingAndMarketingExpenses": 0,
    "sellingGeneralAndAdministrativeExpenses": 124138000,
    "otherExpenses": -1720000,
    "operatingExpenses": 140993000,
    "costAndExpenses": 1552607000,
    "interestIncome": 0,
    "interestExpense": 58586000,
    "depreciationAndAmortization": 173407000,
    "ebitda": 332582000,
    "ebitdaratio": 0.194081988,
    "operatingIncome": 161009000,
    "operatingIncomeRatio": 0.0939586232,
    "totalOtherIncomeExpensesNet": -60420000,
    "incomeBeforeTax": 100589000,
    "incomeBeforeTaxRatio": 0.0586998487,
    "incomeTaxExpense": 21003000,
    "netIncome": 82379000,
    "netIncomeRatio": 0.0480731973,
    "eps": 1.79,
    "epsdiluted": 1.78,
    "weightedAverageShsOut": 45652000,
    "weightedAverageShsOutDil": 45793000,
    "link": "https://www.sec.gov/Archives/edgar/data/916076/000119312512088047/0001193125-12-088047-index.htm",
    "finalLink": "https://www.sec.gov/Archives/edgar/data/916076/000119312512088047/d265076d10k.htm"
  },
  {
    "date": "2010-12-31",
    "symbol": "MLM",
    "reportedCurrency": "USD",
    "cik": "0000916076",
    "fillingDate": "2011-02-25",
    "acceptedDate": "2011-02-25 16:55:10",
    "calendarYear": "2010",
    "period": "FY",
    "revenue": 1652806000,
    "costOfRevenue": 1331155000,
    "grossProfit": 321651000,
    "grossProfitRatio": 0.1946090467,
    "researchAndDevelopmentExpenses": 1220000,
    "generalAndAdministrativeExpenses": 0,
    "sellingAndMarketingExpenses": 0,
    "sellingGeneralAndAdministrativeExpenses": 130422000,
    "otherExpenses": -8298000,
    "operatingExpenses": 123344000,
    "costAndExpenses": 1454499000,
    "interestIncome": 0,
    "interestExpense": 68440000,
    "depreciationAndAmortization": 181537000,
    "ebitda": 379646000,
    "ebitdaratio": 0.2296978593,
    "operatingIncome": 198307000,
    "operatingIncomeRatio": 0.1199820185,
    "totalOtherIncomeExpensesNet": -68638000,
    "incomeBeforeTax": 129669000,
    "incomeBeforeTaxRatio": 0.0784538536,
    "incomeTaxExpense": 30913000,
    "netIncome": 97012000,
    "netIncomeRatio": 0.0586953339,
    "eps": 2.11,
    "epsdiluted": 2.1,
    "weightedAverageShsOut": 45485000,
    "weightedAverageShsOutDil": 45659000,
    "link": "https://www.sec.gov/Archives/edgar/data/916076/000095012311018849/0000950123-11-018849-index.htm",
    "finalLink": "https://www.sec.gov/Archives/edgar/data/916076/000095012311018849/g25580e10vk.htm"
  },
  {
    "date": "2009-12-31",
    "symbol": "MLM",
    "reportedCurrency": "USD",
    "cik": "0000916076",
    "fillingDate": "2010-02-26",
    "acceptedDate": "2010-02-26 15:16:41",
    "calendarYear": "2009",
    "period": "FY",
    "revenue": 1702603000,
    "costOfRevenue": 1364870000,
    "grossProfit": 337733000,
    "grossProfitRatio": 0.1983627422,
    "researchAndDevelopmentExpenses": 373000,
    "generalAndAdministrativeExpenses": 0,
    "sellingAndMarketingExpenses": 0,
    "sellingGeneralAndAdministrativeExpenses": 139400000,
    "otherExpenses": 10383000,
    "operatingExpenses": 150156000,
    "costAndExpenses": 1515026000,
    "interestIncome": 0,
    "interestExpense": 73460000,
    "depreciationAndAmortization": 179391000,
    "ebitda": 368113000,
    "ebitdaratio": 0.2162060093,
    "operatingIncome": 187577000,
    "operatingIncomeRatio": 0.1101707209,
    "totalOtherIncomeExpensesNet": -72315000,
    "incomeBeforeTax": 115262000,
    "incomeBeforeTaxRatio": 0.0676975196,
    "incomeTaxExpense": 27375000,
    "netIncome": 85459000,
    "netIncomeRatio": 0.0501931454,
    "eps": 1.92,
    "epsdiluted": 1.91,
    "weightedAverageShsOut": 44000000,
    "weightedAverageShsOutDil": 44190000,
    "link": "https://www.sec.gov/Archives/edgar/data/916076/000095012310018035/0000950123-10-018035-index.htm",
    "finalLink": "https://www.sec.gov/Archives/edgar/data/916076/000095012310018035/g22182e10vk.htm"
  },
  {
    "date": "2008-12-31",
    "symbol": "MLM",
    "reportedCurrency": "USD",
    "cik": "0000916076",
    "fillingDate": "2009-02-17",
    "acceptedDate": "2009-02-17 16:47:38",
    "calendarYear": "2008",
    "period": "FY",
    "revenue": 2116421000,
    "costOfRevenue": 1645906000,
    "grossProfit": 470515000,
    "grossProfitRatio": 0.2223163539,
    "researchAndDevelopmentExpenses": 596000,
    "generalAndAdministrativeExpenses": 0,
    "sellingAndMarketingExpenses": 0,
    "sellingGeneralAndAdministrativeExpenses": 151348000,
    "otherExpenses": -4815000,
    "operatingExpenses": 147129000,
    "costAndExpenses": 1793035000,
    "interestIncome": 0,
    "interestExpense": 74299000,
    "depreciationAndAmortization": 171129000,
    "ebitda": 492557000,
    "ebitdaratio": 0.232731106,
    "operatingIncome": 323386000,
    "operatingIncomeRatio": 0.1527985217,
    "totalOtherIncomeExpensesNet": -76257000,
    "incomeBeforeTax": 247129000,
    "incomeBeforeTaxRatio": 0.1167674106,
    "incomeTaxExpense": 72088000,
    "netIncome": 176256000,
    "netIncomeRatio": 0.0832802169,
    "eps": 4.26,
    "epsdiluted": 4.2,
    "weightedAverageShsOut": 41370000,
    "weightedAverageShsOutDil": 41617000,
    "link": "https://www.sec.gov/Archives/edgar/data/916076/000095014409001377/0000950144-09-001377-index.htm",
    "finalLink": "https://www.sec.gov/Archives/edgar/data/916076/000095014409001377/g17638e10vk.htm"
  },
  {
    "date": "2007-12-31",
    "symbol": "MLM",
    "reportedCurrency": "USD",
    "cik": "0000916076",
    "fillingDate": "2008-02-25",
    "acceptedDate": "2008-02-25 16:13:59",
    "calendarYear": "2007",
    "period": "FY",
    "revenue": 2194904000,
    "costOfRevenue": 1626025000,
    "grossProfit": 568879000,
    "grossProfitRatio": 0.2591817228,
    "researchAndDevelopmentExpenses": 869000,
    "generalAndAdministrativeExpenses": 0,
    "sellingAndMarketingExpenses": 0,
    "sellingGeneralAndAdministrativeExpenses": 155186000,
    "otherExpenses": -18103000,
    "operatingExpenses": 137952000,
    "costAndExpenses": 1763977000,
    "interestIncome": 0,
    "interestExpense": 60893000,
    "depreciationAndAmortization": 150338000,
    "ebitda": 587655000,
    "ebitdaratio": 0.2677360832,
    "operatingIncome": 430927000,
    "operatingIncomeRatio": 0.1963306823,
    "totalOtherIncomeExpensesNet": -54503000,
    "incomeBeforeTax": 376424000,
    "incomeBeforeTaxRatio": 0.1714990724,
    "incomeTaxExpense": 115299000,
    "netIncome": 262749000,
    "netIncomeRatio": 0.1197086524,
    "eps": 6.16,
    "epsdiluted": 6.06,
    "weightedAverageShsOut": 42653000,
    "weightedAverageShsOutDil": 43347000,
    "link": "https://www.sec.gov/Archives/edgar/data/916076/000095014408001341/0000950144-08-001341-index.htm",
    "finalLink": "https://www.sec.gov/Archives/edgar/data/916076/000095014408001341/g11819e10vk.htm"
  },
  {
    "date": "2006-12-31",
    "symbol": "MLM",
    "reportedCurrency": "USD",
    "cik": "0000916076",
    "fillingDate": "2007-02-28",
    "acceptedDate": "2007-02-28 06:44:59",
    "calendarYear": "2006",
    "period": "FY",
    "revenue": 2191052000,
    "costOfRevenue": 1665759000,
    "grossProfit": 525293000,
    "grossProfitRatio": 0.2397446523,
    "researchAndDevelopmentExpenses": 736000,
    "generalAndAdministrativeExpenses": 0,
    "sellingAndMarketingExpenses": 0,
    "sellingGeneralAndAdministrativeExpenses": 146665000,
    "otherExpenses": -12657000,
    "operatingExpenses": 134744000,
    "costAndExpenses": 1800503000,
    "interestIncome": 0,
    "interestExpense": 0,
    "depreciationAndAmortization": 141429000,
    "ebitda": 531978000,
    "ebitdaratio": 0.2427956981,
    "operatingIncome": 390549000,
    "operatingIncomeRatio": 0.1782472529,
    "totalOtherIncomeExpensesNet": -37540000,
    "incomeBeforeTax": 353009000,
    "incomeBeforeTaxRatio": 0.1611139307,
    "incomeTaxExpense": 107632000,
    "netIncome": 245422000,
    "netIncomeRatio": 0.112011034,
    "eps": 5.4,
    "epsdiluted": 5.29,
    "weightedAverageShsOut": 45453000,
    "weightedAverageShsOutDil": 46367000,
    "link": "https://www.sec.gov/Archives/edgar/data/916076/000095014407001677/0000950144-07-001677-index.htm",
    "finalLink": "https://www.sec.gov/Archives/edgar/data/916076/000095014407001677/g05626e10vk.htm"
  },
  {
    "date": "2005-12-31",
    "symbol": "MLM",
    "reportedCurrency": "USD",
    "cik": "0000916076",
    "fillingDate": "2006-02-27",
    "acceptedDate": "2006-02-27 14:43:40",
    "calendarYear": "2005",
    "period": "FY",
    "revenue": 1975288000,
    "costOfRevenue": 1546353000,
    "grossProfit": 428935000,
    "grossProfitRatio": 0.217150613,
    "researchAndDevelopmentExpenses": 662000,
    "generalAndAdministrativeExpenses": 0,
    "sellingAndMarketingExpenses": 0,
    "sellingGeneralAndAdministrativeExpenses": 130703000,
    "otherExpenses": -16231000,
    "operatingExpenses": 115134000,
    "costAndExpenses": 1661487000,
    "interestIncome": 0,
    "interestExpense": 0,
    "depreciationAndAmortization": 138251000,
    "ebitda": 452052000,
    "ebitdaratio": 0.2288537165,
    "operatingIncome": 313801000,
    "operatingIncomeRatio": 0.1588634164,
    "totalOtherIncomeExpensesNet": -41114000,
    "incomeBeforeTax": 272687000,
    "incomeBeforeTaxRatio": 0.1380492364,
    "incomeTaxExpense": 74225000,
    "netIncome": 192666000,
    "netIncomeRatio": 0.0975381818,
    "eps": 4.14,
    "epsdiluted": 4.08,
    "weightedAverageShsOut": 46540000,
    "weightedAverageShsOutDil": 47279000,
    "link": "https://www.sec.gov/Archives/edgar/data/916076/000095014406001538/0000950144-06-001538-index.htm",
    "finalLink": "https://www.sec.gov/Archives/edgar/data/916076/000095014406001538/g99743e10vk.htm"
  },
  {
    "date": "2004-12-31",
    "symbol": "MLM",
    "reportedCurrency": "USD",
    "cik": "0000916076",
    "fillingDate": "2005-02-25",
    "acceptedDate": "2005-02-25 13:20:55",
    "calendarYear": "2004",
    "period": "FY",
    "revenue": 1720369000,
    "costOfRevenue": 1373782000,
    "grossProfit": 346587000,
    "grossProfitRatio": 0.2014608494,
    "researchAndDevelopmentExpenses": 891000,
    "generalAndAdministrativeExpenses": 0,
    "sellingAndMarketingExpenses": 0,
    "sellingGeneralAndAdministrativeExpenses": 127337000,
    "otherExpenses": -11723000,
    "operatingExpenses": 116505000,
    "costAndExpenses": 1490287000,
    "interestIncome": 0,
    "interestExpense": 0,
    "depreciationAndAmortization": 132859000,
    "ebitda": 362941000,
    "ebitdaratio": 0.2109669495,
    "operatingIncome": 230082000,
    "operatingIncomeRatio": 0.1337399128,
    "totalOtherIncomeExpensesNet": -42128000,
    "incomeBeforeTax": 187954000,
    "incomeBeforeTaxRatio": 0.109252143,
    "incomeTaxExpense": 57739000,
    "netIncome": 129163000,
    "netIncomeRatio": 0.0750786605,
    "eps": 2.68,
    "epsdiluted": 2.66,
    "weightedAverageShsOut": 48195149,
    "weightedAverageShsOutDil": 48557519,
    "link": "https://www.sec.gov/Archives/edgar/data/916076/000095014405001851/0000950144-05-001851-index.htm",
    "finalLink": "https://www.sec.gov/Archives/edgar/data/916076/000095014405001851/g93420e10vk.htm"
  },
  {
    "date": "2003-12-31",
    "symbol": "MLM",
    "reportedCurrency": "USD",
    "cik": "0000916076",
    "fillingDate": "2004-03-15",
    "acceptedDate": "2004-03-15 12:35:05",
    "calendarYear": "2003",
    "period": "FY",
    "revenue": 1627486000,
    "costOfRevenue": 1314049000,
    "grossProfit": 313437000,
    "grossProfitRatio": 0.1925896751,
    "researchAndDevelopmentExpenses": 612000,
    "generalAndAdministrativeExpenses": 0,
    "sellingAndMarketingExpenses": 0,
    "sellingGeneralAndAdministrativeExpenses": 120360000,
    "otherExpenses": -6841000,
    "operatingExpenses": 114131000,
    "costAndExpenses": 1428180000,
    "interestIncome": 0,
    "interestExpense": 0,
    "depreciationAndAmortization": 139606000,
    "ebitda": 338912000,
    "ebitdaratio": 0.2082426515,
    "operatingIncome": 199306000,
    "operatingIncomeRatio": 0.1224624974,
    "totalOtherIncomeExpensesNet": -43016000,
    "incomeBeforeTax": 156290000,
    "incomeBeforeTaxRatio": 0.096031548,
    "incomeTaxExpense": 46903000,
    "netIncome": 93623000,
    "netIncomeRatio": 0.0575261477,
    "eps": 1.91,
    "epsdiluted": 1.91,
    "weightedAverageShsOut": 49017277,
    "weightedAverageShsOutDil": 49017277,
    "link": "https://www.sec.gov/Archives/edgar/data/916076/000095014404002492/0000950144-04-002492-index.htm",
    "finalLink": "https://www.sec.gov/Archives/edgar/data/916076/000095014404002492/g87608ke10vk.htm"
  },
  {
    "date": "2002-12-31",
    "symbol": "MLM",
    "reportedCurrency": "USD",
    "cik": "0000916076",
    "fillingDate": "2003-03-27",
    "acceptedDate": "2003-03-27 16:08:17",
    "calendarYear": "2002",
    "period": "FY",
    "revenue": 1588553000,
    "costOfRevenue": 1301102000,
    "grossProfit": 287451000,
    "grossProfitRatio": 0.1809514697,
    "researchAndDevelopmentExpenses": 369000,
    "generalAndAdministrativeExpenses": 0,
    "sellingAndMarketingExpenses": 0,
    "sellingGeneralAndAdministrativeExpenses": 113300000,
    "otherExpenses": -4709000,
    "operatingExpenses": 108960000,
    "costAndExpenses": 1410062000,
    "interestIncome": 0,
    "interestExpense": 0,
    "depreciationAndAmortization": 138696000,
    "ebitda": 317187000,
    "ebitdaratio": 0.1996703919,
    "operatingIncome": 178491000,
    "operatingIncomeRatio": 0.1123607459,
    "totalOtherIncomeExpensesNet": -55504000,
    "incomeBeforeTax": 122987000,
    "incomeBeforeTaxRatio": 0.0774207722,
    "incomeTaxExpense": 32161000,
    "netIncome": 86305000,
    "netIncomeRatio": 0.0543293173,
    "eps": 1.77,
    "epsdiluted": 1.77,
    "weightedAverageShsOut": 48759887,
    "weightedAverageShsOutDil": 48759887,
    "link": "https://www.sec.gov/Archives/edgar/data/916076/000095014403003919/0000950144-03-003919-index.htm",
    "finalLink": "https://www.sec.gov/Archives/edgar/data/916076/000095014403003919/g81353e10vk.htm"
  },
  {
    "date": "2001-12-31",
    "symbol": "MLM",
    "reportedCurrency": "USD",
    "cik": "0000916076",
    "fillingDate": "2002-03-27",
    "acceptedDate": "2002-03-27 00:00:00",
    "calendarYear": "2001",
    "period": "FY",
    "revenue": 1594361000,
    "costOfRevenue": 1299068000,
    "grossProfit": 295293000,
    "grossProfitRatio": 0.1852108776,
    "researchAndDevelopmentExpenses": 556000,
    "generalAndAdministrativeExpenses": 0,
    "sellingAndMarketingExpenses": 0,
    "sellingGeneralAndAdministrativeExpenses": 91619000,
    "otherExpenses": 0,
    "operatingExpenses": 92175000,
    "costAndExpenses": 1391243000,
    "interestIncome": 0,
    "interestExpense": 0,
    "depreciationAndAmortization": 154635000,
    "ebitda": 357753000,
    "ebitdaratio": 0.224386447,
    "operatingIncome": 203118000,
    "operatingIncomeRatio": 0.1273977474,
    "totalOtherIncomeExpensesNet": -50569000,
    "incomeBeforeTax": 152549000,
    "incomeBeforeTaxRatio": 0.0956803384,
    "incomeTaxExpense": 51546000,
    "netIncome": 105362000,
    "netIncomeRatio": 0.0660841553,
    "eps": 2.2,
    "epsdiluted": 2.19,
    "weightedAverageShsOut": 47891818,
    "weightedAverageShsOutDil": 48110502,
    "link": "https://www.sec.gov/Archives/edgar/data/916076/000095014402002841/0000950144-02-002841-index.htm",
    "finalLink": "https://www.sec.gov/Archives/edgar/data/916076/000095014402002841/g74909e10-k405.htm"
  },
  {
    "date": "2000-12-31",
    "symbol": "MLM",
    "reportedCurrency": "USD",
    "cik": "0000916076",
    "fillingDate": "2001-03-22",
    "acceptedDate": "2001-03-22 00:00:00",
    "calendarYear": "2000",
    "period": "FY",
    "revenue": 1517517000,
    "costOfRevenue": 1213946000,
    "grossProfit": 303571000,
    "grossProfitRatio": 0.2000445465,
    "researchAndDevelopmentExpenses": 2326000,
    "generalAndAdministrativeExpenses": 0,
    "sellingAndMarketingExpenses": 0,
    "sellingGeneralAndAdministrativeExpenses": 98768000,
    "otherExpenses": 0,
    "operatingExpenses": 101094000,
    "costAndExpenses": 1315040000,
    "interestIncome": 0,
    "interestExpense": 0,
    "depreciationAndAmortization": 136373000,
    "ebitda": 338850000,
    "ebitdaratio": 0.2232923915,
    "operatingIncome": 202477000,
    "operatingIncomeRatio": 0.1334265119,
    "totalOtherIncomeExpensesNet": -33656000,
    "incomeBeforeTax": 168821000,
    "incomeBeforeTaxRatio": 0.1112481771,
    "incomeTaxExpense": 56794000,
    "netIncome": 112027000,
    "netIncomeRatio": 0.0738225667,
    "eps": 2.4,
    "epsdiluted": 2.39,
    "weightedAverageShsOut": 46677917,
    "weightedAverageShsOutDil": 46873222,
    "link": "https://www.sec.gov/Archives/edgar/data/916076/000095014401003808/0000950144-01-003808-index.htm",
    "finalLink": "https://www.sec.gov/Archives/edgar/data/916076/000095014401003808/g67160e10-k405.htm"
  },
  {
    "date": "1999-12-31",
    "symbol": "MLM",
    "reportedCurrency": "USD",
    "cik": "0000916076",
    "fillingDate": "2000-03-27",
    "acceptedDate": "2000-03-27 00:00:00",
    "calendarYear": "1999",
    "period": "FY",
    "revenue": 1434100000,
    "costOfRevenue": 998666000,
    "grossProfit": 435434000,
    "grossProfitRatio": 0.3036287567,
    "researchAndDevelopmentExpenses": 2789000,
    "generalAndAdministrativeExpenses": 0,
    "sellingAndMarketingExpenses": 0,
    "sellingGeneralAndAdministrativeExpenses": 92621000,
    "otherExpenses": 124754000,
    "operatingExpenses": 220164000,
    "costAndExpenses": 1218830000,
    "interestIncome": 0,
    "interestExpense": 0,
    "depreciationAndAmortization": 124754000,
    "ebitda": 340024000,
    "ebitdaratio": 0.237099226,
    "operatingIncome": 215270000,
    "operatingIncomeRatio": 0.1501080817,
    "totalOtherIncomeExpensesNet": -20957000,
    "incomeBeforeTax": 194313000,
    "incomeBeforeTaxRatio": 0.1354947354,
    "incomeTaxExpense": 68532000,
    "netIncome": 125781000,
    "netIncomeRatio": 0.0877072729,
    "eps": 2.7,
    "epsdiluted": 2.68,
    "weightedAverageShsOut": 46668000,
    "weightedAverageShsOutDil": 46947000,
    "link": "https://www.sec.gov/Archives/edgar/data/916076/000095014400003779/0000950144-00-003779-index.html",
    "finalLink": "https://www.sec.gov/Archives/edgar/data/916076/000095014400003779/"
  },
  {
    "date": "1998-12-31",
    "symbol": "MLM",
    "reportedCurrency": "USD",
    "cik": "0000916076",
    "fillingDate": "1999-03-24",
    "acceptedDate": "1999-03-24 00:00:00",
    "calendarYear": "1998",
    "period": "FY",
    "revenue": 1201500000,
    "costOfRevenue": 821083000,
    "grossProfit": 380417000,
    "grossProfitRatio": 0.3166183937,
    "researchAndDevelopmentExpenses": 3053000,
    "generalAndAdministrativeExpenses": 0,
    "sellingAndMarketingExpenses": 0,
    "sellingGeneralAndAdministrativeExpenses": 82041000,
    "otherExpenses": 98765000,
    "operatingExpenses": 183859000,
    "costAndExpenses": 1004942000,
    "interestIncome": 0,
    "interestExpense": 0,
    "depreciationAndAmortization": 98765000,
    "ebitda": 295323000,
    "ebitdaratio": 0.2457952559,
    "operatingIncome": 196558000,
    "operatingIncomeRatio": 0.163593841,
    "totalOtherIncomeExpensesNet": -22416000,
    "incomeBeforeTax": 174142000,
    "incomeBeforeTaxRatio": 0.1449371619,
    "incomeTaxExpense": 58529000,
    "netIncome": 115613000,
    "netIncomeRatio": 0.0962238868,
    "eps": 2.49,
    "epsdiluted": 2.48,
    "weightedAverageShsOut": 46454000,
    "weightedAverageShsOutDil": 46708000,
    "link": "https://www.sec.gov/Archives/edgar/data/916076/000095014499003085/0000950144-99-003085-index.html",
    "finalLink": "https://www.sec.gov/Archives/edgar/data/916076/"
  },
  {
    "date": "1997-12-31",
    "symbol": "MLM",
    "reportedCurrency": "USD",
    "cik": "0000916076",
    "fillingDate": "1998-03-30",
    "acceptedDate": "1998-03-30 00:00:00",
    "calendarYear": "1997",
    "period": "FY",
    "revenue": 900900000,
    "costOfRevenue": 585900000,
    "grossProfit": 315000000,
    "grossProfitRatio": 0.3496503497,
    "researchAndDevelopmentExpenses": 3400000,
    "generalAndAdministrativeExpenses": 0,
    "sellingAndMarketingExpenses": 0,
    "sellingGeneralAndAdministrativeExpenses": 69100000,
    "otherExpenses": 79700000,
    "operatingExpenses": 152200000,
    "costAndExpenses": 738100000,
    "interestIncome": 0,
    "interestExpense": 0,
    "depreciationAndAmortization": 79700000,
    "ebitda": 242500000,
    "ebitdaratio": 0.2691752692,
    "operatingIncome": 162800000,
    "operatingIncomeRatio": 0.1807081807,
    "totalOtherIncomeExpensesNet": -11600000,
    "incomeBeforeTax": 151200000,
    "incomeBeforeTaxRatio": 0.1678321678,
    "incomeTaxExpense": 52700000,
    "netIncome": 98500000,
    "netIncomeRatio": 0.1093351093,
    "eps": 2.14,
    "epsdiluted": 2.13,
    "weightedAverageShsOut": 46028037,
    "weightedAverageShsOutDil": 46244131,
    "link": "https://www.sec.gov/Archives/edgar/data/916076/000095014498003632/0000950144-98-003632-index.html",
    "finalLink": "https://www.sec.gov/Archives/edgar/data/916076/"
  },
  {
    "date": "1996-12-31",
    "symbol": "MLM",
    "reportedCurrency": "USD",
    "cik": "0000916076",
    "fillingDate": "1997-03-25",
    "acceptedDate": "1997-03-25 00:00:00",
    "calendarYear": "1996",
    "period": "FY",
    "revenue": 721900000,
    "costOfRevenue": 478200000,
    "grossProfit": 243700000,
    "grossProfitRatio": 0.3375813825,
    "researchAndDevelopmentExpenses": 1900000,
    "generalAndAdministrativeExpenses": 0,
    "sellingAndMarketingExpenses": 0,
    "sellingGeneralAndAdministrativeExpenses": 59900000,
    "otherExpenses": 61200000,
    "operatingExpenses": 123000000,
    "costAndExpenses": 601200000,
    "interestIncome": 0,
    "interestExpense": 0,
    "depreciationAndAmortization": 61200000,
    "ebitda": 181900000,
    "ebitdaratio": 0.2519739576,
    "operatingIncome": 120700000,
    "operatingIncomeRatio": 0.1671976728,
    "totalOtherIncomeExpensesNet": -1800000,
    "incomeBeforeTax": 118900000,
    "incomeBeforeTaxRatio": 0.1647042527,
    "incomeTaxExpense": 40300000,
    "netIncome": 78600000,
    "netIncomeRatio": 0.1088793462,
    "eps": 1.71,
    "epsdiluted": 1.71,
    "weightedAverageShsOut": 45964912,
    "weightedAverageShsOutDil": 45964912,
    "link": "https://www.sec.gov/Archives/edgar/data/916076/000095014497002806/0000950144-97-002806-index.html",
    "finalLink": "https://www.sec.gov/Archives/edgar/data/916076/"
  },
  {
    "date": "1995-12-31",
    "symbol": "MLM",
    "reportedCurrency": "USD",
    "cik": "0000916076",
    "fillingDate": "1995-12-31",
    "acceptedDate": "1995-12-31 00:00:00",
    "calendarYear": "1995",
    "period": "FY",
    "revenue": 664400000,
    "costOfRevenue": 441500000,
    "grossProfit": 222900000,
    "grossProfitRatio": 0.3354906683,
    "researchAndDevelopmentExpenses": 1900000,
    "generalAndAdministrativeExpenses": 0,
    "sellingAndMarketingExpenses": 0,
    "sellingGeneralAndAdministrativeExpenses": 59600000,
    "otherExpenses": 53800000,
    "operatingExpenses": 115300000,
    "costAndExpenses": 556800000,
    "interestIncome": 0,
    "interestExpense": 0,
    "depreciationAndAmortization": 55700000,
    "ebitda": 163300000,
    "ebitdaratio": 0.2457856713,
    "operatingIncome": 107600000,
    "operatingIncomeRatio": 0.1619506321,
    "totalOtherIncomeExpensesNet": -3800000,
    "incomeBeforeTax": 103800000,
    "incomeBeforeTaxRatio": 0.156231186,
    "incomeTaxExpense": 36200000,
    "netIncome": 67600000,
    "netIncomeRatio": 0.1017459362,
    "eps": 1.47,
    "epsdiluted": 1.47,
    "weightedAverageShsOut": 45986395,
    "weightedAverageShsOutDil": 45986395,
    "link": null,
    "finalLink": null
  },
  {
    "date": "1994-12-31",
    "symbol": "MLM",
    "reportedCurrency": "USD",
    "cik": "0000916076",
    "fillingDate": "1994-12-31",
    "acceptedDate": "1994-12-31 00:00:00",
    "calendarYear": "1994",
    "period": "FY",
    "revenue": 501700000,
    "costOfRevenue": 319700000,
    "grossProfit": 182000000,
    "grossProfitRatio": 0.3627665936,
    "researchAndDevelopmentExpenses": 0,
    "generalAndAdministrativeExpenses": 0,
    "sellingAndMarketingExpenses": 0,
    "sellingGeneralAndAdministrativeExpenses": 47300000,
    "otherExpenses": 42800000,
    "operatingExpenses": 90100000,
    "costAndExpenses": 409800000,
    "interestIncome": 0,
    "interestExpense": 0,
    "depreciationAndAmortization": 42800000,
    "ebitda": 134700000,
    "ebitdaratio": 0.2684871437,
    "operatingIncome": 91900000,
    "operatingIncomeRatio": 0.1831771975,
    "totalOtherIncomeExpensesNet": -1500000,
    "incomeBeforeTax": 90400000,
    "incomeBeforeTaxRatio": 0.180187363,
    "incomeTaxExpense": 32100000,
    "netIncome": 53700000,
    "netIncomeRatio": 0.1070360773,
    "eps": 1.19,
    "epsdiluted": 1.19,
    "weightedAverageShsOut": 45126050,
    "weightedAverageShsOutDil": 45126050,
    "link": null,
    "finalLink": null
  }
]