[
  {
    "date": "2025-06-30",
    "symbol": "MMC",
    "reportedCurrency": "USD",
    "cik": "0000062709",
    "fillingDate": "2025-07-17",
    "acceptedDate": "2025-07-17 07:51:39",
    "calendarYear": "2025",
    "period": "Q2",
    "revenue": 6974000000,
    "costOfRevenue": 3895000000,
    "grossProfit": 3079000000,
    "grossProfitRatio": 0.4414969888,
    "researchAndDevelopmentExpenses": 0,
    "generalAndAdministrativeExpenses": 0,
    "sellingAndMarketingExpenses": 0,
    "sellingGeneralAndAdministrativeExpenses": 0,
    "otherExpenses": 1250000000,
    "operatingExpenses": 1250000000,
    "costAndExpenses": 5145000000,
    "interestIncome": 5000000,
    "interestExpense": 243000000,
    "depreciationAndAmortization": 231000000,
    "ebitda": 2120000000,
    "ebitdaratio": 0.3039862346,
    "operatingIncome": 1829000000,
    "operatingIncomeRatio": 0.2622598222,
    "totalOtherIncomeExpensesNet": -183000000,
    "incomeBeforeTax": 1646000000,
    "incomeBeforeTaxRatio": 0.236019501,
    "incomeTaxExpense": 415000000,
    "netIncome": 1211000000,
    "netIncomeRatio": 0.173644967,
    "eps": 2.46,
    "epsdiluted": 2.45,
    "weightedAverageShsOut": 492000000,
    "weightedAverageShsOutDil": 495000000,
    "link": "https://www.sec.gov/Archives/edgar/data/62709/000006270925000069/0000062709-25-000069-index.htm",
    "finalLink": "https://www.sec.gov/Archives/edgar/data/62709/000006270925000069/mmc-20250630.htm"
  },
  {
    "date": "2025-03-31",
    "symbol": "MMC",
    "reportedCurrency": "USD",
    "cik": "0000062709",
    "fillingDate": "2025-04-17",
    "acceptedDate": "2025-04-17 16:09:17",
    "calendarYear": "2025",
    "period": "Q1",
    "revenue": 7061000000,
    "costOfRevenue": 3850000000,
    "grossProfit": 3211000000,
    "grossProfitRatio": 0.4547514516,
    "researchAndDevelopmentExpenses": 0,
    "generalAndAdministrativeExpenses": 0,
    "sellingAndMarketingExpenses": 0,
    "sellingGeneralAndAdministrativeExpenses": 0,
    "otherExpenses": 1206000000,
    "operatingExpenses": 1206000000,
    "costAndExpenses": 5056000000,
    "interestIncome": 19000000,
    "interestExpense": 245000000,
    "depreciationAndAmortization": 227000000,
    "ebitda": 2299000000,
    "ebitdaratio": 0.325591276,
    "operatingIncome": 2005000000,
    "operatingIncomeRatio": 0.2839541141,
    "totalOtherIncomeExpensesNet": -178000000,
    "incomeBeforeTax": 1827000000,
    "incomeBeforeTaxRatio": 0.2587452202,
    "incomeTaxExpense": 415000000,
    "netIncome": 1381000000,
    "netIncomeRatio": 0.1955813624,
    "eps": 2.81,
    "epsdiluted": 2.79,
    "weightedAverageShsOut": 492000000,
    "weightedAverageShsOutDil": 495000000,
    "link": "https://www.sec.gov/Archives/edgar/data/62709/000006270925000028/0000062709-25-000028-index.htm",
    "finalLink": "https://www.sec.gov/Archives/edgar/data/62709/000006270925000028/mmc-20250331.htm"
  },
  {
    "date": "2024-12-31",
    "symbol": "MMC",
    "reportedCurrency": "USD",
    "cik": "0000062709",
    "fillingDate": "2025-02-10",
    "acceptedDate": "2025-02-10 16:05:24",
    "calendarYear": "2024",
    "period": "Q4",
    "revenue": 6067000000,
    "costOfRevenue": 3630000000,
    "grossProfit": 2437000000,
    "grossProfitRatio": 0.4016812263,
    "researchAndDevelopmentExpenses": 0,
    "generalAndAdministrativeExpenses": 0,
    "sellingAndMarketingExpenses": 0,
    "sellingGeneralAndAdministrativeExpenses": 0,
    "otherExpenses": 1295000000,
    "operatingExpenses": 1295000000,
    "costAndExpenses": 4925000000,
    "interestIncome": 22000000,
    "interestExpense": 231000000,
    "depreciationAndAmortization": 201000000,
    "ebitda": 1441000000,
    "ebitdaratio": 0.2375144223,
    "operatingIncome": 1142000000,
    "operatingIncomeRatio": 0.1882314159,
    "totalOtherIncomeExpensesNet": -133000000,
    "incomeBeforeTax": 1009000000,
    "incomeBeforeTaxRatio": 0.1663095434,
    "incomeTaxExpense": 208000000,
    "netIncome": 788000000,
    "netIncomeRatio": 0.1298829735,
    "eps": 1.6,
    "epsdiluted": 1.59,
    "weightedAverageShsOut": 492000000,
    "weightedAverageShsOutDil": 496000000,
    "link": "https://www.sec.gov/Archives/edgar/data/62709/000006270925000015/0000062709-25-000015-index.htm",
    "finalLink": "https://www.sec.gov/Archives/edgar/data/62709/000006270925000015/mmc-20241231.htm"
  },
  {
    "date": "2024-09-30",
    "symbol": "MMC",
    "reportedCurrency": "USD",
    "cik": "0000062709",
    "fillingDate": "2024-10-17",
    "acceptedDate": "2024-10-17 16:17:43",
    "calendarYear": "2024",
    "period": "Q3",
    "revenue": 5697000000,
    "costOfRevenue": 3442000000,
    "grossProfit": 2255000000,
    "grossProfitRatio": 0.3958223626,
    "researchAndDevelopmentExpenses": 0,
    "generalAndAdministrativeExpenses": 0,
    "sellingAndMarketingExpenses": 0,
    "sellingGeneralAndAdministrativeExpenses": 0,
    "otherExpenses": 1147000000,
    "operatingExpenses": 1147000000,
    "costAndExpenses": 4589000000,
    "interestIncome": 12000000,
    "interestExpense": 154000000,
    "depreciationAndAmortization": 180000000,
    "ebitda": 1369000000,
    "ebitdaratio": 0.2403019133,
    "operatingIncome": 1108000000,
    "operatingIncomeRatio": 0.1944883272,
    "totalOtherIncomeExpensesNet": -73000000,
    "incomeBeforeTax": 1035000000,
    "incomeBeforeTaxRatio": 0.1816745656,
    "incomeTaxExpense": 283000000,
    "netIncome": 747000000,
    "netIncomeRatio": 0.131121643,
    "eps": 1.52,
    "epsdiluted": 1.51,
    "weightedAverageShsOut": 492000000,
    "weightedAverageShsOutDil": 496000000,
    "link": "https://www.sec.gov/Archives/edgar/data/62709/000006270924000092/0000062709-24-000092-index.htm",
    "finalLink": "https://www.sec.gov/Archives/edgar/data/62709/000006270924000092/mmc-20240930.htm"
  },
  {
    "date": "2024-06-30",
    "symbol": "MMC",
    "reportedCurrency": "USD",
    "cik": "0000062709",
    "fillingDate": "2024-07-18",
    "acceptedDate": "2024-07-18 16:18:20",
    "calendarYear": "2024",
    "period": "Q2",
    "revenue": 6221000000,
    "costOfRevenue": 3454000000,
    "grossProfit": 2767000000,
    "grossProfitRatio": 0.4447837968,
    "researchAndDevelopmentExpenses": 0,
    "generalAndAdministrativeExpenses": 0,
    "sellingAndMarketingExpenses": 0,
    "sellingGeneralAndAdministrativeExpenses": 0,
    "otherExpenses": 1125000000,
    "operatingExpenses": 1125000000,
    "costAndExpenses": 4579000000,
    "interestIncome": 12000000,
    "interestExpense": 156000000,
    "depreciationAndAmortization": 176000000,
    "ebitda": 1897000000,
    "ebitdaratio": 0.3049348979,
    "operatingIncome": 1642000000,
    "operatingIncomeRatio": 0.2639447034,
    "totalOtherIncomeExpensesNet": -77000000,
    "incomeBeforeTax": 1565000000,
    "incomeBeforeTaxRatio": 0.2515672721,
    "incomeTaxExpense": 425000000,
    "netIncome": 1125000000,
    "netIncomeRatio": 0.1808390934,
    "eps": 2.29,
    "epsdiluted": 2.27,
    "weightedAverageShsOut": 492000000,
    "weightedAverageShsOutDil": 496000000,
    "link": "https://www.sec.gov/Archives/edgar/data/62709/000006270924000071/0000062709-24-000071-index.htm",
    "finalLink": "https://www.sec.gov/Archives/edgar/data/62709/000006270924000071/mmc-20240630.htm"
  },
  {
    "date": "2024-03-31",
    "symbol": "MMC",
    "reportedCurrency": "USD",
    "cik": "0000062709",
    "fillingDate": "2024-04-18",
    "acceptedDate": "2024-04-18 16:48:58",
    "calendarYear": "2024",
    "period": "Q1",
    "revenue": 6473000000,
    "costOfRevenue": 3470000000,
    "grossProfit": 3003000000,
    "grossProfitRatio": 0.4639270817,
    "researchAndDevelopmentExpenses": 0,
    "generalAndAdministrativeExpenses": 0,
    "sellingAndMarketingExpenses": 0,
    "sellingGeneralAndAdministrativeExpenses": 0,
    "otherExpenses": 1078000000,
    "operatingExpenses": 1078000000,
    "costAndExpenses": 4548000000,
    "interestIncome": 37000000,
    "interestExpense": 159000000,
    "depreciationAndAmortization": 189000000,
    "ebitda": 2219000000,
    "ebitdaratio": 0.3428085895,
    "operatingIncome": 1925000000,
    "operatingIncomeRatio": 0.297389155,
    "totalOtherIncomeExpensesNet": -54000000,
    "incomeBeforeTax": 1871000000,
    "incomeBeforeTaxRatio": 0.2890468098,
    "incomeTaxExpense": 447000000,
    "netIncome": 1400000000,
    "netIncomeRatio": 0.2162830218,
    "eps": 2.85,
    "epsdiluted": 2.82,
    "weightedAverageShsOut": 492000000,
    "weightedAverageShsOutDil": 497000000,
    "link": "https://www.sec.gov/Archives/edgar/data/62709/000006270924000037/0000062709-24-000037-index.htm",
    "finalLink": "https://www.sec.gov/Archives/edgar/data/62709/000006270924000037/mmc-20240331.htm"
  },
  {
    "date": "2023-12-31",
    "symbol": "MMC",
    "reportedCurrency": "USD",
    "cik": "0000062709",
    "fillingDate": "2024-02-12",
    "acceptedDate": "2024-02-12 17:08:40",
    "calendarYear": "2023",
    "period": "Q4",
    "revenue": 5554000000,
    "costOfRevenue": 3268000000,
    "grossProfit": 2286000000,
    "grossProfitRatio": 0.4115952467,
    "researchAndDevelopmentExpenses": 0,
    "generalAndAdministrativeExpenses": 0,
    "sellingAndMarketingExpenses": 0,
    "sellingGeneralAndAdministrativeExpenses": 0,
    "otherExpenses": 1183000000,
    "operatingExpenses": 1183000000,
    "costAndExpenses": 4451000000,
    "interestIncome": 38000000,
    "interestExpense": 151000000,
    "depreciationAndAmortization": 186000000,
    "ebitda": 1385000000,
    "ebitdaratio": 0.2493698236,
    "operatingIncome": 1103000000,
    "operatingIncomeRatio": 0.1985956068,
    "totalOtherIncomeExpensesNet": -55000000,
    "incomeBeforeTax": 1048000000,
    "incomeBeforeTaxRatio": 0.188692834,
    "incomeTaxExpense": 283000000,
    "netIncome": 756000000,
    "netIncomeRatio": 0.1361181131,
    "eps": 1.53,
    "epsdiluted": 1.52,
    "weightedAverageShsOut": 493000000,
    "weightedAverageShsOutDil": 498000000,
    "link": "https://www.sec.gov/Archives/edgar/data/62709/000006270924000016/0000062709-24-000016-index.htm",
    "finalLink": "https://www.sec.gov/Archives/edgar/data/62709/000006270924000016/mmc-20231231.htm"
  },
  {
    "date": "2023-09-30",
    "symbol": "MMC",
    "reportedCurrency": "USD",
    "cik": "0000062709",
    "fillingDate": "2023-10-19",
    "acceptedDate": "2023-10-19 16:33:41",
    "calendarYear": "2023",
    "period": "Q3",
    "revenue": 5382000000,
    "costOfRevenue": 3287000000,
    "grossProfit": 2095000000,
    "grossProfitRatio": 0.389260498,
    "researchAndDevelopmentExpenses": 0,
    "generalAndAdministrativeExpenses": 0,
    "sellingAndMarketingExpenses": 0,
    "sellingGeneralAndAdministrativeExpenses": 0,
    "otherExpenses": 1099000000,
    "operatingExpenses": 1099000000,
    "costAndExpenses": 4386000000,
    "interestIncome": 16000000,
    "interestExpense": 145000000,
    "depreciationAndAmortization": 180000000,
    "ebitda": 1255000000,
    "ebitdaratio": 0.2331846897,
    "operatingIncome": 996000000,
    "operatingIncomeRatio": 0.1850613155,
    "totalOtherIncomeExpensesNet": -66000000,
    "incomeBeforeTax": 930000000,
    "incomeBeforeTaxRatio": 0.1727982163,
    "incomeTaxExpense": 192000000,
    "netIncome": 730000000,
    "netIncomeRatio": 0.1356373096,
    "eps": 1.48,
    "epsdiluted": 1.46,
    "weightedAverageShsOut": 494000000,
    "weightedAverageShsOutDil": 499000000,
    "link": "https://www.sec.gov/Archives/edgar/data/62709/000006270923000096/0000062709-23-000096-index.htm",
    "finalLink": "https://www.sec.gov/Archives/edgar/data/62709/000006270923000096/mmc-20230930.htm"
  },
  {
    "date": "2023-06-30",
    "symbol": "MMC",
    "reportedCurrency": "USD",
    "cik": "0000062709",
    "fillingDate": "2023-07-20",
    "acceptedDate": "2023-07-20 16:16:11",
    "calendarYear": "2023",
    "period": "Q2",
    "revenue": 5876000000,
    "costOfRevenue": 3337000000,
    "grossProfit": 2539000000,
    "grossProfitRatio": 0.4320966644,
    "researchAndDevelopmentExpenses": 0,
    "generalAndAdministrativeExpenses": 0,
    "sellingAndMarketingExpenses": 0,
    "sellingGeneralAndAdministrativeExpenses": 0,
    "otherExpenses": 1082000000,
    "operatingExpenses": 1082000000,
    "costAndExpenses": 4419000000,
    "interestIncome": 10000000,
    "interestExpense": 146000000,
    "depreciationAndAmortization": 178000000,
    "ebitda": 1708000000,
    "ebitdaratio": 0.2906739278,
    "operatingIncome": 1457000000,
    "operatingIncomeRatio": 0.2479577944,
    "totalOtherIncomeExpensesNet": -73000000,
    "incomeBeforeTax": 1384000000,
    "incomeBeforeTaxRatio": 0.2355343771,
    "incomeTaxExpense": 337000000,
    "netIncome": 1035000000,
    "netIncomeRatio": 0.1761402314,
    "eps": 2.09,
    "epsdiluted": 2.07,
    "weightedAverageShsOut": 495000000,
    "weightedAverageShsOutDil": 499000000,
    "link": "https://www.sec.gov/Archives/edgar/data/62709/000006270923000075/0000062709-23-000075-index.htm",
    "finalLink": "https://www.sec.gov/Archives/edgar/data/62709/000006270923000075/mmc-20230630.htm"
  },
  {
    "date": "2023-03-31",
    "symbol": "MMC",
    "reportedCurrency": "USD",
    "cik": "0000062709",
    "fillingDate": "2023-04-20",
    "acceptedDate": "2023-04-20 09:18:11",
    "calendarYear": "2023",
    "period": "Q1",
    "revenue": 5924000000,
    "costOfRevenue": 3207000000,
    "grossProfit": 2717000000,
    "grossProfitRatio": 0.4586428089,
    "researchAndDevelopmentExpenses": 0,
    "generalAndAdministrativeExpenses": 0,
    "sellingAndMarketingExpenses": 0,
    "sellingGeneralAndAdministrativeExpenses": 0,
    "otherExpenses": 991000000,
    "operatingExpenses": 991000000,
    "costAndExpenses": 4198000000,
    "interestIncome": 14000000,
    "interestExpense": 136000000,
    "depreciationAndAmortization": 169000000,
    "ebitda": 1969000000,
    "ebitdaratio": 0.3323767725,
    "operatingIncome": 1726000000,
    "operatingIncomeRatio": 0.2913571911,
    "totalOtherIncomeExpensesNet": -62000000,
    "incomeBeforeTax": 1664000000,
    "incomeBeforeTaxRatio": 0.2808912897,
    "incomeTaxExpense": 412000000,
    "netIncome": 1235000000,
    "netIncomeRatio": 0.2084740041,
    "eps": 2.49,
    "epsdiluted": 2.47,
    "weightedAverageShsOut": 495000000,
    "weightedAverageShsOutDil": 500000000,
    "link": "https://www.sec.gov/Archives/edgar/data/62709/000006270923000036/0000062709-23-000036-index.htm",
    "finalLink": "https://www.sec.gov/Archives/edgar/data/62709/000006270923000036/mmc-20230331.htm"
  },
  {
    "date": "2022-12-31",
    "symbol": "MMC",
    "reportedCurrency": "USD",
    "cik": "0000062709",
    "fillingDate": "2023-02-13",
    "acceptedDate": "2023-02-13 17:03:20",
    "calendarYear": "2022",
    "period": "Q4",
    "revenue": 5022000000,
    "costOfRevenue": 3038000000,
    "grossProfit": 1984000000,
    "grossProfitRatio": 0.3950617284,
    "researchAndDevelopmentExpenses": 0,
    "generalAndAdministrativeExpenses": 0,
    "sellingAndMarketingExpenses": 0,
    "sellingGeneralAndAdministrativeExpenses": 0,
    "otherExpenses": 1304000000,
    "operatingExpenses": 1304000000,
    "costAndExpenses": 4342000000,
    "interestIncome": 9000000,
    "interestExpense": 127000000,
    "depreciationAndAmortization": 202000000,
    "ebitda": 942000000,
    "ebitdaratio": 0.1875746714,
    "operatingIncome": 680000000,
    "operatingIncomeRatio": 0.1354042214,
    "totalOtherIncomeExpensesNet": -67000000,
    "incomeBeforeTax": 613000000,
    "incomeBeforeTaxRatio": 0.1220629231,
    "incomeTaxExpense": 142000000,
    "netIncome": 466000000,
    "netIncomeRatio": 0.0927917164,
    "eps": 0.94,
    "epsdiluted": 0.93,
    "weightedAverageShsOut": 496000000,
    "weightedAverageShsOutDil": 501000000,
    "link": "https://www.sec.gov/Archives/edgar/data/62709/000006270923000014/0000062709-23-000014-index.htm",
    "finalLink": "https://www.sec.gov/Archives/edgar/data/62709/000006270923000014/mmc-20221231.htm"
  },
  {
    "date": "2022-09-30",
    "symbol": "MMC",
    "reportedCurrency": "USD",
    "cik": "0000062709",
    "fillingDate": "2022-10-20",
    "acceptedDate": "2022-10-20 16:15:28",
    "calendarYear": "2022",
    "period": "Q3",
    "revenue": 4770000000,
    "costOfRevenue": 2923000000,
    "grossProfit": 1847000000,
    "grossProfitRatio": 0.38721174,
    "researchAndDevelopmentExpenses": 0,
    "generalAndAdministrativeExpenses": 0,
    "sellingAndMarketingExpenses": 0,
    "sellingGeneralAndAdministrativeExpenses": 0,
    "otherExpenses": 1056000000,
    "operatingExpenses": 1056000000,
    "costAndExpenses": 3979000000,
    "interestIncome": 4000000,
    "interestExpense": 118000000,
    "depreciationAndAmortization": 169000000,
    "ebitda": 1020000000,
    "ebitdaratio": 0.213836478,
    "operatingIncome": 791000000,
    "operatingIncomeRatio": 0.1658280922,
    "totalOtherIncomeExpensesNet": -58000000,
    "incomeBeforeTax": 733000000,
    "incomeBeforeTaxRatio": 0.1536687631,
    "incomeTaxExpense": 181000000,
    "netIncome": 546000000,
    "netIncomeRatio": 0.1144654088,
    "eps": 1.1,
    "epsdiluted": 1.09,
    "weightedAverageShsOut": 498000000,
    "weightedAverageShsOutDil": 503000000,
    "link": "https://www.sec.gov/Archives/edgar/data/62709/000006270922000081/0000062709-22-000081-index.htm",
    "finalLink": "https://www.sec.gov/Archives/edgar/data/62709/000006270922000081/mmc-20220930.htm"
  },
  {
    "date": "2022-06-30",
    "symbol": "MMC",
    "reportedCurrency": "USD",
    "cik": "0000062709",
    "fillingDate": "2022-07-21",
    "acceptedDate": "2022-07-21 16:24:06",
    "calendarYear": "2022",
    "period": "Q2",
    "revenue": 5379000000,
    "costOfRevenue": 3010000000,
    "grossProfit": 2369000000,
    "grossProfitRatio": 0.4404164343,
    "researchAndDevelopmentExpenses": 0,
    "generalAndAdministrativeExpenses": 0,
    "sellingAndMarketingExpenses": 0,
    "sellingGeneralAndAdministrativeExpenses": 0,
    "otherExpenses": 1005000000,
    "operatingExpenses": 1005000000,
    "costAndExpenses": 4015000000,
    "interestIncome": 1000000,
    "interestExpense": 114000000,
    "depreciationAndAmortization": 168000000,
    "ebitda": 1594000000,
    "ebitdaratio": 0.2963376092,
    "operatingIncome": 1364000000,
    "operatingIncomeRatio": 0.2535787321,
    "totalOtherIncomeExpensesNet": -52000000,
    "incomeBeforeTax": 1312000000,
    "incomeBeforeTaxRatio": 0.2439115077,
    "incomeTaxExpense": 334000000,
    "netIncome": 967000000,
    "netIncomeRatio": 0.179773192,
    "eps": 1.93,
    "epsdiluted": 1.91,
    "weightedAverageShsOut": 501000000,
    "weightedAverageShsOutDil": 506000000,
    "link": "https://www.sec.gov/Archives/edgar/data/62709/000006270922000066/0000062709-22-000066-index.htm",
    "finalLink": "https://www.sec.gov/Archives/edgar/data/62709/000006270922000066/mmc-20220630.htm"
  },
  {
    "date": "2022-03-31",
    "symbol": "MMC",
    "reportedCurrency": "USD",
    "cik": "0000062709",
    "fillingDate": "2022-04-21",
    "acceptedDate": "2022-04-21 16:19:08",
    "calendarYear": "2022",
    "period": "Q1",
    "revenue": 5549000000,
    "costOfRevenue": 3100000000,
    "grossProfit": 2449000000,
    "grossProfitRatio": 0.4413407821,
    "researchAndDevelopmentExpenses": 0,
    "generalAndAdministrativeExpenses": 0,
    "sellingAndMarketingExpenses": 0,
    "sellingGeneralAndAdministrativeExpenses": 0,
    "otherExpenses": 1004000000,
    "operatingExpenses": 1004000000,
    "costAndExpenses": 4104000000,
    "interestIncome": 1000000,
    "interestExpense": 110000000,
    "depreciationAndAmortization": 180000000,
    "ebitda": 1714000000,
    "ebitdaratio": 0.3088844837,
    "operatingIncome": 1445000000,
    "operatingIncomeRatio": 0.2604072806,
    "totalOtherIncomeExpensesNet": -21000000,
    "incomeBeforeTax": 1424000000,
    "incomeBeforeTaxRatio": 0.2566228149,
    "incomeTaxExpense": 338000000,
    "netIncome": 1071000000,
    "netIncomeRatio": 0.1930077491,
    "eps": 2.13,
    "epsdiluted": 2.1,
    "weightedAverageShsOut": 503000000,
    "weightedAverageShsOutDil": 509000000,
    "link": "https://www.sec.gov/Archives/edgar/data/62709/000006270922000025/0000062709-22-000025-index.htm",
    "finalLink": "https://www.sec.gov/Archives/edgar/data/62709/000006270922000025/mmc-20220331.htm"
  },
  {
    "date": "2021-12-31",
    "symbol": "MMC",
    "reportedCurrency": "USD",
    "cik": "0000062709",
    "fillingDate": "2022-02-16",
    "acceptedDate": "2022-02-16 16:46:23",
    "calendarYear": "2021",
    "period": "Q4",
    "revenue": 5137000000,
    "costOfRevenue": 2905000000,
    "grossProfit": 2232000000,
    "grossProfitRatio": 0.4344948413,
    "researchAndDevelopmentExpenses": 0,
    "generalAndAdministrativeExpenses": 0,
    "sellingAndMarketingExpenses": 0,
    "sellingGeneralAndAdministrativeExpenses": 0,
    "otherExpenses": 1246000000,
    "operatingExpenses": 1246000000,
    "costAndExpenses": 4151000000,
    "interestIncome": 0,
    "interestExpense": 109000000,
    "depreciationAndAmortization": 178000000,
    "ebitda": 1248000000,
    "ebitdaratio": 0.2429433522,
    "operatingIncome": 986000000,
    "operatingIncomeRatio": 0.1919408215,
    "totalOtherIncomeExpensesNet": -25000000,
    "incomeBeforeTax": 961000000,
    "incomeBeforeTaxRatio": 0.1870741678,
    "incomeTaxExpense": 154000000,
    "netIncome": 803000000,
    "netIncomeRatio": 0.1563169165,
    "eps": 1.59,
    "epsdiluted": 1.57,
    "weightedAverageShsOut": 504000000,
    "weightedAverageShsOutDil": 511000000,
    "link": "https://www.sec.gov/Archives/edgar/data/62709/000006270922000009/0000062709-22-000009-index.htm",
    "finalLink": "https://www.sec.gov/Archives/edgar/data/62709/000006270922000009/mmc-20211231.htm"
  },
  {
    "date": "2021-09-30",
    "symbol": "MMC",
    "reportedCurrency": "USD",
    "cik": "0000062709",
    "fillingDate": "2021-10-21",
    "acceptedDate": "2021-10-21 16:07:21",
    "calendarYear": "2021",
    "period": "Q3",
    "revenue": 4583000000,
    "costOfRevenue": 2853000000,
    "grossProfit": 1730000000,
    "grossProfitRatio": 0.3774819987,
    "researchAndDevelopmentExpenses": 0,
    "generalAndAdministrativeExpenses": 0,
    "sellingAndMarketingExpenses": 0,
    "sellingGeneralAndAdministrativeExpenses": 0,
    "otherExpenses": 990000000,
    "operatingExpenses": 990000000,
    "costAndExpenses": 3843000000,
    "interestIncome": 1000000,
    "interestExpense": 107000000,
    "depreciationAndAmortization": 179000000,
    "ebitda": 1002000000,
    "ebitdaratio": 0.2186340825,
    "operatingIncome": 740000000,
    "operatingIncomeRatio": 0.1614662885,
    "totalOtherIncomeExpensesNet": -24000000,
    "incomeBeforeTax": 716000000,
    "incomeBeforeTaxRatio": 0.156229544,
    "incomeTaxExpense": 174000000,
    "netIncome": 537000000,
    "netIncomeRatio": 0.117172158,
    "eps": 1.06,
    "epsdiluted": 1.05,
    "weightedAverageShsOut": 506000000,
    "weightedAverageShsOutDil": 513000000,
    "link": "https://www.sec.gov/Archives/edgar/data/62709/000006270921000047/0000062709-21-000047-index.htm",
    "finalLink": "https://www.sec.gov/Archives/edgar/data/62709/000006270921000047/mmc-20210930.htm"
  },
  {
    "date": "2021-06-30",
    "symbol": "MMC",
    "reportedCurrency": "USD",
    "cik": "0000062709",
    "fillingDate": "2021-07-22",
    "acceptedDate": "2021-07-22 16:20:24",
    "calendarYear": "2021",
    "period": "Q2",
    "revenue": 5017000000,
    "costOfRevenue": 2860000000,
    "grossProfit": 2157000000,
    "grossProfitRatio": 0.4299382101,
    "researchAndDevelopmentExpenses": 0,
    "generalAndAdministrativeExpenses": 0,
    "sellingAndMarketingExpenses": 0,
    "sellingGeneralAndAdministrativeExpenses": 0,
    "otherExpenses": 929000000,
    "operatingExpenses": 929000000,
    "costAndExpenses": 3789000000,
    "interestIncome": 1000000,
    "interestExpense": 110000000,
    "depreciationAndAmortization": 193000000,
    "ebitda": 1512000000,
    "ebitdaratio": 0.3013753239,
    "operatingIncome": 1228000000,
    "operatingIncomeRatio": 0.2447677895,
    "totalOtherIncomeExpensesNet": -19000000,
    "incomeBeforeTax": 1209000000,
    "incomeBeforeTaxRatio": 0.2409806657,
    "incomeTaxExpense": 382000000,
    "netIncome": 820000000,
    "netIncomeRatio": 0.1634442894,
    "eps": 1.61,
    "epsdiluted": 1.6,
    "weightedAverageShsOut": 508000000,
    "weightedAverageShsOutDil": 513000000,
    "link": "https://www.sec.gov/Archives/edgar/data/62709/000006270921000038/0000062709-21-000038-index.htm",
    "finalLink": "https://www.sec.gov/Archives/edgar/data/62709/000006270921000038/mmc-20210630.htm"
  },
  {
    "date": "2021-03-31",
    "symbol": "MMC",
    "reportedCurrency": "USD",
    "cik": "0000062709",
    "fillingDate": "2021-04-27",
    "acceptedDate": "2021-04-27 16:52:50",
    "calendarYear": "2021",
    "period": "Q1",
    "revenue": 5083000000,
    "costOfRevenue": 2807000000,
    "grossProfit": 2276000000,
    "grossProfitRatio": 0.4477670667,
    "researchAndDevelopmentExpenses": 0,
    "generalAndAdministrativeExpenses": 0,
    "sellingAndMarketingExpenses": 0,
    "sellingGeneralAndAdministrativeExpenses": 0,
    "otherExpenses": 918000000,
    "operatingExpenses": 918000000,
    "costAndExpenses": 3725000000,
    "interestIncome": 0,
    "interestExpense": 118000000,
    "depreciationAndAmortization": 197000000,
    "ebitda": 1637000000,
    "ebitdaratio": 0.3220539052,
    "operatingIncome": 1358000000,
    "operatingIncomeRatio": 0.26716506,
    "totalOtherIncomeExpensesNet": -36000000,
    "incomeBeforeTax": 1322000000,
    "incomeBeforeTaxRatio": 0.2600826284,
    "incomeTaxExpense": 324000000,
    "netIncome": 983000000,
    "netIncomeRatio": 0.1933897305,
    "eps": 1.93,
    "epsdiluted": 1.91,
    "weightedAverageShsOut": 509000000,
    "weightedAverageShsOutDil": 514000000,
    "link": "https://www.sec.gov/Archives/edgar/data/62709/000006270921000015/0000062709-21-000015-index.htm",
    "finalLink": "https://www.sec.gov/Archives/edgar/data/62709/000006270921000015/mmc-20210331.htm"
  },
  {
    "date": "2020-12-31",
    "symbol": "MMC",
    "reportedCurrency": "USD",
    "cik": "0000062709",
    "fillingDate": "2021-02-17",
    "acceptedDate": "2021-02-17 17:07:13",
    "calendarYear": "2020",
    "period": "Q4",
    "revenue": 4416000000,
    "costOfRevenue": 2650000000,
    "grossProfit": 1766000000,
    "grossProfitRatio": 0.3999094203,
    "researchAndDevelopmentExpenses": 0,
    "generalAndAdministrativeExpenses": 0,
    "sellingAndMarketingExpenses": 0,
    "sellingGeneralAndAdministrativeExpenses": 0,
    "otherExpenses": 1195000000,
    "operatingExpenses": 1195000000,
    "costAndExpenses": 3845000000,
    "interestIncome": 2000000,
    "interestExpense": 128000000,
    "depreciationAndAmortization": 194000000,
    "ebitda": 862000000,
    "ebitdaratio": 0.1951992754,
    "operatingIncome": 571000000,
    "operatingIncomeRatio": 0.1293025362,
    "totalOtherIncomeExpensesNet": -31000000,
    "incomeBeforeTax": 540000000,
    "incomeBeforeTaxRatio": 0.1222826087,
    "incomeTaxExpense": 161000000,
    "netIncome": 374000000,
    "netIncomeRatio": 0.084692029,
    "eps": 0.74,
    "epsdiluted": 0.73,
    "weightedAverageShsOut": 507000000,
    "weightedAverageShsOutDil": 513000000,
    "link": "https://www.sec.gov/Archives/edgar/data/62709/000006270921000008/0000062709-21-000008-index.htm",
    "finalLink": "https://www.sec.gov/Archives/edgar/data/62709/000006270921000008/mmc-20201231.htm"
  },
  {
    "date": "2020-09-30",
    "symbol": "MMC",
    "reportedCurrency": "USD",
    "cik": "0000062709",
    "fillingDate": "2020-10-30",
    "acceptedDate": "2020-10-30 07:31:35",
    "calendarYear": "2020",
    "period": "Q3",
    "revenue": 3968000000,
    "costOfRevenue": 2495000000,
    "grossProfit": 1473000000,
    "grossProfitRatio": 0.3712197581,
    "researchAndDevelopmentExpenses": 0,
    "generalAndAdministrativeExpenses": 0,
    "sellingAndMarketingExpenses": 0,
    "sellingGeneralAndAdministrativeExpenses": 0,
    "otherExpenses": 933000000,
    "operatingExpenses": 933000000,
    "costAndExpenses": 3428000000,
    "interestIncome": 1000000,
    "interestExpense": 128000000,
    "depreciationAndAmortization": 185000000,
    "ebitda": 772000000,
    "ebitdaratio": 0.1945564516,
    "operatingIncome": 540000000,
    "operatingIncomeRatio": 0.1360887097,
    "totalOtherIncomeExpensesNet": -81000000,
    "incomeBeforeTax": 459000000,
    "incomeBeforeTaxRatio": 0.1156754032,
    "incomeTaxExpense": 139000000,
    "netIncome": 316000000,
    "netIncomeRatio": 0.0796370968,
    "eps": 0.62,
    "epsdiluted": 0.62,
    "weightedAverageShsOut": 507000000,
    "weightedAverageShsOutDil": 512000000,
    "link": "https://www.sec.gov/Archives/edgar/data/62709/000006270920000053/0000062709-20-000053-index.htm",
    "finalLink": "https://www.sec.gov/Archives/edgar/data/62709/000006270920000053/mmc-20200930.htm"
  },
  {
    "date": "2020-06-30",
    "symbol": "MMC",
    "reportedCurrency": "USD",
    "cik": "0000062709",
    "fillingDate": "2020-07-31",
    "acceptedDate": "2020-07-31 08:40:13",
    "calendarYear": "2020",
    "period": "Q2",
    "revenue": 4189000000,
    "costOfRevenue": 2429000000,
    "grossProfit": 1760000000,
    "grossProfitRatio": 0.4201480067,
    "researchAndDevelopmentExpenses": 0,
    "generalAndAdministrativeExpenses": 0,
    "sellingAndMarketingExpenses": 0,
    "sellingGeneralAndAdministrativeExpenses": 0,
    "otherExpenses": 875000000,
    "operatingExpenses": 875000000,
    "costAndExpenses": 3304000000,
    "interestIncome": 2000000,
    "interestExpense": 132000000,
    "depreciationAndAmortization": 179000000,
    "ebitda": 1098000000,
    "ebitdaratio": 0.2621150633,
    "operatingIncome": 885000000,
    "operatingIncomeRatio": 0.2112676056,
    "totalOtherIncomeExpensesNet": -98000000,
    "incomeBeforeTax": 787000000,
    "incomeBeforeTaxRatio": 0.1878730007,
    "incomeTaxExpense": 207000000,
    "netIncome": 572000000,
    "netIncomeRatio": 0.1365481022,
    "eps": 1.13,
    "epsdiluted": 1.12,
    "weightedAverageShsOut": 506000000,
    "weightedAverageShsOutDil": 511000000,
    "link": "https://www.sec.gov/Archives/edgar/data/62709/000006270920000043/0000062709-20-000043-index.htm",
    "finalLink": "https://www.sec.gov/Archives/edgar/data/62709/000006270920000043/mmc0630202010q.htm"
  },
  {
    "date": "2020-03-31",
    "symbol": "MMC",
    "reportedCurrency": "USD",
    "cik": "0000062709",
    "fillingDate": "2020-05-01",
    "acceptedDate": "2020-05-01 07:32:34",
    "calendarYear": "2020",
    "period": "Q1",
    "revenue": 4651000000,
    "costOfRevenue": 2555000000,
    "grossProfit": 2096000000,
    "grossProfitRatio": 0.450655773,
    "researchAndDevelopmentExpenses": 0,
    "generalAndAdministrativeExpenses": 2555000000,
    "sellingAndMarketingExpenses": 0,
    "sellingGeneralAndAdministrativeExpenses": 2555000000,
    "otherExpenses": -1529000000,
    "operatingExpenses": 1026000000,
    "costAndExpenses": 3581000000,
    "interestIncome": 2000000,
    "interestExpense": 127000000,
    "depreciationAndAmortization": 183000000,
    "ebitda": 1317000000,
    "ebitdaratio": 0.2831649108,
    "operatingIncome": 1070000000,
    "operatingIncomeRatio": 0.230058052,
    "totalOtherIncomeExpensesNet": -63000000,
    "incomeBeforeTax": 1007000000,
    "incomeBeforeTaxRatio": 0.2165125779,
    "incomeTaxExpense": 240000000,
    "netIncome": 754000000,
    "netIncomeRatio": 0.162115674,
    "eps": 1.49,
    "epsdiluted": 1.48,
    "weightedAverageShsOut": 505000000,
    "weightedAverageShsOutDil": 510000000,
    "link": "https://www.sec.gov/Archives/edgar/data/62709/000006270920000024/0000062709-20-000024-index.htm",
    "finalLink": "https://www.sec.gov/Archives/edgar/data/62709/000006270920000024/mmc0331202010q.htm"
  },
  {
    "date": "2019-12-31",
    "symbol": "MMC",
    "reportedCurrency": "USD",
    "cik": "0000062709",
    "fillingDate": "2020-02-20",
    "acceptedDate": "2020-02-20 16:43:56",
    "calendarYear": "2019",
    "period": "Q4",
    "revenue": 4264000000,
    "costOfRevenue": 2478000000,
    "grossProfit": 1786000000,
    "grossProfitRatio": 0.4188555347,
    "researchAndDevelopmentExpenses": 0,
    "generalAndAdministrativeExpenses": 2478000000,
    "sellingAndMarketingExpenses": 0,
    "sellingGeneralAndAdministrativeExpenses": 2478000000,
    "otherExpenses": -1284000000,
    "operatingExpenses": 1194000000,
    "costAndExpenses": 3672000000,
    "interestIncome": 5000000,
    "interestExpense": 130000000,
    "depreciationAndAmortization": 167000000,
    "ebitda": 828000000,
    "ebitdaratio": 0.1941838649,
    "operatingIncome": 592000000,
    "operatingIncomeRatio": 0.138836773,
    "totalOtherIncomeExpensesNet": -61000000,
    "incomeBeforeTax": 531000000,
    "incomeBeforeTaxRatio": 0.1245309568,
    "incomeTaxExpense": 135000000,
    "netIncome": 391000000,
    "netIncomeRatio": 0.0916979362,
    "eps": 0.77,
    "epsdiluted": 0.76,
    "weightedAverageShsOut": 504000000,
    "weightedAverageShsOutDil": 510000000,
    "link": "https://www.sec.gov/Archives/edgar/data/62709/000006270920000010/0000062709-20-000010-index.htm",
    "finalLink": "https://www.sec.gov/Archives/edgar/data/62709/000006270920000010/mmc1231201910k.htm"
  },
  {
    "date": "2019-09-30",
    "symbol": "MMC",
    "reportedCurrency": "USD",
    "cik": "0000062709",
    "fillingDate": "2019-10-30",
    "acceptedDate": "2019-10-30 08:08:40",
    "calendarYear": "2019",
    "period": "Q3",
    "revenue": 3968000000,
    "costOfRevenue": 2437000000,
    "grossProfit": 1531000000,
    "grossProfitRatio": 0.3858366935,
    "researchAndDevelopmentExpenses": 0,
    "generalAndAdministrativeExpenses": 2437000000,
    "sellingAndMarketingExpenses": 0,
    "sellingGeneralAndAdministrativeExpenses": 2437000000,
    "otherExpenses": -1373000000,
    "operatingExpenses": 1064000000,
    "costAndExpenses": 3501000000,
    "interestIncome": 4000000,
    "interestExpense": 133000000,
    "depreciationAndAmortization": 170000000,
    "ebitda": 717000000,
    "ebitdaratio": 0.1806955645,
    "operatingIncome": 467000000,
    "operatingIncomeRatio": 0.1176915323,
    "totalOtherIncomeExpensesNet": -53000000,
    "incomeBeforeTax": 414000000,
    "incomeBeforeTaxRatio": 0.1043346774,
    "incomeTaxExpense": 108000000,
    "netIncome": 303000000,
    "netIncomeRatio": 0.0763608871,
    "eps": 0.6,
    "epsdiluted": 0.59,
    "weightedAverageShsOut": 506000000,
    "weightedAverageShsOutDil": 511000000,
    "link": "https://www.sec.gov/Archives/edgar/data/62709/000006270919000043/0000062709-19-000043-index.htm",
    "finalLink": "https://www.sec.gov/Archives/edgar/data/62709/000006270919000043/mmc0930201910q.htm"
  },
  {
    "date": "2019-06-30",
    "symbol": "MMC",
    "reportedCurrency": "USD",
    "cik": "0000062709",
    "fillingDate": "2019-08-02",
    "acceptedDate": "2019-08-02 08:18:35",
    "calendarYear": "2019",
    "period": "Q2",
    "revenue": 4349000000,
    "costOfRevenue": 2537000000,
    "grossProfit": 1812000000,
    "grossProfitRatio": 0.4166475052,
    "researchAndDevelopmentExpenses": 0,
    "generalAndAdministrativeExpenses": 2537000000,
    "sellingAndMarketingExpenses": 0,
    "sellingGeneralAndAdministrativeExpenses": 2537000000,
    "otherExpenses": -1405000000,
    "operatingExpenses": 1132000000,
    "costAndExpenses": 3669000000,
    "interestIncome": 2000000,
    "interestExpense": 141000000,
    "depreciationAndAmortization": 185000000,
    "ebitda": 876000000,
    "ebitdaratio": 0.2014256151,
    "operatingIncome": 680000000,
    "operatingIncomeRatio": 0.1563577834,
    "totalOtherIncomeExpensesNet": -130000000,
    "incomeBeforeTax": 550000000,
    "incomeBeforeTaxRatio": 0.1264658542,
    "incomeTaxExpense": 206000000,
    "netIncome": 332000000,
    "netIncomeRatio": 0.0763393884,
    "eps": 0.66,
    "epsdiluted": 0.65,
    "weightedAverageShsOut": 507000000,
    "weightedAverageShsOutDil": 512000000,
    "link": "https://www.sec.gov/Archives/edgar/data/62709/000006270919000037/0000062709-19-000037-index.htm",
    "finalLink": "https://www.sec.gov/Archives/edgar/data/62709/000006270919000037/mmc0630201910q.htm"
  },
  {
    "date": "2019-03-31",
    "symbol": "MMC",
    "reportedCurrency": "USD",
    "cik": "0000062709",
    "fillingDate": "2019-04-26",
    "acceptedDate": "2019-04-26 09:34:14",
    "calendarYear": "2019",
    "period": "Q1",
    "revenue": 4071000000,
    "costOfRevenue": 2282000000,
    "grossProfit": 1789000000,
    "grossProfitRatio": 0.4394497666,
    "researchAndDevelopmentExpenses": 0,
    "generalAndAdministrativeExpenses": 2282000000,
    "sellingAndMarketingExpenses": 0,
    "sellingGeneralAndAdministrativeExpenses": 2282000000,
    "otherExpenses": -1431000000,
    "operatingExpenses": 851000000,
    "costAndExpenses": 3133000000,
    "interestIncome": 28000000,
    "interestExpense": 120000000,
    "depreciationAndAmortization": 125000000,
    "ebitda": 1189000000,
    "ebitdaratio": 0.2920658315,
    "operatingIncome": 938000000,
    "operatingIncomeRatio": 0.2304102186,
    "totalOtherIncomeExpensesNet": 6000000,
    "incomeBeforeTax": 944000000,
    "incomeBeforeTaxRatio": 0.231884058,
    "incomeTaxExpense": 217000000,
    "netIncome": 716000000,
    "netIncomeRatio": 0.1758781626,
    "eps": 1.42,
    "epsdiluted": 1.4,
    "weightedAverageShsOut": 505000000,
    "weightedAverageShsOutDil": 511000000,
    "link": "https://www.sec.gov/Archives/edgar/data/62709/000006270919000016/0000062709-19-000016-index.htm",
    "finalLink": "https://www.sec.gov/Archives/edgar/data/62709/000006270919000016/mmc0331201910q.htm"
  },
  {
    "date": "2018-12-31",
    "symbol": "MMC",
    "reportedCurrency": "USD",
    "cik": "0000062709",
    "fillingDate": "2019-02-21",
    "acceptedDate": "2019-02-21 16:24:23",
    "calendarYear": "2018",
    "period": "Q4",
    "revenue": 3712000000,
    "costOfRevenue": 2163000000,
    "grossProfit": 1549000000,
    "grossProfitRatio": 0.4172952586,
    "researchAndDevelopmentExpenses": 0,
    "generalAndAdministrativeExpenses": 2163000000,
    "sellingAndMarketingExpenses": 0,
    "sellingGeneralAndAdministrativeExpenses": 2163000000,
    "otherExpenses": -1235000000,
    "operatingExpenses": 928000000,
    "costAndExpenses": 3091000000,
    "interestIncome": 3000000,
    "interestExpense": 92000000,
    "depreciationAndAmortization": 123000000,
    "ebitda": 439000000,
    "ebitdaratio": 0.1182650862,
    "operatingIncome": 621000000,
    "operatingIncomeRatio": 0.1672952586,
    "totalOtherIncomeExpensesNet": -397000000,
    "incomeBeforeTax": 224000000,
    "incomeBeforeTaxRatio": 0.0603448276,
    "incomeTaxExpense": 65000000,
    "netIncome": 153000000,
    "netIncomeRatio": 0.0412176724,
    "eps": 0.3,
    "epsdiluted": 0.3,
    "weightedAverageShsOut": 504000000,
    "weightedAverageShsOutDil": 509000000,
    "link": "https://www.sec.gov/Archives/edgar/data/62709/000006270919000010/0000062709-19-000010-index.htm",
    "finalLink": "https://www.sec.gov/Archives/edgar/data/62709/000006270919000010/mmc1231201810k.htm"
  },
  {
    "date": "2018-09-30",
    "symbol": "MMC",
    "reportedCurrency": "USD",
    "cik": "0000062709",
    "fillingDate": "2018-10-26",
    "acceptedDate": "2018-10-26 08:33:30",
    "calendarYear": "2018",
    "period": "Q3",
    "revenue": 3504000000,
    "costOfRevenue": 2083000000,
    "grossProfit": 1421000000,
    "grossProfitRatio": 0.4055365297,
    "researchAndDevelopmentExpenses": 0,
    "generalAndAdministrativeExpenses": 2083000000,
    "sellingAndMarketingExpenses": 0,
    "sellingGeneralAndAdministrativeExpenses": 2083000000,
    "otherExpenses": -1203000000,
    "operatingExpenses": 880000000,
    "costAndExpenses": 2963000000,
    "interestIncome": 2000000,
    "interestExpense": 69000000,
    "depreciationAndAmortization": 124000000,
    "ebitda": 578000000,
    "ebitdaratio": 0.1649543379,
    "operatingIncome": 541000000,
    "operatingIncomeRatio": 0.1543949772,
    "totalOtherIncomeExpensesNet": -156000000,
    "incomeBeforeTax": 385000000,
    "incomeBeforeTaxRatio": 0.1098744292,
    "incomeTaxExpense": 106000000,
    "netIncome": 276000000,
    "netIncomeRatio": 0.0787671233,
    "eps": 0.55,
    "epsdiluted": 0.54,
    "weightedAverageShsOut": 504000000,
    "weightedAverageShsOutDil": 510000000,
    "link": "https://www.sec.gov/Archives/edgar/data/62709/000006270918000039/0000062709-18-000039-index.htm",
    "finalLink": "https://www.sec.gov/Archives/edgar/data/62709/000006270918000039/mmc0930201810q.htm"
  },
  {
    "date": "2018-06-30",
    "symbol": "MMC",
    "reportedCurrency": "USD",
    "cik": "0000062709",
    "fillingDate": "2018-07-27",
    "acceptedDate": "2018-07-27 09:26:03",
    "calendarYear": "2018",
    "period": "Q2",
    "revenue": 3734000000,
    "costOfRevenue": 2135000000,
    "grossProfit": 1599000000,
    "grossProfitRatio": 0.4282271023,
    "researchAndDevelopmentExpenses": 0,
    "generalAndAdministrativeExpenses": 2135000000,
    "sellingAndMarketingExpenses": 0,
    "sellingGeneralAndAdministrativeExpenses": 2135000000,
    "otherExpenses": -1227000000,
    "operatingExpenses": 908000000,
    "costAndExpenses": 3043000000,
    "interestIncome": 3000000,
    "interestExpense": 68000000,
    "depreciationAndAmortization": 122000000,
    "ebitda": 909000000,
    "ebitdaratio": 0.2434386717,
    "operatingIncome": 691000000,
    "operatingIncomeRatio": 0.18505624,
    "totalOtherIncomeExpensesNet": 28000000,
    "incomeBeforeTax": 719000000,
    "incomeBeforeTaxRatio": 0.1925549009,
    "incomeTaxExpense": 183000000,
    "netIncome": 531000000,
    "netIncomeRatio": 0.1422067488,
    "eps": 1.05,
    "epsdiluted": 1.04,
    "weightedAverageShsOut": 507000000,
    "weightedAverageShsOutDil": 512000000,
    "link": "https://www.sec.gov/Archives/edgar/data/62709/000006270918000032/0000062709-18-000032-index.htm",
    "finalLink": "https://www.sec.gov/Archives/edgar/data/62709/000006270918000032/mmc0630201810q.htm"
  },
  {
    "date": "2018-03-31",
    "symbol": "MMC",
    "reportedCurrency": "USD",
    "cik": "0000062709",
    "fillingDate": "2018-04-27",
    "acceptedDate": "2018-04-27 16:03:05",
    "calendarYear": "2018",
    "period": "Q1",
    "revenue": 4000000000,
    "costOfRevenue": 2224000000,
    "grossProfit": 1776000000,
    "grossProfitRatio": 0.444,
    "researchAndDevelopmentExpenses": 0,
    "generalAndAdministrativeExpenses": 2224000000,
    "sellingAndMarketingExpenses": 0,
    "sellingGeneralAndAdministrativeExpenses": 2224000000,
    "otherExpenses": -1356000000,
    "operatingExpenses": 868000000,
    "costAndExpenses": 3092000000,
    "interestIncome": 3000000,
    "interestExpense": 61000000,
    "depreciationAndAmortization": 125000000,
    "ebitda": 1102000000,
    "ebitdaratio": 0.2755,
    "operatingIncome": 908000000,
    "operatingIncomeRatio": 0.227,
    "totalOtherIncomeExpensesNet": 8000000,
    "incomeBeforeTax": 916000000,
    "incomeBeforeTaxRatio": 0.229,
    "incomeTaxExpense": 220000000,
    "netIncome": 690000000,
    "netIncomeRatio": 0.1725,
    "eps": 1.36,
    "epsdiluted": 1.34,
    "weightedAverageShsOut": 508000000,
    "weightedAverageShsOutDil": 514000000,
    "link": "https://www.sec.gov/Archives/edgar/data/62709/000006270918000016/0000062709-18-000016-index.htm",
    "finalLink": "https://www.sec.gov/Archives/edgar/data/62709/000006270918000016/mmc0331201810q.htm"
  },
  {
    "date": "2017-12-31",
    "symbol": "MMC",
    "reportedCurrency": "USD",
    "cik": "0000062709",
    "fillingDate": "2018-02-22",
    "acceptedDate": "2018-02-22 16:18:46",
    "calendarYear": "2017",
    "period": "Q4",
    "revenue": 3685000000,
    "costOfRevenue": 2098000000,
    "grossProfit": 1587000000,
    "grossProfitRatio": 0.4306648575,
    "researchAndDevelopmentExpenses": 0,
    "generalAndAdministrativeExpenses": 2098000000,
    "sellingAndMarketingExpenses": 0,
    "sellingGeneralAndAdministrativeExpenses": 2098000000,
    "otherExpenses": -1197000000,
    "operatingExpenses": 901000000,
    "costAndExpenses": 2999000000,
    "interestIncome": 3000000,
    "interestExpense": 59000000,
    "depreciationAndAmortization": 125000000,
    "ebitda": 826000000,
    "ebitdaratio": 0.2241519674,
    "operatingIncome": 686000000,
    "operatingIncomeRatio": 0.1861601085,
    "totalOtherIncomeExpensesNet": -44000000,
    "incomeBeforeTax": 642000000,
    "incomeBeforeTaxRatio": 0.17421981,
    "incomeTaxExpense": 614000000,
    "netIncome": 29000000,
    "netIncomeRatio": 0.0078697422,
    "eps": 0.06,
    "epsdiluted": 0.06,
    "weightedAverageShsOut": 510000000,
    "weightedAverageShsOutDil": 517000000,
    "link": "https://www.sec.gov/Archives/edgar/data/62709/000006270918000007/0000062709-18-000007-index.htm",
    "finalLink": "https://www.sec.gov/Archives/edgar/data/62709/000006270918000007/mmc1231201710k.htm"
  },
  {
    "date": "2017-09-30",
    "symbol": "MMC",
    "reportedCurrency": "USD",
    "cik": "0000062709",
    "fillingDate": "2017-10-27",
    "acceptedDate": "2017-10-27 16:15:38",
    "calendarYear": "2017",
    "period": "Q3",
    "revenue": 3341000000,
    "costOfRevenue": 1906000000,
    "grossProfit": 1435000000,
    "grossProfitRatio": 0.4295121221,
    "researchAndDevelopmentExpenses": 0,
    "generalAndAdministrativeExpenses": 1968000000,
    "sellingAndMarketingExpenses": 0,
    "sellingGeneralAndAdministrativeExpenses": 1968000000,
    "otherExpenses": -1130000000,
    "operatingExpenses": 838000000,
    "costAndExpenses": 2806000000,
    "interestIncome": 2000000,
    "interestExpense": 60000000,
    "depreciationAndAmortization": 120000000,
    "ebitda": 717000000,
    "ebitdaratio": 0.2146064053,
    "operatingIncome": 535000000,
    "operatingIncomeRatio": 0.1601316971,
    "totalOtherIncomeExpensesNet": -60000000,
    "incomeBeforeTax": 537000000,
    "incomeBeforeTaxRatio": 0.1607303203,
    "incomeTaxExpense": 140000000,
    "netIncome": 393000000,
    "netIncomeRatio": 0.1176294523,
    "eps": 0.77,
    "epsdiluted": 0.76,
    "weightedAverageShsOut": 512000000,
    "weightedAverageShsOutDil": 519000000,
    "link": "https://www.sec.gov/Archives/edgar/data/62709/000006270917000035/0000062709-17-000035-index.htm",
    "finalLink": "https://www.sec.gov/Archives/edgar/data/62709/000006270917000035/mmc0930201710q.htm"
  },
  {
    "date": "2017-06-30",
    "symbol": "MMC",
    "reportedCurrency": "USD",
    "cik": "0000062709",
    "fillingDate": "2017-07-28",
    "acceptedDate": "2017-07-28 11:45:23",
    "calendarYear": "2017",
    "period": "Q2",
    "revenue": 3495000000,
    "costOfRevenue": 1935000000,
    "grossProfit": 1560000000,
    "grossProfitRatio": 0.4463519313,
    "researchAndDevelopmentExpenses": 0,
    "generalAndAdministrativeExpenses": 1998000000,
    "sellingAndMarketingExpenses": 0,
    "sellingGeneralAndAdministrativeExpenses": 1998000000,
    "otherExpenses": -1202000000,
    "operatingExpenses": 796000000,
    "costAndExpenses": 2794000000,
    "interestIncome": 2000000,
    "interestExpense": 60000000,
    "depreciationAndAmortization": 116000000,
    "ebitda": 887000000,
    "ebitdaratio": 0.2537911302,
    "operatingIncome": 701000000,
    "operatingIncomeRatio": 0.2005722461,
    "totalOtherIncomeExpensesNet": 10000000,
    "incomeBeforeTax": 711000000,
    "incomeBeforeTaxRatio": 0.2034334764,
    "incomeTaxExpense": 204000000,
    "netIncome": 501000000,
    "netIncomeRatio": 0.1433476395,
    "eps": 0.98,
    "epsdiluted": 0.96,
    "weightedAverageShsOut": 514000000,
    "weightedAverageShsOutDil": 520000000,
    "link": "https://www.sec.gov/Archives/edgar/data/62709/000006270917000029/0000062709-17-000029-index.htm",
    "finalLink": "https://www.sec.gov/Archives/edgar/data/62709/000006270917000029/mmc0630201710q.htm"
  },
  {
    "date": "2017-03-31",
    "symbol": "MMC",
    "reportedCurrency": "USD",
    "cik": "0000062709",
    "fillingDate": "2017-04-28",
    "acceptedDate": "2017-04-28 15:47:06",
    "calendarYear": "2017",
    "period": "Q1",
    "revenue": 3503000000,
    "costOfRevenue": 1945000000,
    "grossProfit": 1558000000,
    "grossProfitRatio": 0.4447616329,
    "researchAndDevelopmentExpenses": 0,
    "generalAndAdministrativeExpenses": 2005000000,
    "sellingAndMarketingExpenses": 0,
    "sellingGeneralAndAdministrativeExpenses": 2005000000,
    "otherExpenses": -1256000000,
    "operatingExpenses": 749000000,
    "costAndExpenses": 2754000000,
    "interestIncome": 2000000,
    "interestExpense": 58000000,
    "depreciationAndAmortization": 120000000,
    "ebitda": 931000000,
    "ebitdaratio": 0.2657721953,
    "operatingIncome": 749000000,
    "operatingIncomeRatio": 0.2138167285,
    "totalOtherIncomeExpensesNet": 4000000,
    "incomeBeforeTax": 753000000,
    "incomeBeforeTaxRatio": 0.2149586069,
    "incomeTaxExpense": 175000000,
    "netIncome": 569000000,
    "netIncomeRatio": 0.162432201,
    "eps": 1.1,
    "epsdiluted": 1.09,
    "weightedAverageShsOut": 515000000,
    "weightedAverageShsOutDil": 522000000,
    "link": "https://www.sec.gov/Archives/edgar/data/62709/000006270917000015/0000062709-17-000015-index.htm",
    "finalLink": "https://www.sec.gov/Archives/edgar/data/62709/000006270917000015/mmc0331201710q.htm"
  },
  {
    "date": "2016-12-31",
    "symbol": "MMC",
    "reportedCurrency": "USD",
    "cik": "0000062709",
    "fillingDate": "2017-02-24",
    "acceptedDate": "2017-02-24 14:08:14",
    "calendarYear": "2016",
    "period": "Q4",
    "revenue": 3364000000,
    "costOfRevenue": 1918000000,
    "grossProfit": 1446000000,
    "grossProfitRatio": 0.4298454221,
    "researchAndDevelopmentExpenses": 0,
    "generalAndAdministrativeExpenses": 1918000000,
    "sellingAndMarketingExpenses": 0,
    "sellingGeneralAndAdministrativeExpenses": 1918000000,
    "otherExpenses": -1105000000,
    "operatingExpenses": 813000000,
    "costAndExpenses": 2731000000,
    "interestIncome": 1000000,
    "interestExpense": 48000000,
    "depreciationAndAmortization": 108000000,
    "ebitda": 744000000,
    "ebitdaratio": 0.2211652794,
    "operatingIncome": 633000000,
    "operatingIncomeRatio": 0.1881688466,
    "totalOtherIncomeExpensesNet": -45000000,
    "incomeBeforeTax": 588000000,
    "incomeBeforeTaxRatio": 0.1747919144,
    "incomeTaxExpense": 147000000,
    "netIncome": 436000000,
    "netIncomeRatio": 0.12960761,
    "eps": 0.85,
    "epsdiluted": 0.84,
    "weightedAverageShsOut": 515000000,
    "weightedAverageShsOutDil": 521000000,
    "link": "https://www.sec.gov/Archives/edgar/data/62709/000006270917000008/0000062709-17-000008-index.htm",
    "finalLink": "https://www.sec.gov/Archives/edgar/data/62709/000006270917000008/mmc1231201610k.htm"
  },
  {
    "date": "2016-09-30",
    "symbol": "MMC",
    "reportedCurrency": "USD",
    "cik": "0000062709",
    "fillingDate": "2016-10-28",
    "acceptedDate": "2016-10-28 13:36:14",
    "calendarYear": "2016",
    "period": "Q3",
    "revenue": 3135000000,
    "costOfRevenue": 1817000000,
    "grossProfit": 1318000000,
    "grossProfitRatio": 0.420414673,
    "researchAndDevelopmentExpenses": 0,
    "generalAndAdministrativeExpenses": 1817000000,
    "sellingAndMarketingExpenses": 0,
    "sellingGeneralAndAdministrativeExpenses": 1817000000,
    "otherExpenses": -1071000000,
    "operatingExpenses": 746000000,
    "costAndExpenses": 2563000000,
    "interestIncome": 0,
    "interestExpense": 47000000,
    "depreciationAndAmortization": 109000000,
    "ebitda": 681000000,
    "ebitdaratio": 0.2172248804,
    "operatingIncome": 572000000,
    "operatingIncomeRatio": 0.1824561404,
    "totalOtherIncomeExpensesNet": -47000000,
    "incomeBeforeTax": 525000000,
    "incomeBeforeTaxRatio": 0.1674641148,
    "incomeTaxExpense": 141000000,
    "netIncome": 379000000,
    "netIncomeRatio": 0.1208931419,
    "eps": 0.73,
    "epsdiluted": 0.73,
    "weightedAverageShsOut": 518000000,
    "weightedAverageShsOutDil": 523000000,
    "link": "https://www.sec.gov/Archives/edgar/data/62709/000006270916000082/0000062709-16-000082-index.htm",
    "finalLink": "https://www.sec.gov/Archives/edgar/data/62709/000006270916000082/mmc0930201610q.htm"
  },
  {
    "date": "2016-06-30",
    "symbol": "MMC",
    "reportedCurrency": "USD",
    "cik": "0000062709",
    "fillingDate": "2016-08-01",
    "acceptedDate": "2016-08-01 16:46:00",
    "calendarYear": "2016",
    "period": "Q2",
    "revenue": 3376000000,
    "costOfRevenue": 1872000000,
    "grossProfit": 1504000000,
    "grossProfitRatio": 0.4454976303,
    "researchAndDevelopmentExpenses": 0,
    "generalAndAdministrativeExpenses": 1872000000,
    "sellingAndMarketingExpenses": 0,
    "sellingGeneralAndAdministrativeExpenses": 1872000000,
    "otherExpenses": -1094000000,
    "operatingExpenses": 778000000,
    "costAndExpenses": 2650000000,
    "interestIncome": 2000000,
    "interestExpense": 48000000,
    "depreciationAndAmortization": 110000000,
    "ebitda": 839000000,
    "ebitdaratio": 0.2485189573,
    "operatingIncome": 726000000,
    "operatingIncomeRatio": 0.2150473934,
    "totalOtherIncomeExpensesNet": -45000000,
    "incomeBeforeTax": 681000000,
    "incomeBeforeTaxRatio": 0.2017180095,
    "incomeTaxExpense": 201000000,
    "netIncome": 472000000,
    "netIncomeRatio": 0.1398104265,
    "eps": 0.91,
    "epsdiluted": 0.9,
    "weightedAverageShsOut": 521000000,
    "weightedAverageShsOutDil": 525000000,
    "link": "https://www.sec.gov/Archives/edgar/data/62709/000006270916000068/0000062709-16-000068-index.htm",
    "finalLink": "https://www.sec.gov/Archives/edgar/data/62709/000006270916000068/mmc0630201610q.htm"
  },
  {
    "date": "2016-03-31",
    "symbol": "MMC",
    "reportedCurrency": "USD",
    "cik": "0000062709",
    "fillingDate": "2016-05-02",
    "acceptedDate": "2016-05-02 16:34:56",
    "calendarYear": "2016",
    "period": "Q1",
    "revenue": 3336000000,
    "costOfRevenue": 1854000000,
    "grossProfit": 1482000000,
    "grossProfitRatio": 0.4442446043,
    "researchAndDevelopmentExpenses": 0,
    "generalAndAdministrativeExpenses": 1854000000,
    "sellingAndMarketingExpenses": 0,
    "sellingGeneralAndAdministrativeExpenses": 1854000000,
    "otherExpenses": -1105000000,
    "operatingExpenses": 749000000,
    "costAndExpenses": 2603000000,
    "interestIncome": 2000000,
    "interestExpense": 46000000,
    "depreciationAndAmortization": 111000000,
    "ebitda": 843000000,
    "ebitdaratio": 0.2526978417,
    "operatingIncome": 733000000,
    "operatingIncomeRatio": 0.2197242206,
    "totalOtherIncomeExpensesNet": -47000000,
    "incomeBeforeTax": 686000000,
    "incomeBeforeTaxRatio": 0.2056354916,
    "incomeTaxExpense": 196000000,
    "netIncome": 481000000,
    "netIncomeRatio": 0.1441846523,
    "eps": 0.92,
    "epsdiluted": 0.91,
    "weightedAverageShsOut": 521000000,
    "weightedAverageShsOutDil": 526000000,
    "link": "https://www.sec.gov/Archives/edgar/data/62709/000006270916000051/0000062709-16-000051-index.htm",
    "finalLink": "https://www.sec.gov/Archives/edgar/data/62709/000006270916000051/mmc0331201610q.htm"
  },
  {
    "date": "2015-12-31",
    "symbol": "MMC",
    "reportedCurrency": "USD",
    "cik": "0000062709",
    "fillingDate": "2016-02-24",
    "acceptedDate": "2016-02-24 15:51:04",
    "calendarYear": "2015",
    "period": "Q4",
    "revenue": 3338000000,
    "costOfRevenue": 1900000000,
    "grossProfit": 1438000000,
    "grossProfitRatio": 0.4307968844,
    "researchAndDevelopmentExpenses": 0,
    "generalAndAdministrativeExpenses": 1900000000,
    "sellingAndMarketingExpenses": 0,
    "sellingGeneralAndAdministrativeExpenses": 1900000000,
    "otherExpenses": -1056000000,
    "operatingExpenses": 844000000,
    "costAndExpenses": 2744000000,
    "interestIncome": 4000000,
    "interestExpense": 46000000,
    "depreciationAndAmortization": 111000000,
    "ebitda": 708000000,
    "ebitdaratio": 0.2121030557,
    "operatingIncome": 594000000,
    "operatingIncomeRatio": 0.1779508688,
    "totalOtherIncomeExpensesNet": -43000000,
    "incomeBeforeTax": 551000000,
    "incomeBeforeTaxRatio": 0.1650689035,
    "incomeTaxExpense": 171000000,
    "netIncome": 375000000,
    "netIncomeRatio": 0.1123427202,
    "eps": 0.72,
    "epsdiluted": 0.71,
    "weightedAverageShsOut": 522000000,
    "weightedAverageShsOutDil": 527000000,
    "link": "https://www.sec.gov/Archives/edgar/data/62709/000006270916000040/0000062709-16-000040-index.htm",
    "finalLink": "https://www.sec.gov/Archives/edgar/data/62709/000006270916000040/mmc1231201510k.htm"
  },
  {
    "date": "2015-09-30",
    "symbol": "MMC",
    "reportedCurrency": "USD",
    "cik": "0000062709",
    "fillingDate": "2015-10-29",
    "acceptedDate": "2015-10-29 17:15:50",
    "calendarYear": "2015",
    "period": "Q3",
    "revenue": 3115000000,
    "costOfRevenue": 1878000000,
    "grossProfit": 1237000000,
    "grossProfitRatio": 0.3971107544,
    "researchAndDevelopmentExpenses": 0,
    "generalAndAdministrativeExpenses": 1878000000,
    "sellingAndMarketingExpenses": 0,
    "sellingGeneralAndAdministrativeExpenses": 1878000000,
    "otherExpenses": -1102000000,
    "operatingExpenses": 776000000,
    "costAndExpenses": 2654000000,
    "interestIncome": 3000000,
    "interestExpense": 41000000,
    "depreciationAndAmortization": 108000000,
    "ebitda": 606000000,
    "ebitdaratio": 0.1945425361,
    "operatingIncome": 461000000,
    "operatingIncomeRatio": 0.1479935795,
    "totalOtherIncomeExpensesNet": -4000000,
    "incomeBeforeTax": 457000000,
    "incomeBeforeTaxRatio": 0.1467094703,
    "incomeTaxExpense": 128000000,
    "netIncome": 323000000,
    "netIncomeRatio": 0.1036918138,
    "eps": 0.61,
    "epsdiluted": 0.61,
    "weightedAverageShsOut": 528000000,
    "weightedAverageShsOutDil": 533000000,
    "link": "https://www.sec.gov/Archives/edgar/data/62709/000006270915000032/0000062709-15-000032-index.htm",
    "finalLink": "https://www.sec.gov/Archives/edgar/data/62709/000006270915000032/mmc0930201510q.htm"
  },
  {
    "date": "2015-06-30",
    "symbol": "MMC",
    "reportedCurrency": "USD",
    "cik": "0000062709",
    "fillingDate": "2015-07-31",
    "acceptedDate": "2015-07-31 12:16:08",
    "calendarYear": "2015",
    "period": "Q2",
    "revenue": 3225000000,
    "costOfRevenue": 1826000000,
    "grossProfit": 1399000000,
    "grossProfitRatio": 0.4337984496,
    "researchAndDevelopmentExpenses": 0,
    "generalAndAdministrativeExpenses": 1826000000,
    "sellingAndMarketingExpenses": 0,
    "sellingGeneralAndAdministrativeExpenses": 1826000000,
    "otherExpenses": -1056000000,
    "operatingExpenses": 770000000,
    "costAndExpenses": 2596000000,
    "interestIncome": 3000000,
    "interestExpense": 40000000,
    "depreciationAndAmortization": 103000000,
    "ebitda": 738000000,
    "ebitdaratio": 0.2288372093,
    "operatingIncome": 629000000,
    "operatingIncomeRatio": 0.1950387597,
    "totalOtherIncomeExpensesNet": -34000000,
    "incomeBeforeTax": 595000000,
    "incomeBeforeTaxRatio": 0.184496124,
    "incomeTaxExpense": 166000000,
    "netIncome": 419000000,
    "netIncomeRatio": 0.1299224806,
    "eps": 0.78,
    "epsdiluted": 0.77,
    "weightedAverageShsOut": 535000000,
    "weightedAverageShsOutDil": 541000000,
    "link": "https://www.sec.gov/Archives/edgar/data/62709/000006270915000023/0000062709-15-000023-index.htm",
    "finalLink": "https://www.sec.gov/Archives/edgar/data/62709/000006270915000023/mmc0630201510q.htm"
  },
  {
    "date": "2015-03-31",
    "symbol": "MMC",
    "reportedCurrency": "USD",
    "cik": "0000062709",
    "fillingDate": "2015-05-04",
    "acceptedDate": "2015-05-04 15:02:39",
    "calendarYear": "2015",
    "period": "Q1",
    "revenue": 3215000000,
    "costOfRevenue": 1730000000,
    "grossProfit": 1485000000,
    "grossProfitRatio": 0.4618973561,
    "researchAndDevelopmentExpenses": 0,
    "generalAndAdministrativeExpenses": 1730000000,
    "sellingAndMarketingExpenses": 0,
    "sellingGeneralAndAdministrativeExpenses": 1730000000,
    "otherExpenses": -980000000,
    "operatingExpenses": 750000000,
    "costAndExpenses": 2480000000,
    "interestIncome": 3000000,
    "interestExpense": 36000000,
    "depreciationAndAmortization": 101000000,
    "ebitda": 841000000,
    "ebitdaratio": 0.2615863142,
    "operatingIncome": 735000000,
    "operatingIncomeRatio": 0.2286158631,
    "totalOtherIncomeExpensesNet": -31000000,
    "incomeBeforeTax": 704000000,
    "incomeBeforeTaxRatio": 0.2189735614,
    "incomeTaxExpense": 206000000,
    "netIncome": 482000000,
    "netIncomeRatio": 0.1499222395,
    "eps": 0.89,
    "epsdiluted": 0.88,
    "weightedAverageShsOut": 539000000,
    "weightedAverageShsOutDil": 545000000,
    "link": "https://www.sec.gov/Archives/edgar/data/62709/000006270915000010/0000062709-15-000010-index.htm",
    "finalLink": "https://www.sec.gov/Archives/edgar/data/62709/000006270915000010/mmc0331201510q.htm"
  },
  {
    "date": "2014-12-31",
    "symbol": "MMC",
    "reportedCurrency": "USD",
    "cik": "0000062709",
    "fillingDate": "2015-02-26",
    "acceptedDate": "2015-02-26 15:14:36",
    "calendarYear": "2014",
    "period": "Q4",
    "revenue": 3246000000,
    "costOfRevenue": 1896000000,
    "grossProfit": 1350000000,
    "grossProfitRatio": 0.415896488,
    "researchAndDevelopmentExpenses": 0,
    "generalAndAdministrativeExpenses": 1896000000,
    "sellingAndMarketingExpenses": 0,
    "sellingGeneralAndAdministrativeExpenses": 1896000000,
    "otherExpenses": -1082000000,
    "operatingExpenses": 814000000,
    "costAndExpenses": 2710000000,
    "interestIncome": 5000000,
    "interestExpense": 36000000,
    "depreciationAndAmortization": 99000000,
    "ebitda": 503000000,
    "ebitdaratio": 0.1549599507,
    "operatingIncome": 536000000,
    "operatingIncomeRatio": 0.1651263093,
    "totalOtherIncomeExpensesNet": -168000000,
    "incomeBeforeTax": 368000000,
    "incomeBeforeTaxRatio": 0.1133703019,
    "incomeTaxExpense": 99000000,
    "netIncome": 294000000,
    "netIncomeRatio": 0.0905730129,
    "eps": 0.54,
    "epsdiluted": 0.54,
    "weightedAverageShsOut": 541000000,
    "weightedAverageShsOutDil": 548000000,
    "link": "https://www.sec.gov/Archives/edgar/data/62709/000006270915000005/0000062709-15-000005-index.htm",
    "finalLink": "https://www.sec.gov/Archives/edgar/data/62709/000006270915000005/mmc-1231201410k.htm"
  },
  {
    "date": "2014-09-30",
    "symbol": "MMC",
    "reportedCurrency": "USD",
    "cik": "0000062709",
    "fillingDate": "2014-11-04",
    "acceptedDate": "2014-11-04 17:03:16",
    "calendarYear": "2014",
    "period": "Q3",
    "revenue": 3141000000,
    "costOfRevenue": 1904000000,
    "grossProfit": 1237000000,
    "grossProfitRatio": 0.393823623,
    "researchAndDevelopmentExpenses": 0,
    "generalAndAdministrativeExpenses": 1904000000,
    "sellingAndMarketingExpenses": 0,
    "sellingGeneralAndAdministrativeExpenses": 1904000000,
    "otherExpenses": -1112000000,
    "operatingExpenses": 792000000,
    "costAndExpenses": 2696000000,
    "interestIncome": 6000000,
    "interestExpense": 45000000,
    "depreciationAndAmortization": 98000000,
    "ebitda": 575000000,
    "ebitdaratio": 0.1830627189,
    "operatingIncome": 445000000,
    "operatingIncomeRatio": 0.1416746259,
    "totalOtherIncomeExpensesNet": -13000000,
    "incomeBeforeTax": 432000000,
    "incomeBeforeTaxRatio": 0.1375358166,
    "incomeTaxExpense": 127000000,
    "netIncome": 297000000,
    "netIncomeRatio": 0.0945558739,
    "eps": 0.55,
    "epsdiluted": 0.54,
    "weightedAverageShsOut": 544000000,
    "weightedAverageShsOutDil": 551000000,
    "link": "https://www.sec.gov/Archives/edgar/data/62709/000006270914000038/0000062709-14-000038-index.htm",
    "finalLink": "https://www.sec.gov/Archives/edgar/data/62709/000006270914000038/mmc0930201410q.htm"
  },
  {
    "date": "2014-06-30",
    "symbol": "MMC",
    "reportedCurrency": "USD",
    "cik": "0000062709",
    "fillingDate": "2014-08-04",
    "acceptedDate": "2014-08-04 16:20:22",
    "calendarYear": "2014",
    "period": "Q2",
    "revenue": 3300000000,
    "costOfRevenue": 1876000000,
    "grossProfit": 1424000000,
    "grossProfitRatio": 0.4315151515,
    "researchAndDevelopmentExpenses": 0,
    "generalAndAdministrativeExpenses": 1876000000,
    "sellingAndMarketingExpenses": 0,
    "sellingGeneralAndAdministrativeExpenses": 1876000000,
    "otherExpenses": -1099000000,
    "operatingExpenses": 777000000,
    "costAndExpenses": 2653000000,
    "interestIncome": 5000000,
    "interestExpense": 42000000,
    "depreciationAndAmortization": 94000000,
    "ebitda": 744000000,
    "ebitdaratio": 0.2254545455,
    "operatingIncome": 647000000,
    "operatingIncomeRatio": 0.1960606061,
    "totalOtherIncomeExpensesNet": -39000000,
    "incomeBeforeTax": 608000000,
    "incomeBeforeTaxRatio": 0.1842424242,
    "incomeTaxExpense": 168000000,
    "netIncome": 431000000,
    "netIncomeRatio": 0.1306060606,
    "eps": 0.78,
    "epsdiluted": 0.77,
    "weightedAverageShsOut": 549000000,
    "weightedAverageShsOutDil": 556000000,
    "link": "https://www.sec.gov/Archives/edgar/data/62709/000006270914000032/0000062709-14-000032-index.htm",
    "finalLink": "https://www.sec.gov/Archives/edgar/data/62709/000006270914000032/mmc0630201410q.htm"
  },
  {
    "date": "2014-03-31",
    "symbol": "MMC",
    "reportedCurrency": "USD",
    "cik": "0000062709",
    "fillingDate": "2014-05-08",
    "acceptedDate": "2014-05-08 16:04:10",
    "calendarYear": "2014",
    "period": "Q1",
    "revenue": 3264000000,
    "costOfRevenue": 1839000000,
    "grossProfit": 1425000000,
    "grossProfitRatio": 0.4365808824,
    "researchAndDevelopmentExpenses": 0,
    "generalAndAdministrativeExpenses": 1839000000,
    "sellingAndMarketingExpenses": 0,
    "sellingGeneralAndAdministrativeExpenses": 1839000000,
    "otherExpenses": -1087000000,
    "operatingExpenses": 752000000,
    "costAndExpenses": 2591000000,
    "interestIncome": 5000000,
    "interestExpense": 42000000,
    "depreciationAndAmortization": 97000000,
    "ebitda": 788000000,
    "ebitdaratio": 0.2414215686,
    "operatingIncome": 673000000,
    "operatingIncomeRatio": 0.2061887255,
    "totalOtherIncomeExpensesNet": -24000000,
    "incomeBeforeTax": 649000000,
    "incomeBeforeTaxRatio": 0.1988357843,
    "incomeTaxExpense": 192000000,
    "netIncome": 443000000,
    "netIncomeRatio": 0.1357230392,
    "eps": 0.81,
    "epsdiluted": 0.8,
    "weightedAverageShsOut": 548000000,
    "weightedAverageShsOutDil": 556000000,
    "link": "https://www.sec.gov/Archives/edgar/data/62709/000006270914000013/0000062709-14-000013-index.htm",
    "finalLink": "https://www.sec.gov/Archives/edgar/data/62709/000006270914000013/mmc0331201410q.htm"
  },
  {
    "date": "2013-12-31",
    "symbol": "MMC",
    "reportedCurrency": "USD",
    "cik": "0000062709",
    "fillingDate": "2014-02-27",
    "acceptedDate": "2014-02-27 15:12:00",
    "calendarYear": "2013",
    "period": "Q4",
    "revenue": 3115000000,
    "costOfRevenue": 1833000000,
    "grossProfit": 1282000000,
    "grossProfitRatio": 0.4115569823,
    "researchAndDevelopmentExpenses": 0,
    "generalAndAdministrativeExpenses": 1833000000,
    "sellingAndMarketingExpenses": 0,
    "sellingGeneralAndAdministrativeExpenses": 1833000000,
    "otherExpenses": -1040000000,
    "operatingExpenses": 793000000,
    "costAndExpenses": 2626000000,
    "interestIncome": 5000000,
    "interestExpense": 43000000,
    "depreciationAndAmortization": 92000000,
    "ebitda": 573000000,
    "ebitdaratio": 0.1839486356,
    "operatingIncome": 489000000,
    "operatingIncomeRatio": 0.1569823435,
    "totalOtherIncomeExpensesNet": -51000000,
    "incomeBeforeTax": 438000000,
    "incomeBeforeTaxRatio": 0.1406099518,
    "incomeTaxExpense": 131000000,
    "netIncome": 303000000,
    "netIncomeRatio": 0.0972712681,
    "eps": 0.55,
    "epsdiluted": 0.54,
    "weightedAverageShsOut": 548000000,
    "weightedAverageShsOutDil": 557000000,
    "link": "https://www.sec.gov/Archives/edgar/data/62709/000006270914000008/0000062709-14-000008-index.htm",
    "finalLink": "https://www.sec.gov/Archives/edgar/data/62709/000006270914000008/mmc-1231201310k.htm"
  },
  {
    "date": "2013-09-30",
    "symbol": "MMC",
    "reportedCurrency": "USD",
    "cik": "0000062709",
    "fillingDate": "2013-11-07",
    "acceptedDate": "2013-11-07 16:13:15",
    "calendarYear": "2013",
    "period": "Q3",
    "revenue": 2932000000,
    "costOfRevenue": 1824000000,
    "grossProfit": 1108000000,
    "grossProfitRatio": 0.377899045,
    "researchAndDevelopmentExpenses": 0,
    "generalAndAdministrativeExpenses": 1824000000,
    "sellingAndMarketingExpenses": 0,
    "sellingGeneralAndAdministrativeExpenses": 1824000000,
    "otherExpenses": -1120000000,
    "operatingExpenses": 704000000,
    "costAndExpenses": 2528000000,
    "interestIncome": 5000000,
    "interestExpense": 40000000,
    "depreciationAndAmortization": 89000000,
    "ebitda": 512000000,
    "ebitdaratio": 0.1746248295,
    "operatingIncome": 404000000,
    "operatingIncomeRatio": 0.1377899045,
    "totalOtherIncomeExpensesNet": -21000000,
    "incomeBeforeTax": 383000000,
    "incomeBeforeTaxRatio": 0.130627558,
    "incomeTaxExpense": 123000000,
    "netIncome": 253000000,
    "netIncomeRatio": 0.0862892224,
    "eps": 0.46,
    "epsdiluted": 0.45,
    "weightedAverageShsOut": 549000000,
    "weightedAverageShsOutDil": 558000000,
    "link": "https://www.sec.gov/Archives/edgar/data/62709/000006270913000039/0000062709-13-000039-index.htm",
    "finalLink": "https://www.sec.gov/Archives/edgar/data/62709/000006270913000039/mmc0930201310q.htm"
  },
  {
    "date": "2013-06-30",
    "symbol": "MMC",
    "reportedCurrency": "USD",
    "cik": "0000062709",
    "fillingDate": "2013-08-08",
    "acceptedDate": "2013-08-08 15:10:11",
    "calendarYear": "2013",
    "period": "Q2",
    "revenue": 3088000000,
    "costOfRevenue": 1766000000,
    "grossProfit": 1322000000,
    "grossProfitRatio": 0.4281088083,
    "researchAndDevelopmentExpenses": 0,
    "generalAndAdministrativeExpenses": 1766000000,
    "sellingAndMarketingExpenses": 0,
    "sellingGeneralAndAdministrativeExpenses": 1766000000,
    "otherExpenses": -1021000000,
    "operatingExpenses": 745000000,
    "costAndExpenses": 2511000000,
    "interestIncome": 4000000,
    "interestExpense": 40000000,
    "depreciationAndAmortization": 90000000,
    "ebitda": 694000000,
    "ebitdaratio": 0.2247409326,
    "operatingIncome": 577000000,
    "operatingIncomeRatio": 0.1868523316,
    "totalOtherIncomeExpensesNet": -13000000,
    "incomeBeforeTax": 564000000,
    "incomeBeforeTaxRatio": 0.182642487,
    "incomeTaxExpense": 164000000,
    "netIncome": 388000000,
    "netIncomeRatio": 0.1256476684,
    "eps": 0.71,
    "epsdiluted": 0.69,
    "weightedAverageShsOut": 551000000,
    "weightedAverageShsOutDil": 559000000,
    "link": "https://www.sec.gov/Archives/edgar/data/62709/000006270913000032/0000062709-13-000032-index.htm",
    "finalLink": "https://www.sec.gov/Archives/edgar/data/62709/000006270913000032/mmc0630201310q.htm"
  },
  {
    "date": "2013-03-31",
    "symbol": "MMC",
    "reportedCurrency": "USD",
    "cik": "0000062709",
    "fillingDate": "2013-05-09",
    "acceptedDate": "2013-05-08 18:18:59",
    "calendarYear": "2013",
    "period": "Q1",
    "revenue": 3126000000,
    "costOfRevenue": 1803000000,
    "grossProfit": 1323000000,
    "grossProfitRatio": 0.4232245681,
    "researchAndDevelopmentExpenses": 0,
    "generalAndAdministrativeExpenses": 1803000000,
    "sellingAndMarketingExpenses": 0,
    "sellingGeneralAndAdministrativeExpenses": 1803000000,
    "otherExpenses": -1087000000,
    "operatingExpenses": 716000000,
    "costAndExpenses": 2519000000,
    "interestIncome": 4000000,
    "interestExpense": 44000000,
    "depreciationAndAmortization": 87000000,
    "ebitda": 719000000,
    "ebitdaratio": 0.230006398,
    "operatingIncome": 607000000,
    "operatingIncomeRatio": 0.1941778631,
    "totalOtherIncomeExpensesNet": -19000000,
    "incomeBeforeTax": 588000000,
    "incomeBeforeTaxRatio": 0.1880998081,
    "incomeTaxExpense": 176000000,
    "netIncome": 413000000,
    "netIncomeRatio": 0.1321177223,
    "eps": 0.75,
    "epsdiluted": 0.74,
    "weightedAverageShsOut": 548000000,
    "weightedAverageShsOutDil": 557000000,
    "link": "https://www.sec.gov/Archives/edgar/data/62709/000006270913000014/0000062709-13-000014-index.htm",
    "finalLink": "https://www.sec.gov/Archives/edgar/data/62709/000006270913000014/mmc0331201310q.htm"
  },
  {
    "date": "2012-12-31",
    "symbol": "MMC",
    "reportedCurrency": "USD",
    "cik": "0000062709",
    "fillingDate": "2013-02-27",
    "acceptedDate": "2013-02-27 14:38:58",
    "calendarYear": "2012",
    "period": "Q4",
    "revenue": 3002000000,
    "costOfRevenue": 1802000000,
    "grossProfit": 1200000000,
    "grossProfitRatio": 0.399733511,
    "researchAndDevelopmentExpenses": 0,
    "generalAndAdministrativeExpenses": 1802000000,
    "sellingAndMarketingExpenses": 0,
    "sellingGeneralAndAdministrativeExpenses": 1802000000,
    "otherExpenses": -6340000000,
    "operatingExpenses": 794000000,
    "costAndExpenses": 2596000000,
    "interestIncome": 6000000,
    "interestExpense": 46000000,
    "depreciationAndAmortization": 95000000,
    "ebitda": 511000000,
    "ebitdaratio": 0.1702198534,
    "operatingIncome": 406000000,
    "operatingIncomeRatio": 0.1352431712,
    "totalOtherIncomeExpensesNet": -36000000,
    "incomeBeforeTax": 370000000,
    "incomeBeforeTaxRatio": 0.1232511659,
    "incomeTaxExpense": 105000000,
    "netIncome": 259000000,
    "netIncomeRatio": 0.0862758161,
    "eps": 0.48,
    "epsdiluted": 0.47,
    "weightedAverageShsOut": 545000000,
    "weightedAverageShsOutDil": 554000000,
    "link": "https://www.sec.gov/Archives/edgar/data/62709/000006270913000004/0000062709-13-000004-index.htm",
    "finalLink": "https://www.sec.gov/Archives/edgar/data/62709/000006270913000004/mmc-1231201210k.htm"
  },
  {
    "date": "2012-09-30",
    "symbol": "MMC",
    "reportedCurrency": "USD",
    "cik": "0000062709",
    "fillingDate": "2012-11-08",
    "acceptedDate": "2012-11-08 13:32:29",
    "calendarYear": "2012",
    "period": "Q3",
    "revenue": 2845000000,
    "costOfRevenue": 707000000,
    "grossProfit": 2138000000,
    "grossProfitRatio": 0.7514938489,
    "researchAndDevelopmentExpenses": 0,
    "generalAndAdministrativeExpenses": 1760000000,
    "sellingAndMarketingExpenses": 0,
    "sellingGeneralAndAdministrativeExpenses": 1760000000,
    "otherExpenses": -1053000000,
    "operatingExpenses": 2467000000,
    "costAndExpenses": 2467000000,
    "interestIncome": 6000000,
    "interestExpense": 44000000,
    "depreciationAndAmortization": 87000000,
    "ebitda": 467000000,
    "ebitdaratio": 0.1641476274,
    "operatingIncome": 378000000,
    "operatingIncomeRatio": 0.1328646749,
    "totalOtherIncomeExpensesNet": -42000000,
    "incomeBeforeTax": 336000000,
    "incomeBeforeTaxRatio": 0.1181019332,
    "incomeTaxExpense": 90000000,
    "netIncome": 241000000,
    "netIncomeRatio": 0.0847100176,
    "eps": 0.44,
    "epsdiluted": 0.44,
    "weightedAverageShsOut": 544000000,
    "weightedAverageShsOutDil": 552000000,
    "link": "https://www.sec.gov/Archives/edgar/data/62709/000006270912000064/0000062709-12-000064-index.htm",
    "finalLink": "https://www.sec.gov/Archives/edgar/data/62709/000006270912000064/mmc-0930201210q.htm"
  },
  {
    "date": "2012-06-30",
    "symbol": "MMC",
    "reportedCurrency": "USD",
    "cik": "0000062709",
    "fillingDate": "2012-08-08",
    "acceptedDate": "2012-08-08 15:37:09",
    "calendarYear": "2012",
    "period": "Q2",
    "revenue": 3026000000,
    "costOfRevenue": 732000000,
    "grossProfit": 2294000000,
    "grossProfitRatio": 0.758096497,
    "researchAndDevelopmentExpenses": 0,
    "generalAndAdministrativeExpenses": 1776000000,
    "sellingAndMarketingExpenses": 0,
    "sellingGeneralAndAdministrativeExpenses": 1776000000,
    "otherExpenses": -1044000000,
    "operatingExpenses": 2508000000,
    "costAndExpenses": 2508000000,
    "interestIncome": 6000000,
    "interestExpense": 45000000,
    "depreciationAndAmortization": 84000000,
    "ebitda": 612000000,
    "ebitdaratio": 0.202247191,
    "operatingIncome": 518000000,
    "operatingIncomeRatio": 0.17118308,
    "totalOtherIncomeExpensesNet": -35000000,
    "incomeBeforeTax": 483000000,
    "incomeBeforeTaxRatio": 0.1596166557,
    "incomeTaxExpense": 144000000,
    "netIncome": 329000000,
    "netIncomeRatio": 0.1087243886,
    "eps": 0.6,
    "epsdiluted": 0.59,
    "weightedAverageShsOut": 545000000,
    "weightedAverageShsOutDil": 553000000,
    "link": "https://www.sec.gov/Archives/edgar/data/62709/000006270912000046/0000062709-12-000046-index.htm",
    "finalLink": "https://www.sec.gov/Archives/edgar/data/62709/000006270912000046/mmc-0630201210q.htm"
  },
  {
    "date": "2012-03-31",
    "symbol": "MMC",
    "reportedCurrency": "USD",
    "cik": "0000062709",
    "fillingDate": "2012-03-31",
    "acceptedDate": "2012-03-30 20:00:00",
    "calendarYear": "2012",
    "period": "Q1",
    "revenue": 3051000000,
    "costOfRevenue": 0,
    "grossProfit": 3051000000,
    "grossProfitRatio": 1,
    "researchAndDevelopmentExpenses": 0,
    "generalAndAdministrativeExpenses": 1796000000,
    "sellingAndMarketingExpenses": 0,
    "sellingGeneralAndAdministrativeExpenses": 1796000000,
    "otherExpenses": -1068000000,
    "operatingExpenses": 2524000000,
    "costAndExpenses": 2524000000,
    "interestIncome": 6000000,
    "interestExpense": 46000000,
    "depreciationAndAmortization": 83000000,
    "ebitda": 636000000,
    "ebitdaratio": 0.2084562439,
    "operatingIncome": 527000000,
    "operatingIncomeRatio": 0.1727302524,
    "totalOtherIncomeExpensesNet": -20000000,
    "incomeBeforeTax": 507000000,
    "incomeBeforeTaxRatio": 0.1661750246,
    "incomeTaxExpense": 153000000,
    "netIncome": 347000000,
    "netIncomeRatio": 0.1137332022,
    "eps": 0.64,
    "epsdiluted": 0.63,
    "weightedAverageShsOut": 542000000,
    "weightedAverageShsOutDil": 551000000,
    "link": "",
    "finalLink": ""
  },
  {
    "date": "2011-12-31",
    "symbol": "MMC",
    "reportedCurrency": "USD",
    "cik": "0000062709",
    "fillingDate": "2012-02-28",
    "acceptedDate": "2012-02-28 16:38:19",
    "calendarYear": "2011",
    "period": "Q4",
    "revenue": 2908000000,
    "costOfRevenue": 0,
    "grossProfit": 2908000000,
    "grossProfitRatio": 1,
    "researchAndDevelopmentExpenses": 0,
    "generalAndAdministrativeExpenses": 1767000000,
    "sellingAndMarketingExpenses": 0,
    "sellingGeneralAndAdministrativeExpenses": 1767000000,
    "otherExpenses": 750000000,
    "operatingExpenses": 2517000000,
    "costAndExpenses": 2517000000,
    "interestIncome": 7000000,
    "interestExpense": 50000000,
    "depreciationAndAmortization": 82000000,
    "ebitda": 476000000,
    "ebitdaratio": 0.1636863824,
    "operatingIncome": 391000000,
    "operatingIncomeRatio": 0.1344566713,
    "totalOtherIncomeExpensesNet": -47000000,
    "incomeBeforeTax": 344000000,
    "incomeBeforeTaxRatio": 0.1182943604,
    "incomeTaxExpense": 100000000,
    "netIncome": 256000000,
    "netIncomeRatio": 0.0880330124,
    "eps": 0.47,
    "epsdiluted": 0.47,
    "weightedAverageShsOut": 539000000,
    "weightedAverageShsOutDil": 542000000,
    "link": "https://www.sec.gov/Archives/edgar/data/62709/000006270912000016/0000062709-12-000016-index.htm",
    "finalLink": "https://www.sec.gov/Archives/edgar/data/62709/000006270912000016/mmc-1231201110k.htm"
  },
  {
    "date": "2011-09-30",
    "symbol": "MMC",
    "reportedCurrency": "USD",
    "cik": "0000062709",
    "fillingDate": "2011-11-04",
    "acceptedDate": "2011-11-04 14:30:49",
    "calendarYear": "2011",
    "period": "Q3",
    "revenue": 2806000000,
    "costOfRevenue": 743000000,
    "grossProfit": 2063000000,
    "grossProfitRatio": 0.7352102637,
    "researchAndDevelopmentExpenses": 0,
    "generalAndAdministrativeExpenses": 1753000000,
    "sellingAndMarketingExpenses": 0,
    "sellingGeneralAndAdministrativeExpenses": 1753000000,
    "otherExpenses": 743000000,
    "operatingExpenses": 2496000000,
    "costAndExpenses": 2496000000,
    "interestIncome": 9000000,
    "interestExpense": 49000000,
    "depreciationAndAmortization": 85000000,
    "ebitda": 332000000,
    "ebitdaratio": 0.1183178902,
    "operatingIncome": 310000000,
    "operatingIncomeRatio": 0.1104775481,
    "totalOtherIncomeExpensesNet": -112000000,
    "incomeBeforeTax": 198000000,
    "incomeBeforeTaxRatio": 0.0705630791,
    "incomeTaxExpense": 65000000,
    "netIncome": 130000000,
    "netIncomeRatio": 0.0463292944,
    "eps": 0.24,
    "epsdiluted": 0.24,
    "weightedAverageShsOut": 540000000,
    "weightedAverageShsOutDil": 549000000,
    "link": "https://www.sec.gov/Archives/edgar/data/62709/000006270911000034/0000062709-11-000034-index.htm",
    "finalLink": "https://www.sec.gov/Archives/edgar/data/62709/000006270911000034/mmc-9301110q.htm"
  },
  {
    "date": "2011-06-30",
    "symbol": "MMC",
    "reportedCurrency": "USD",
    "cik": "0000062709",
    "fillingDate": "2011-08-05",
    "acceptedDate": "2011-08-05 15:20:45",
    "calendarYear": "2011",
    "period": "Q2",
    "revenue": 2928000000,
    "costOfRevenue": 735000000,
    "grossProfit": 2193000000,
    "grossProfitRatio": 0.7489754098,
    "researchAndDevelopmentExpenses": 0,
    "generalAndAdministrativeExpenses": 1728000000,
    "sellingAndMarketingExpenses": 0,
    "sellingGeneralAndAdministrativeExpenses": 1728000000,
    "otherExpenses": 735000000,
    "operatingExpenses": 2463000000,
    "costAndExpenses": 2463000000,
    "interestIncome": 5000000,
    "interestExpense": 49000000,
    "depreciationAndAmortization": 82000000,
    "ebitda": 546000000,
    "ebitdaratio": 0.1864754098,
    "operatingIncome": 465000000,
    "operatingIncomeRatio": 0.1588114754,
    "totalOtherIncomeExpensesNet": -50000000,
    "incomeBeforeTax": 415000000,
    "incomeBeforeTaxRatio": 0.1417349727,
    "incomeTaxExpense": 129000000,
    "netIncome": 282000000,
    "netIncomeRatio": 0.0963114754,
    "eps": 0.51,
    "epsdiluted": 0.5,
    "weightedAverageShsOut": 547000000,
    "weightedAverageShsOutDil": 555000000,
    "link": "https://www.sec.gov/Archives/edgar/data/62709/000119312511212186/0001193125-11-212186-index.htm",
    "finalLink": "https://www.sec.gov/Archives/edgar/data/62709/000119312511212186/d10q.htm"
  },
  {
    "date": "2011-03-31",
    "symbol": "MMC",
    "reportedCurrency": "USD",
    "cik": "0000062709",
    "fillingDate": "2011-05-06",
    "acceptedDate": "2011-05-06 16:13:31",
    "calendarYear": "2011",
    "period": "Q1",
    "revenue": 2884000000,
    "costOfRevenue": 0,
    "grossProfit": 2884000000,
    "grossProfitRatio": 1,
    "researchAndDevelopmentExpenses": 0,
    "generalAndAdministrativeExpenses": 1721000000,
    "sellingAndMarketingExpenses": 0,
    "sellingGeneralAndAdministrativeExpenses": 1721000000,
    "otherExpenses": 691000000,
    "operatingExpenses": 2412000000,
    "costAndExpenses": 2412000000,
    "interestIncome": 7000000,
    "interestExpense": 51000000,
    "depreciationAndAmortization": 83000000,
    "ebitda": 581000000,
    "ebitdaratio": 0.2014563107,
    "operatingIncome": 472000000,
    "operatingIncomeRatio": 0.1636615811,
    "totalOtherIncomeExpensesNet": -25000000,
    "incomeBeforeTax": 447000000,
    "incomeBeforeTaxRatio": 0.1549930652,
    "incomeTaxExpense": 128000000,
    "netIncome": 325000000,
    "netIncomeRatio": 0.1126907074,
    "eps": 0.59,
    "epsdiluted": 0.58,
    "weightedAverageShsOut": 544000000,
    "weightedAverageShsOutDil": 552000000,
    "link": "https://www.sec.gov/Archives/edgar/data/62709/000119312511130709/0001193125-11-130709-index.htm",
    "finalLink": "https://www.sec.gov/Archives/edgar/data/62709/000119312511130709/d10q.htm"
  },
  {
    "date": "2010-12-31",
    "symbol": "MMC",
    "reportedCurrency": "USD",
    "cik": "0000062709",
    "fillingDate": "2011-02-28",
    "acceptedDate": "2011-02-25 18:23:55",
    "calendarYear": "2010",
    "period": "Q4",
    "revenue": 2785000000,
    "costOfRevenue": 0,
    "grossProfit": 2785000000,
    "grossProfitRatio": 1,
    "researchAndDevelopmentExpenses": 0,
    "generalAndAdministrativeExpenses": 1690000000,
    "sellingAndMarketingExpenses": 0,
    "sellingGeneralAndAdministrativeExpenses": 1690000000,
    "otherExpenses": 770000000,
    "operatingExpenses": 2460000000,
    "costAndExpenses": 2460000000,
    "interestIncome": 7000000,
    "interestExpense": 53000000,
    "depreciationAndAmortization": 83000000,
    "ebitda": 434000000,
    "ebitdaratio": 0.1558348294,
    "operatingIncome": 325000000,
    "operatingIncomeRatio": 0.1166965889,
    "totalOtherIncomeExpensesNet": -27000000,
    "incomeBeforeTax": 298000000,
    "incomeBeforeTaxRatio": 0.1070017953,
    "incomeTaxExpense": 106000000,
    "netIncome": 203000000,
    "netIncomeRatio": 0.0728904847,
    "eps": 0.37,
    "epsdiluted": 0.37,
    "weightedAverageShsOut": 543000000,
    "weightedAverageShsOutDil": 544000000,
    "link": "https://www.sec.gov/Archives/edgar/data/62709/000119312511047795/0001193125-11-047795-index.htm",
    "finalLink": "https://www.sec.gov/Archives/edgar/data/62709/000119312511047795/d10k.htm"
  },
  {
    "date": "2010-09-30",
    "symbol": "MMC",
    "reportedCurrency": "USD",
    "cik": "0000062709",
    "fillingDate": "2010-11-09",
    "acceptedDate": "2010-11-09 15:44:47",
    "calendarYear": "2010",
    "period": "Q3",
    "revenue": 2524000000,
    "costOfRevenue": 699000000,
    "grossProfit": 1825000000,
    "grossProfitRatio": 0.7230586371,
    "researchAndDevelopmentExpenses": 0,
    "generalAndAdministrativeExpenses": 1586000000,
    "sellingAndMarketingExpenses": 0,
    "sellingGeneralAndAdministrativeExpenses": 1586000000,
    "otherExpenses": 699000000,
    "operatingExpenses": 2285000000,
    "costAndExpenses": 2285000000,
    "interestIncome": 6000000,
    "interestExpense": 60000000,
    "depreciationAndAmortization": 84000000,
    "ebitda": 327000000,
    "ebitdaratio": 0.1295562599,
    "operatingIncome": 239000000,
    "operatingIncomeRatio": 0.0946909667,
    "totalOtherIncomeExpensesNet": -56000000,
    "incomeBeforeTax": 183000000,
    "incomeBeforeTaxRatio": 0.072503962,
    "incomeTaxExpense": 55000000,
    "netIncome": 168000000,
    "netIncomeRatio": 0.0665610143,
    "eps": 0.3,
    "epsdiluted": 0.3,
    "weightedAverageShsOut": 543000000,
    "weightedAverageShsOutDil": 548000000,
    "link": "https://www.sec.gov/Archives/edgar/data/62709/000119312510254061/0001193125-10-254061-index.htm",
    "finalLink": "https://www.sec.gov/Archives/edgar/data/62709/000119312510254061/d10q.htm"
  },
  {
    "date": "2010-06-30",
    "symbol": "MMC",
    "reportedCurrency": "USD",
    "cik": "0000062709",
    "fillingDate": "2010-08-06",
    "acceptedDate": "2010-08-06 13:36:40",
    "calendarYear": "2010",
    "period": "Q2",
    "revenue": 2606000000,
    "costOfRevenue": 1042000000,
    "grossProfit": 1564000000,
    "grossProfitRatio": 0.6001534919,
    "researchAndDevelopmentExpenses": 0,
    "generalAndAdministrativeExpenses": 1614000000,
    "sellingAndMarketingExpenses": 0,
    "sellingGeneralAndAdministrativeExpenses": 1614000000,
    "otherExpenses": 1042000000,
    "operatingExpenses": 2656000000,
    "costAndExpenses": 2656000000,
    "interestIncome": 3000000,
    "interestExpense": 60000000,
    "depreciationAndAmortization": 93000000,
    "ebitda": 64000000,
    "ebitdaratio": 0.0245587107,
    "operatingIncome": -50000000,
    "operatingIncomeRatio": -0.0191864927,
    "totalOtherIncomeExpensesNet": -39000000,
    "incomeBeforeTax": -89000000,
    "incomeBeforeTaxRatio": -0.034151957,
    "incomeTaxExpense": -60000000,
    "netIncome": 236000000,
    "netIncomeRatio": 0.0905602456,
    "eps": 0.43,
    "epsdiluted": 0.43,
    "weightedAverageShsOut": 541000000,
    "weightedAverageShsOutDil": 545000000,
    "link": "https://www.sec.gov/Archives/edgar/data/62709/000119312510181002/0001193125-10-181002-index.htm",
    "finalLink": "https://www.sec.gov/Archives/edgar/data/62709/000119312510181002/d10q.htm"
  },
  {
    "date": "2010-03-31",
    "symbol": "MMC",
    "reportedCurrency": "USD",
    "cik": "0000062709",
    "fillingDate": "2010-05-07",
    "acceptedDate": "2010-05-07 14:27:15",
    "calendarYear": "2010",
    "period": "Q1",
    "revenue": 2795000000,
    "costOfRevenue": 0,
    "grossProfit": 2795000000,
    "grossProfitRatio": 1,
    "researchAndDevelopmentExpenses": 0,
    "generalAndAdministrativeExpenses": 1575000000,
    "sellingAndMarketingExpenses": 0,
    "sellingGeneralAndAdministrativeExpenses": 1575000000,
    "otherExpenses": 635000000,
    "operatingExpenses": 2356000000,
    "costAndExpenses": 2210000000,
    "interestIncome": 4000000,
    "interestExpense": 60000000,
    "depreciationAndAmortization": 97000000,
    "ebitda": 534000000,
    "ebitdaratio": 0.1910554562,
    "operatingIncome": 425000000,
    "operatingIncomeRatio": 0.1520572451,
    "totalOtherIncomeExpensesNet": -34000000,
    "incomeBeforeTax": 391000000,
    "incomeBeforeTaxRatio": 0.1398926655,
    "incomeTaxExpense": 117000000,
    "netIncome": 248000000,
    "netIncomeRatio": 0.0887298748,
    "eps": 0.46,
    "epsdiluted": 0.45,
    "weightedAverageShsOut": 533000000,
    "weightedAverageShsOutDil": 536000000,
    "link": "https://www.sec.gov/Archives/edgar/data/62709/000119312510112622/0001193125-10-112622-index.htm",
    "finalLink": "https://www.sec.gov/Archives/edgar/data/62709/000119312510112622/d10q.htm"
  },
  {
    "date": "2009-12-31",
    "symbol": "MMC",
    "reportedCurrency": "USD",
    "cik": "0000062709",
    "fillingDate": "2010-02-26",
    "acceptedDate": "2010-02-26 15:34:52",
    "calendarYear": "2009",
    "period": "Q4",
    "revenue": 2732000000,
    "costOfRevenue": 0,
    "grossProfit": 2732000000,
    "grossProfitRatio": 1,
    "researchAndDevelopmentExpenses": 0,
    "generalAndAdministrativeExpenses": 1703000000,
    "sellingAndMarketingExpenses": 0,
    "sellingGeneralAndAdministrativeExpenses": 1703000000,
    "otherExpenses": 1039000000,
    "operatingExpenses": 2742000000,
    "costAndExpenses": 2742000000,
    "interestIncome": 4000000,
    "interestExpense": 61000000,
    "depreciationAndAmortization": 88000000,
    "ebitda": 105000000,
    "ebitdaratio": 0.0384333821,
    "operatingIncome": -10000000,
    "operatingIncomeRatio": -0.0036603221,
    "totalOtherIncomeExpensesNet": -34000000,
    "incomeBeforeTax": -44000000,
    "incomeBeforeTaxRatio": -0.0161054173,
    "incomeTaxExpense": -48000000,
    "netIncome": 23000000,
    "netIncomeRatio": 0.0084187408,
    "eps": 0.0432,
    "epsdiluted": 0.0432,
    "weightedAverageShsOut": 525000000,
    "weightedAverageShsOutDil": 533000000,
    "link": "https://www.sec.gov/Archives/edgar/data/62709/000119312510042765/0001193125-10-042765-index.htm",
    "finalLink": "https://www.sec.gov/Archives/edgar/data/62709/000119312510042765/d10k.htm"
  },
  {
    "date": "2009-09-30",
    "symbol": "MMC",
    "reportedCurrency": "USD",
    "cik": "0000062709",
    "fillingDate": "2009-11-05",
    "acceptedDate": "2009-11-05 16:05:25",
    "calendarYear": "2009",
    "period": "Q3",
    "revenue": 2523000000,
    "costOfRevenue": 701000000,
    "grossProfit": 1822000000,
    "grossProfitRatio": 0.7221561633,
    "researchAndDevelopmentExpenses": 0,
    "generalAndAdministrativeExpenses": 1533000000,
    "sellingAndMarketingExpenses": 0,
    "sellingGeneralAndAdministrativeExpenses": 1533000000,
    "otherExpenses": 626000000,
    "operatingExpenses": 2307000000,
    "costAndExpenses": 2159000000,
    "interestIncome": 3000000,
    "interestExpense": 59000000,
    "depreciationAndAmortization": 94000000,
    "ebitda": 314000000,
    "ebitdaratio": 0.1244550139,
    "operatingIncome": 195000000,
    "operatingIncomeRatio": 0.0772889417,
    "totalOtherIncomeExpensesNet": -14000000,
    "incomeBeforeTax": 181000000,
    "incomeBeforeTaxRatio": 0.0717399921,
    "incomeTaxExpense": -40000000,
    "netIncome": 221000000,
    "netIncomeRatio": 0.087594134,
    "eps": 0.41,
    "epsdiluted": 0.41,
    "weightedAverageShsOut": 524000000,
    "weightedAverageShsOutDil": 526000000,
    "link": "https://www.sec.gov/Archives/edgar/data/62709/000119312509225519/0001193125-09-225519-index.htm",
    "finalLink": "https://www.sec.gov/Archives/edgar/data/62709/000119312509225519/d10q.htm"
  },
  {
    "date": "2009-06-30",
    "symbol": "MMC",
    "reportedCurrency": "USD",
    "cik": "0000062709",
    "fillingDate": "2009-08-07",
    "acceptedDate": "2009-08-07 15:46:44",
    "calendarYear": "2009",
    "period": "Q2",
    "revenue": 2629000000,
    "costOfRevenue": 731000000,
    "grossProfit": 1898000000,
    "grossProfitRatio": 0.7219475086,
    "researchAndDevelopmentExpenses": 0,
    "generalAndAdministrativeExpenses": 1528000000,
    "sellingAndMarketingExpenses": 0,
    "sellingGeneralAndAdministrativeExpenses": 1528000000,
    "otherExpenses": -880000000,
    "operatingExpenses": 2335000000,
    "costAndExpenses": 2176000000,
    "interestIncome": 4000000,
    "interestExpense": 65000000,
    "depreciationAndAmortization": 93000000,
    "ebitda": 359000000,
    "ebitdaratio": 0.1365538227,
    "operatingIncome": 294000000,
    "operatingIncomeRatio": 0.111829593,
    "totalOtherIncomeExpensesNet": -407000000,
    "incomeBeforeTax": -113000000,
    "incomeBeforeTaxRatio": -0.0429821225,
    "incomeTaxExpense": 49000000,
    "netIncome": -193000000,
    "netIncomeRatio": -0.0734119437,
    "eps": -0.37,
    "epsdiluted": -0.37,
    "weightedAverageShsOut": 522000000,
    "weightedAverageShsOutDil": 523000000,
    "link": "https://www.sec.gov/Archives/edgar/data/62709/000119312509169035/0001193125-09-169035-index.htm",
    "finalLink": "https://www.sec.gov/Archives/edgar/data/62709/000119312509169035/d10q.htm"
  },
  {
    "date": "2009-03-31",
    "symbol": "MMC",
    "reportedCurrency": "USD",
    "cik": "0000062709",
    "fillingDate": "2009-05-08",
    "acceptedDate": "2009-05-08 17:10:46",
    "calendarYear": "2009",
    "period": "Q1",
    "revenue": 2629000000,
    "costOfRevenue": 0,
    "grossProfit": 2629000000,
    "grossProfitRatio": 1,
    "researchAndDevelopmentExpenses": 0,
    "generalAndAdministrativeExpenses": 1571000000,
    "sellingAndMarketingExpenses": 0,
    "sellingGeneralAndAdministrativeExpenses": 1571000000,
    "otherExpenses": -857000000,
    "operatingExpenses": 2298000000,
    "costAndExpenses": 2285000000,
    "interestIncome": 6000000,
    "interestExpense": 56000000,
    "depreciationAndAmortization": 90000000,
    "ebitda": 405000000,
    "ebitdaratio": 0.15405097,
    "operatingIncome": 324000000,
    "operatingIncomeRatio": 0.123240776,
    "totalOtherIncomeExpensesNet": -65000000,
    "incomeBeforeTax": 266000000,
    "incomeBeforeTaxRatio": 0.1011791556,
    "incomeTaxExpense": 82000000,
    "netIncome": 176000000,
    "netIncomeRatio": 0.0669456067,
    "eps": 0.33,
    "epsdiluted": 0.33,
    "weightedAverageShsOut": 515000000,
    "weightedAverageShsOutDil": 515000000,
    "link": "https://www.sec.gov/Archives/edgar/data/62709/000119312509105574/0001193125-09-105574-index.htm",
    "finalLink": "https://www.sec.gov/Archives/edgar/data/62709/000119312509105574/d10q.htm"
  },
  {
    "date": "2008-12-31",
    "symbol": "MMC",
    "reportedCurrency": "USD",
    "cik": "0000062709",
    "fillingDate": "2009-02-27",
    "acceptedDate": "2009-02-27 15:33:14",
    "calendarYear": "2008",
    "period": "Q4",
    "revenue": 2662000000,
    "costOfRevenue": 0,
    "grossProfit": 2662000000,
    "grossProfitRatio": 1,
    "researchAndDevelopmentExpenses": 0,
    "generalAndAdministrativeExpenses": 0,
    "sellingAndMarketingExpenses": 0,
    "sellingGeneralAndAdministrativeExpenses": 2563000000,
    "otherExpenses": 0,
    "operatingExpenses": 2563000000,
    "costAndExpenses": 2563000000,
    "interestIncome": 0,
    "interestExpense": 0,
    "depreciationAndAmortization": 102000000,
    "ebitda": 201000000,
    "ebitdaratio": 0.0755071375,
    "operatingIncome": 99000000,
    "operatingIncomeRatio": 0.0371900826,
    "totalOtherIncomeExpensesNet": -28000000,
    "incomeBeforeTax": 71000000,
    "incomeBeforeTaxRatio": 0.0266716754,
    "incomeTaxExpense": -5000000,
    "netIncome": 80000000,
    "netIncomeRatio": 0.030052592,
    "eps": 0.16,
    "epsdiluted": 0.16,
    "weightedAverageShsOut": 514000000,
    "weightedAverageShsOutDil": 515000000,
    "link": "https://www.sec.gov/Archives/edgar/data/62709/000119312509040859/0001193125-09-040859-index.htm",
    "finalLink": "https://www.sec.gov/Archives/edgar/data/62709/000119312509040859/d10k.htm"
  },
  {
    "date": "2008-09-30",
    "symbol": "MMC",
    "reportedCurrency": "USD",
    "cik": "0000062709",
    "fillingDate": "2008-11-07",
    "acceptedDate": "2008-11-07 15:26:41",
    "calendarYear": "2008",
    "period": "Q3",
    "revenue": 2838000000,
    "costOfRevenue": 957000000,
    "grossProfit": 1881000000,
    "grossProfitRatio": 0.6627906977,
    "researchAndDevelopmentExpenses": 0,
    "generalAndAdministrativeExpenses": 0,
    "sellingAndMarketingExpenses": 0,
    "sellingGeneralAndAdministrativeExpenses": 2768000000,
    "otherExpenses": 0,
    "operatingExpenses": 2768000000,
    "costAndExpenses": 2768000000,
    "interestIncome": 0,
    "interestExpense": 0,
    "depreciationAndAmortization": 98000000,
    "ebitda": 168000000,
    "ebitdaratio": 0.0591966173,
    "operatingIncome": 70000000,
    "operatingIncomeRatio": 0.0246652572,
    "totalOtherIncomeExpensesNet": -67000000,
    "incomeBeforeTax": 3000000,
    "incomeBeforeTaxRatio": 0.0010570825,
    "incomeTaxExpense": -18000000,
    "netIncome": -8000000,
    "netIncomeRatio": -0.0028188865,
    "eps": -0.0156,
    "epsdiluted": -0.0153,
    "weightedAverageShsOut": 513000000,
    "weightedAverageShsOutDil": 523000000,
    "link": "https://www.sec.gov/Archives/edgar/data/62709/000119312508229895/0001193125-08-229895-index.htm",
    "finalLink": "https://www.sec.gov/Archives/edgar/data/62709/000119312508229895/d10q.htm"
  },
  {
    "date": "2008-06-30",
    "symbol": "MMC",
    "reportedCurrency": "USD",
    "cik": "0000062709",
    "fillingDate": "2008-08-08",
    "acceptedDate": "2008-08-07 18:01:24",
    "calendarYear": "2008",
    "period": "Q2",
    "revenue": 3048000000,
    "costOfRevenue": 866000000,
    "grossProfit": 2182000000,
    "grossProfitRatio": 0.7158792651,
    "researchAndDevelopmentExpenses": 0,
    "generalAndAdministrativeExpenses": 1879000000,
    "sellingAndMarketingExpenses": 0,
    "sellingGeneralAndAdministrativeExpenses": 1879000000,
    "otherExpenses": 974000000,
    "operatingExpenses": 2866000000,
    "costAndExpenses": 2853000000,
    "interestIncome": 12000000,
    "interestExpense": 55000000,
    "depreciationAndAmortization": 103000000,
    "ebitda": 279000000,
    "ebitdaratio": 0.0915354331,
    "operatingIncome": 180000000,
    "operatingIncomeRatio": 0.0590551181,
    "totalOtherIncomeExpensesNet": -61000000,
    "incomeBeforeTax": 123000000,
    "incomeBeforeTaxRatio": 0.0403543307,
    "incomeTaxExpense": 66000000,
    "netIncome": 65000000,
    "netIncomeRatio": 0.0213254593,
    "eps": 0.12,
    "epsdiluted": 0.12,
    "weightedAverageShsOut": 512000000,
    "weightedAverageShsOutDil": 512000000,
    "link": "https://www.sec.gov/Archives/edgar/data/62709/000119312508170360/0001193125-08-170360-index.htm",
    "finalLink": "https://www.sec.gov/Archives/edgar/data/62709/000119312508170360/d10q.htm"
  },
  {
    "date": "2008-03-31",
    "symbol": "MMC",
    "reportedCurrency": "USD",
    "cik": "0000062709",
    "fillingDate": "2008-05-08",
    "acceptedDate": "2008-05-08 15:38:37",
    "calendarYear": "2008",
    "period": "Q1",
    "revenue": 3047000000,
    "costOfRevenue": 0,
    "grossProfit": 3047000000,
    "grossProfitRatio": 1,
    "researchAndDevelopmentExpenses": 0,
    "generalAndAdministrativeExpenses": 1828000000,
    "sellingAndMarketingExpenses": 0,
    "sellingGeneralAndAdministrativeExpenses": 1828000000,
    "otherExpenses": 1299000000,
    "operatingExpenses": 3127000000,
    "costAndExpenses": 3127000000,
    "interestIncome": 18000000,
    "interestExpense": 56000000,
    "depreciationAndAmortization": 101000000,
    "ebitda": 39000000,
    "ebitdaratio": 0.0127994749,
    "operatingIncome": -88000000,
    "operatingIncomeRatio": -0.0288808664,
    "totalOtherIncomeExpensesNet": -30000000,
    "incomeBeforeTax": -118000000,
    "incomeBeforeTaxRatio": -0.0387266163,
    "incomeTaxExpense": 94000000,
    "netIncome": -210000000,
    "netIncomeRatio": -0.0689202494,
    "eps": -0.4,
    "epsdiluted": -0.4,
    "weightedAverageShsOut": 519000000,
    "weightedAverageShsOutDil": 519000000,
    "link": "https://www.sec.gov/Archives/edgar/data/62709/000119312508107708/0001193125-08-107708-index.htm",
    "finalLink": "https://www.sec.gov/Archives/edgar/data/62709/000119312508107708/d10q.htm"
  },
  {
    "date": "2007-12-31",
    "symbol": "MMC",
    "reportedCurrency": "USD",
    "cik": "0000062709",
    "fillingDate": "2008-02-29",
    "acceptedDate": "2008-02-29 13:55:02",
    "calendarYear": "2007",
    "period": "Q4",
    "revenue": 2925000000,
    "costOfRevenue": 0,
    "grossProfit": 2925000000,
    "grossProfitRatio": 1,
    "researchAndDevelopmentExpenses": 0,
    "generalAndAdministrativeExpenses": 0,
    "sellingAndMarketingExpenses": 0,
    "sellingGeneralAndAdministrativeExpenses": 2760000000,
    "otherExpenses": 0,
    "operatingExpenses": 2760000000,
    "costAndExpenses": 2760000000,
    "interestIncome": 0,
    "interestExpense": 0,
    "depreciationAndAmortization": 104000000,
    "ebitda": 269000000,
    "ebitdaratio": 0.091965812,
    "operatingIncome": 165000000,
    "operatingIncomeRatio": 0.0564102564,
    "totalOtherIncomeExpensesNet": -25000000,
    "incomeBeforeTax": 140000000,
    "incomeBeforeTaxRatio": 0.0478632479,
    "incomeTaxExpense": 44000000,
    "netIncome": 85000000,
    "netIncomeRatio": 0.0290598291,
    "eps": 0.16,
    "epsdiluted": 0.16,
    "weightedAverageShsOut": 519000000,
    "weightedAverageShsOutDil": 519000000,
    "link": "https://www.sec.gov/Archives/edgar/data/62709/000119312508043337/0001193125-08-043337-index.htm",
    "finalLink": "https://www.sec.gov/Archives/edgar/data/62709/000119312508043337/d10k.htm"
  },
  {
    "date": "2007-09-30",
    "symbol": "MMC",
    "reportedCurrency": "USD",
    "cik": "0000062709",
    "fillingDate": "2007-11-09",
    "acceptedDate": "2007-11-09 16:45:17",
    "calendarYear": "2007",
    "period": "Q3",
    "revenue": 2794000000,
    "costOfRevenue": 810000000,
    "grossProfit": 1984000000,
    "grossProfitRatio": 0.7100930565,
    "researchAndDevelopmentExpenses": 0,
    "generalAndAdministrativeExpenses": 0,
    "sellingAndMarketingExpenses": 0,
    "sellingGeneralAndAdministrativeExpenses": 2600000000,
    "otherExpenses": -78000000,
    "operatingExpenses": 2600000000,
    "costAndExpenses": 2522000000,
    "interestIncome": 0,
    "interestExpense": 0,
    "depreciationAndAmortization": 102000000,
    "ebitda": 296000000,
    "ebitdaratio": 0.1059413028,
    "operatingIncome": 194000000,
    "operatingIncomeRatio": 0.0694345025,
    "totalOtherIncomeExpensesNet": -35000000,
    "incomeBeforeTax": 159000000,
    "incomeBeforeTaxRatio": 0.0569076593,
    "incomeTaxExpense": 75000000,
    "netIncome": 1945000000,
    "netIncomeRatio": 0.6961345741,
    "eps": 3.64,
    "epsdiluted": 3.6,
    "weightedAverageShsOut": 534000000,
    "weightedAverageShsOutDil": 540000000,
    "link": "https://www.sec.gov/Archives/edgar/data/62709/000006270907000201/0000062709-07-000201-index.htm",
    "finalLink": "https://www.sec.gov/Archives/edgar/data/62709/000006270907000201/f10q3qtr2007.htm"
  },
  {
    "date": "2007-06-30",
    "symbol": "MMC",
    "reportedCurrency": "USD",
    "cik": "0000062709",
    "fillingDate": "2007-08-09",
    "acceptedDate": "2007-08-09 15:07:47",
    "calendarYear": "2007",
    "period": "Q2",
    "revenue": 2819000000,
    "costOfRevenue": 854000000,
    "grossProfit": 1965000000,
    "grossProfitRatio": 0.6970556935,
    "researchAndDevelopmentExpenses": 0,
    "generalAndAdministrativeExpenses": 0,
    "sellingAndMarketingExpenses": 0,
    "sellingGeneralAndAdministrativeExpenses": 2546000000,
    "otherExpenses": 0,
    "operatingExpenses": 2546000000,
    "costAndExpenses": 2546000000,
    "interestIncome": 0,
    "interestExpense": 0,
    "depreciationAndAmortization": 116000000,
    "ebitda": 389000000,
    "ebitdaratio": 0.1379921958,
    "operatingIncome": 273000000,
    "operatingIncomeRatio": 0.0968428521,
    "totalOtherIncomeExpensesNet": -60000000,
    "incomeBeforeTax": 213000000,
    "incomeBeforeTaxRatio": 0.0755587088,
    "incomeTaxExpense": 70000000,
    "netIncome": 177000000,
    "netIncomeRatio": 0.0627882228,
    "eps": 0.32,
    "epsdiluted": 0.31,
    "weightedAverageShsOut": 548000000,
    "weightedAverageShsOutDil": 558000000,
    "link": "https://www.sec.gov/Archives/edgar/data/62709/000006270907000158/0000062709-07-000158-index.htm",
    "finalLink": "https://www.sec.gov/Archives/edgar/data/62709/000006270907000158/f10q2q07.htm"
  },
  {
    "date": "2007-03-31",
    "symbol": "MMC",
    "reportedCurrency": "USD",
    "cik": "0000062709",
    "fillingDate": "2007-05-10",
    "acceptedDate": "2007-05-10 15:56:03",
    "calendarYear": "2007",
    "period": "Q1",
    "revenue": 2812000000,
    "costOfRevenue": 0,
    "grossProfit": 2812000000,
    "grossProfitRatio": 1,
    "researchAndDevelopmentExpenses": 0,
    "generalAndAdministrativeExpenses": 0,
    "sellingAndMarketingExpenses": 0,
    "sellingGeneralAndAdministrativeExpenses": 2425000000,
    "otherExpenses": 0,
    "operatingExpenses": 2425000000,
    "costAndExpenses": 2425000000,
    "interestIncome": 0,
    "interestExpense": 0,
    "depreciationAndAmortization": 120000000,
    "ebitda": 507000000,
    "ebitdaratio": 0.1802987198,
    "operatingIncome": 387000000,
    "operatingIncomeRatio": 0.1376244666,
    "totalOtherIncomeExpensesNet": -52000000,
    "incomeBeforeTax": 335000000,
    "incomeBeforeTaxRatio": 0.1191322902,
    "incomeTaxExpense": 106000000,
    "netIncome": 268000000,
    "netIncomeRatio": 0.0953058321,
    "eps": 0.49,
    "epsdiluted": 0.47,
    "weightedAverageShsOut": 553000000,
    "weightedAverageShsOutDil": 562000000,
    "link": "https://www.sec.gov/Archives/edgar/data/62709/000006270907000086/0000062709-07-000086-index.htm",
    "finalLink": "https://www.sec.gov/Archives/edgar/data/62709/000006270907000086/f10q1q2007.htm"
  },
  {
    "date": "2006-12-31",
    "symbol": "MMC",
    "reportedCurrency": "USD",
    "cik": "0000062709",
    "fillingDate": "2007-03-01",
    "acceptedDate": "2007-03-01 16:43:30",
    "calendarYear": "2006",
    "period": "Q4",
    "revenue": 3032000000,
    "costOfRevenue": 1820000000,
    "grossProfit": 1212000000,
    "grossProfitRatio": 0.3997361478,
    "researchAndDevelopmentExpenses": 0,
    "generalAndAdministrativeExpenses": 0,
    "sellingAndMarketingExpenses": 0,
    "sellingGeneralAndAdministrativeExpenses": 809000000,
    "otherExpenses": 0,
    "operatingExpenses": 809000000,
    "costAndExpenses": 2629000000,
    "interestIncome": 0,
    "interestExpense": 0,
    "depreciationAndAmortization": 145000000,
    "ebitda": 548000000,
    "ebitdaratio": 0.1807387863,
    "operatingIncome": 403000000,
    "operatingIncomeRatio": 0.1329155673,
    "totalOtherIncomeExpensesNet": -53000000,
    "incomeBeforeTax": 350000000,
    "incomeBeforeTaxRatio": 0.1154353562,
    "incomeTaxExpense": 119000000,
    "netIncome": 226000000,
    "netIncomeRatio": 0.0745382586,
    "eps": 0.41,
    "epsdiluted": 0.41,
    "weightedAverageShsOut": 549000000,
    "weightedAverageShsOutDil": 553000000,
    "link": "https://www.sec.gov/Archives/edgar/data/62709/000120677407000563/0001206774-07-000563-index.htm",
    "finalLink": "https://www.sec.gov/Archives/edgar/data/62709/000120677407000563/fscmarsh_10k.htm"
  },
  {
    "date": "2006-09-30",
    "symbol": "MMC",
    "reportedCurrency": "USD",
    "cik": "0000062709",
    "fillingDate": "2006-11-09",
    "acceptedDate": "2006-11-09 16:08:09",
    "calendarYear": "2006",
    "period": "Q3",
    "revenue": 2884000000,
    "costOfRevenue": 1742000000,
    "grossProfit": 1142000000,
    "grossProfitRatio": 0.3959778086,
    "researchAndDevelopmentExpenses": 0,
    "generalAndAdministrativeExpenses": 0,
    "sellingAndMarketingExpenses": 0,
    "sellingGeneralAndAdministrativeExpenses": 2288000000,
    "otherExpenses": -1742000000,
    "operatingExpenses": 822000000,
    "costAndExpenses": 2288000000,
    "interestIncome": 0,
    "interestExpense": 0,
    "depreciationAndAmortization": 111000000,
    "ebitda": 355000000,
    "ebitdaratio": 0.1230929265,
    "operatingIncome": 244000000,
    "operatingIncomeRatio": 0.0846047157,
    "totalOtherIncomeExpensesNet": -60000000,
    "incomeBeforeTax": 261000000,
    "incomeBeforeTaxRatio": 0.0904993065,
    "incomeTaxExpense": 77000000,
    "netIncome": 176000000,
    "netIncomeRatio": 0.0610263523,
    "eps": 0.32,
    "epsdiluted": 0.31,
    "weightedAverageShsOut": 550000000,
    "weightedAverageShsOutDil": 554000000,
    "link": "https://www.sec.gov/Archives/edgar/data/62709/000006270906000195/0000062709-06-000195-index.htm",
    "finalLink": "https://www.sec.gov/Archives/edgar/data/62709/000006270906000195/f10q3qtr2006.htm"
  },
  {
    "date": "2006-06-30",
    "symbol": "MMC",
    "reportedCurrency": "USD",
    "cik": "0000062709",
    "fillingDate": "2006-08-09",
    "acceptedDate": "2006-08-09 17:05:12",
    "calendarYear": "2006",
    "period": "Q2",
    "revenue": 2980000000,
    "costOfRevenue": 1802000000,
    "grossProfit": 1178000000,
    "grossProfitRatio": 0.3953020134,
    "researchAndDevelopmentExpenses": 0,
    "generalAndAdministrativeExpenses": 0,
    "sellingAndMarketingExpenses": 0,
    "sellingGeneralAndAdministrativeExpenses": 841000000,
    "otherExpenses": 0,
    "operatingExpenses": 841000000,
    "costAndExpenses": 2643000000,
    "interestIncome": 0,
    "interestExpense": 0,
    "depreciationAndAmortization": 111000000,
    "ebitda": 448000000,
    "ebitdaratio": 0.1503355705,
    "operatingIncome": 337000000,
    "operatingIncomeRatio": 0.1130872483,
    "totalOtherIncomeExpensesNet": -65000000,
    "incomeBeforeTax": 272000000,
    "incomeBeforeTaxRatio": 0.0912751678,
    "incomeTaxExpense": 96000000,
    "netIncome": 172000000,
    "netIncomeRatio": 0.0577181208,
    "eps": 0.31,
    "epsdiluted": 0.31,
    "weightedAverageShsOut": 549000000,
    "weightedAverageShsOutDil": 555000000,
    "link": "https://www.sec.gov/Archives/edgar/data/62709/000006270906000159/0000062709-06-000159-index.htm",
    "finalLink": "https://www.sec.gov/Archives/edgar/data/62709/000006270906000159/f10q2q06.htm"
  },
  {
    "date": "2006-03-31",
    "symbol": "MMC",
    "reportedCurrency": "USD",
    "cik": "0000062709",
    "fillingDate": "2006-05-10",
    "acceptedDate": "2006-05-09 19:18:29",
    "calendarYear": "2006",
    "period": "Q1",
    "revenue": 3025000000,
    "costOfRevenue": 0,
    "grossProfit": 3025000000,
    "grossProfitRatio": 1,
    "researchAndDevelopmentExpenses": 0,
    "generalAndAdministrativeExpenses": 0,
    "sellingAndMarketingExpenses": 0,
    "sellingGeneralAndAdministrativeExpenses": 2337000000,
    "otherExpenses": 0,
    "operatingExpenses": 2627000000,
    "costAndExpenses": 2337000000,
    "interestIncome": 0,
    "interestExpense": 0,
    "depreciationAndAmortization": 121000000,
    "ebitda": 458000000,
    "ebitdaratio": 0.1514049587,
    "operatingIncome": 337000000,
    "operatingIncomeRatio": 0.1114049587,
    "totalOtherIncomeExpensesNet": -63000000,
    "incomeBeforeTax": 336000000,
    "incomeBeforeTaxRatio": 0.1110743802,
    "incomeTaxExpense": 96000000,
    "netIncome": 416000000,
    "netIncomeRatio": 0.1375206612,
    "eps": 0.76,
    "epsdiluted": 0.75,
    "weightedAverageShsOut": 547000000,
    "weightedAverageShsOutDil": 555000000,
    "link": "https://www.sec.gov/Archives/edgar/data/62709/000006270906000090/0000062709-06-000090-index.htm",
    "finalLink": "https://www.sec.gov/Archives/edgar/data/62709/000006270906000090/f10q1q06.htm"
  },
  {
    "date": "2005-12-31",
    "symbol": "MMC",
    "reportedCurrency": "USD",
    "cik": "0000062709",
    "fillingDate": "2006-03-02",
    "acceptedDate": "2006-03-01 20:57:52",
    "calendarYear": "2005",
    "period": "Q4",
    "revenue": 2476000000,
    "costOfRevenue": 993000000,
    "grossProfit": 1483000000,
    "grossProfitRatio": 0.5989499192,
    "researchAndDevelopmentExpenses": 0,
    "generalAndAdministrativeExpenses": 0,
    "sellingAndMarketingExpenses": 0,
    "sellingGeneralAndAdministrativeExpenses": 1360000000,
    "otherExpenses": 40000000,
    "operatingExpenses": 1400000000,
    "costAndExpenses": 2393000000,
    "interestIncome": 0,
    "interestExpense": 0,
    "depreciationAndAmortization": 110000000,
    "ebitda": 193000000,
    "ebitdaratio": 0.0779483037,
    "operatingIncome": 83000000,
    "operatingIncomeRatio": 0.0335218094,
    "totalOtherIncomeExpensesNet": -65000000,
    "incomeBeforeTax": 18000000,
    "incomeBeforeTaxRatio": 0.00726979,
    "incomeTaxExpense": 16000000,
    "netIncome": 39000000,
    "netIncomeRatio": 0.0157512116,
    "eps": 0.0713,
    "epsdiluted": 0.0713,
    "weightedAverageShsOut": 547000000,
    "weightedAverageShsOutDil": 547000000,
    "link": "https://www.sec.gov/Archives/edgar/data/62709/000114544306000555/0001145443-06-000555-index.htm",
    "finalLink": "https://www.sec.gov/Archives/edgar/data/62709/000114544306000555/d18669_10k.htm"
  },
  {
    "date": "2005-09-30",
    "symbol": "MMC",
    "reportedCurrency": "USD",
    "cik": "0000062709",
    "fillingDate": "2005-11-09",
    "acceptedDate": "2005-11-08 20:08:16",
    "calendarYear": "2005",
    "period": "Q3",
    "revenue": 2898000000,
    "costOfRevenue": 887000000,
    "grossProfit": 2011000000,
    "grossProfitRatio": 0.6939268461,
    "researchAndDevelopmentExpenses": 0,
    "generalAndAdministrativeExpenses": 0,
    "sellingAndMarketingExpenses": 0,
    "sellingGeneralAndAdministrativeExpenses": 861000000,
    "otherExpenses": 0,
    "operatingExpenses": 1816000000,
    "costAndExpenses": 2592000000,
    "interestIncome": 0,
    "interestExpense": 0,
    "depreciationAndAmortization": 119000000,
    "ebitda": 306000000,
    "ebitdaratio": 0.1055900621,
    "operatingIncome": 187000000,
    "operatingIncomeRatio": 0.0645272602,
    "totalOtherIncomeExpensesNet": -98000000,
    "incomeBeforeTax": 97000000,
    "incomeBeforeTaxRatio": 0.0334713596,
    "incomeTaxExpense": 27000000,
    "netIncome": 65000000,
    "netIncomeRatio": 0.0224292616,
    "eps": 0.13,
    "epsdiluted": 0.12,
    "weightedAverageShsOut": 539000000,
    "weightedAverageShsOutDil": 544000000,
    "link": "https://www.sec.gov/Archives/edgar/data/62709/000006270905000249/0000062709-05-000249-index.htm",
    "finalLink": "https://www.sec.gov/Archives/edgar/data/62709/000006270905000249/f10q3qtr2005.htm"
  },
  {
    "date": "2005-06-30",
    "symbol": "MMC",
    "reportedCurrency": "USD",
    "cik": "0000062709",
    "fillingDate": "2005-08-09",
    "acceptedDate": "2005-08-09 13:58:16",
    "calendarYear": "2005",
    "period": "Q2",
    "revenue": 3096000000,
    "costOfRevenue": 2790000000,
    "grossProfit": 306000000,
    "grossProfitRatio": 0.0988372093,
    "researchAndDevelopmentExpenses": 0,
    "generalAndAdministrativeExpenses": 0,
    "sellingAndMarketingExpenses": 0,
    "sellingGeneralAndAdministrativeExpenses": 924000000,
    "otherExpenses": 0,
    "operatingExpenses": 0,
    "costAndExpenses": 2684000000,
    "interestIncome": 0,
    "interestExpense": 0,
    "depreciationAndAmortization": 130000000,
    "ebitda": 423000000,
    "ebitdaratio": 0.136627907,
    "operatingIncome": 293000000,
    "operatingIncomeRatio": 0.0946382429,
    "totalOtherIncomeExpensesNet": -62000000,
    "incomeBeforeTax": 244000000,
    "incomeBeforeTaxRatio": 0.0788113695,
    "incomeTaxExpense": 75000000,
    "netIncome": 166000000,
    "netIncomeRatio": 0.0536175711,
    "eps": 0.31,
    "epsdiluted": 0.31,
    "weightedAverageShsOut": 535000000,
    "weightedAverageShsOutDil": 538000000,
    "link": "https://www.sec.gov/Archives/edgar/data/62709/000116923205003977/0001169232-05-003977-index.htm",
    "finalLink": "https://www.sec.gov/Archives/edgar/data/62709/000116923205003977/d10q2q05bow.htm"
  },
  {
    "date": "2005-03-31",
    "symbol": "MMC",
    "reportedCurrency": "USD",
    "cik": "0000062709",
    "fillingDate": "2005-05-06",
    "acceptedDate": "2005-05-06 17:22:31",
    "calendarYear": "2005",
    "period": "Q1",
    "revenue": 3182000000,
    "costOfRevenue": 2910000000,
    "grossProfit": 272000000,
    "grossProfitRatio": 0.0854808297,
    "researchAndDevelopmentExpenses": 0,
    "generalAndAdministrativeExpenses": 0,
    "sellingAndMarketingExpenses": 0,
    "sellingGeneralAndAdministrativeExpenses": 2809000000,
    "otherExpenses": -2910000000,
    "operatingExpenses": 0,
    "costAndExpenses": 2809000000,
    "interestIncome": 0,
    "interestExpense": 0,
    "depreciationAndAmortization": 131000000,
    "ebitda": 392000000,
    "ebitdaratio": 0.1231929604,
    "operatingIncome": 261000000,
    "operatingIncomeRatio": 0.0820238843,
    "totalOtherIncomeExpensesNet": -60000000,
    "incomeBeforeTax": 212000000,
    "incomeBeforeTaxRatio": 0.0666247643,
    "incomeTaxExpense": 74000000,
    "netIncome": 134000000,
    "netIncomeRatio": 0.0421118793,
    "eps": 0.25,
    "epsdiluted": 0.25,
    "weightedAverageShsOut": 531000000,
    "weightedAverageShsOutDil": 536000000,
    "link": "https://www.sec.gov/Archives/edgar/data/62709/000006270905000117/0000062709-05-000117-index.htm",
    "finalLink": "https://www.sec.gov/Archives/edgar/data/62709/000006270905000117/f10-q1stqrt2005.htm"
  },
  {
    "date": "2004-12-31",
    "symbol": "MMC",
    "reportedCurrency": "USD",
    "cik": "0000062709",
    "fillingDate": "2005-03-09",
    "acceptedDate": "2005-03-08 21:29:09",
    "calendarYear": "2004",
    "period": "Q4",
    "revenue": 2944000000,
    "costOfRevenue": 0,
    "grossProfit": 2944000000,
    "grossProfitRatio": 1,
    "researchAndDevelopmentExpenses": 0,
    "generalAndAdministrativeExpenses": 0,
    "sellingAndMarketingExpenses": 0,
    "sellingGeneralAndAdministrativeExpenses": 0,
    "otherExpenses": 3829000000,
    "operatingExpenses": -3829000000,
    "costAndExpenses": 3829000000,
    "interestIncome": 0,
    "interestExpense": 0,
    "depreciationAndAmortization": 122000000,
    "ebitda": -763000000,
    "ebitdaratio": -0.2591711957,
    "operatingIncome": -885000000,
    "operatingIncomeRatio": -0.300611413,
    "totalOtherIncomeExpensesNet": -56000000,
    "incomeBeforeTax": -941000000,
    "incomeBeforeTaxRatio": -0.3196331522,
    "incomeTaxExpense": -268000000,
    "netIncome": -680000000,
    "netIncomeRatio": -0.2309782609,
    "eps": -1.28,
    "epsdiluted": -1.28,
    "weightedAverageShsOut": 531000000,
    "weightedAverageShsOutDil": 531000000,
    "link": "https://www.sec.gov/Archives/edgar/data/62709/000006270905000062/0000062709-05-000062-index.htm",
    "finalLink": "https://www.sec.gov/Archives/edgar/data/62709/000006270905000062/f10kdec31-2004.txt"
  },
  {
    "date": "2004-09-30",
    "symbol": "MMC",
    "reportedCurrency": "USD",
    "cik": "0000062709",
    "fillingDate": "2004-11-09",
    "acceptedDate": "2004-11-09 16:35:18",
    "calendarYear": "2004",
    "period": "Q3",
    "revenue": 2969000000,
    "costOfRevenue": 2841000000,
    "grossProfit": 128000000,
    "grossProfitRatio": 0.043112159,
    "researchAndDevelopmentExpenses": 0,
    "generalAndAdministrativeExpenses": 0,
    "sellingAndMarketingExpenses": 0,
    "sellingGeneralAndAdministrativeExpenses": 1716000000,
    "otherExpenses": 272000000,
    "operatingExpenses": 0,
    "costAndExpenses": 2822000000,
    "interestIncome": 0,
    "interestExpense": 0,
    "depreciationAndAmortization": 123000000,
    "ebitda": 251000000,
    "ebitdaratio": 0.0845402492,
    "operatingIncome": 128000000,
    "operatingIncomeRatio": 0.043112159,
    "totalOtherIncomeExpensesNet": -49000000,
    "incomeBeforeTax": 79000000,
    "incomeBeforeTaxRatio": 0.0266082856,
    "incomeTaxExpense": 52000000,
    "netIncome": 21000000,
    "netIncomeRatio": 0.0070730886,
    "eps": 0.04,
    "epsdiluted": 0.04,
    "weightedAverageShsOut": 521000000,
    "weightedAverageShsOutDil": 533000000,
    "link": "https://www.sec.gov/Archives/edgar/data/62709/000006270904000136/0000062709-04-000136-index.htm",
    "finalLink": "https://www.sec.gov/Archives/edgar/data/62709/000006270904000136/f10q3rdqtr2004.txt"
  },
  {
    "date": "2004-06-30",
    "symbol": "MMC",
    "reportedCurrency": "USD",
    "cik": "0000062709",
    "fillingDate": "2004-08-03",
    "acceptedDate": "2004-08-03 16:44:54",
    "calendarYear": "2004",
    "period": "Q2",
    "revenue": 3036000000,
    "costOfRevenue": 2404000000,
    "grossProfit": 632000000,
    "grossProfitRatio": 0.208168643,
    "researchAndDevelopmentExpenses": 0,
    "generalAndAdministrativeExpenses": 0,
    "sellingAndMarketingExpenses": 0,
    "sellingGeneralAndAdministrativeExpenses": 0,
    "otherExpenses": 0,
    "operatingExpenses": 0,
    "costAndExpenses": 2396000000,
    "interestIncome": 0,
    "interestExpense": 0,
    "depreciationAndAmortization": 103000000,
    "ebitda": 735000000,
    "ebitdaratio": 0.2420948617,
    "operatingIncome": 632000000,
    "operatingIncomeRatio": 0.208168643,
    "totalOtherIncomeExpensesNet": -44000000,
    "incomeBeforeTax": 588000000,
    "incomeBeforeTaxRatio": 0.1936758893,
    "incomeTaxExpense": 194000000,
    "netIncome": 389000000,
    "netIncomeRatio": 0.1281291173,
    "eps": 0.75,
    "epsdiluted": 0.73,
    "weightedAverageShsOut": 522000000,
    "weightedAverageShsOutDil": 534000000,
    "link": "https://www.sec.gov/Archives/edgar/data/62709/000006270904000086/0000062709-04-000086-index.htm",
    "finalLink": "https://www.sec.gov/Archives/edgar/data/62709/000006270904000086/f10q_2qtr2004.txt"
  },
  {
    "date": "2004-03-31",
    "symbol": "MMC",
    "reportedCurrency": "USD",
    "cik": "0000062709",
    "fillingDate": "2004-05-10",
    "acceptedDate": "2004-05-10 15:58:23",
    "calendarYear": "2004",
    "period": "Q1",
    "revenue": 3210000000,
    "costOfRevenue": 2437000000,
    "grossProfit": 773000000,
    "grossProfitRatio": 0.2408099688,
    "researchAndDevelopmentExpenses": 0,
    "generalAndAdministrativeExpenses": 0,
    "sellingAndMarketingExpenses": 0,
    "sellingGeneralAndAdministrativeExpenses": 0,
    "otherExpenses": 0,
    "operatingExpenses": 0,
    "costAndExpenses": 2423000000,
    "interestIncome": 0,
    "interestExpense": 0,
    "depreciationAndAmortization": 108000000,
    "ebitda": 881000000,
    "ebitdaratio": 0.2744548287,
    "operatingIncome": 773000000,
    "operatingIncomeRatio": 0.2408099688,
    "totalOtherIncomeExpensesNet": -45000000,
    "incomeBeforeTax": 728000000,
    "incomeBeforeTaxRatio": 0.2267912773,
    "incomeTaxExpense": 281000000,
    "netIncome": 446000000,
    "netIncomeRatio": 0.13894081,
    "eps": 0.85,
    "epsdiluted": 0.83,
    "weightedAverageShsOut": 525000000,
    "weightedAverageShsOutDil": 540000000,
    "link": "https://www.sec.gov/Archives/edgar/data/62709/000006270904000051/0000062709-04-000051-index.htm",
    "finalLink": "https://www.sec.gov/Archives/edgar/data/62709/000006270904000051/sec510-04.txt"
  },
  {
    "date": "2003-12-31",
    "symbol": "MMC",
    "reportedCurrency": "USD",
    "cik": "0000062709",
    "fillingDate": "2004-03-15",
    "acceptedDate": "2004-03-15 15:17:11",
    "calendarYear": "2003",
    "period": "Q4",
    "revenue": 3034000000,
    "costOfRevenue": 2447000000,
    "grossProfit": 587000000,
    "grossProfitRatio": 0.1934739618,
    "researchAndDevelopmentExpenses": 0,
    "generalAndAdministrativeExpenses": 0,
    "sellingAndMarketingExpenses": 0,
    "sellingGeneralAndAdministrativeExpenses": 0,
    "otherExpenses": 0,
    "operatingExpenses": 0,
    "costAndExpenses": 2447000000,
    "interestIncome": 0,
    "interestExpense": 0,
    "depreciationAndAmortization": 99000000,
    "ebitda": 686000000,
    "ebitdaratio": 0.2261041529,
    "operatingIncome": 587000000,
    "operatingIncomeRatio": 0.1934739618,
    "totalOtherIncomeExpensesNet": -26000000,
    "incomeBeforeTax": 561000000,
    "incomeBeforeTaxRatio": 0.1849044166,
    "incomeTaxExpense": 161000000,
    "netIncome": 375000000,
    "netIncomeRatio": 0.123599209,
    "eps": 0.71,
    "epsdiluted": 0.71,
    "weightedAverageShsOut": 525000000,
    "weightedAverageShsOutDil": 525000000,
    "link": "https://www.sec.gov/Archives/edgar/data/62709/000093041304001138/0000930413-04-001138-index.htm",
    "finalLink": "https://www.sec.gov/Archives/edgar/data/62709/000093041304001138/c30912_10k.txt"
  },
  {
    "date": "2003-09-30",
    "symbol": "MMC",
    "reportedCurrency": "USD",
    "cik": "0000062709",
    "fillingDate": "2003-11-14",
    "acceptedDate": "2003-11-14 11:38:20",
    "calendarYear": "2003",
    "period": "Q3",
    "revenue": 2837000000,
    "costOfRevenue": 2244000000,
    "grossProfit": 593000000,
    "grossProfitRatio": 0.2090236165,
    "researchAndDevelopmentExpenses": 0,
    "generalAndAdministrativeExpenses": 0,
    "sellingAndMarketingExpenses": 0,
    "sellingGeneralAndAdministrativeExpenses": 0,
    "otherExpenses": 0,
    "operatingExpenses": 0,
    "costAndExpenses": 2244000000,
    "interestIncome": 0,
    "interestExpense": 0,
    "depreciationAndAmortization": 98000000,
    "ebitda": 691000000,
    "ebitdaratio": 0.2435671484,
    "operatingIncome": 593000000,
    "operatingIncomeRatio": 0.2090236165,
    "totalOtherIncomeExpensesNet": -48000000,
    "incomeBeforeTax": 545000000,
    "incomeBeforeTaxRatio": 0.1921043356,
    "incomeTaxExpense": 188000000,
    "netIncome": 357000000,
    "netIncomeRatio": 0.1258371519,
    "eps": 0.67,
    "epsdiluted": 0.65,
    "weightedAverageShsOut": 531000000,
    "weightedAverageShsOutDil": 550000000,
    "link": "https://www.sec.gov/Archives/edgar/data/62709/000006270903000147/0000062709-03-000147-index.htm",
    "finalLink": "https://www.sec.gov/Archives/edgar/data/62709/000006270903000147/f10q3rdqtr2003.txt"
  },
  {
    "date": "2003-06-30",
    "symbol": "MMC",
    "reportedCurrency": "USD",
    "cik": "0000062709",
    "fillingDate": "2003-08-14",
    "acceptedDate": "2003-08-14 12:20:32",
    "calendarYear": "2003",
    "period": "Q2",
    "revenue": 2865000000,
    "costOfRevenue": 2266000000,
    "grossProfit": 599000000,
    "grossProfitRatio": 0.2090750436,
    "researchAndDevelopmentExpenses": 0,
    "generalAndAdministrativeExpenses": 0,
    "sellingAndMarketingExpenses": 0,
    "sellingGeneralAndAdministrativeExpenses": 0,
    "otherExpenses": 0,
    "operatingExpenses": 0,
    "costAndExpenses": 2266000000,
    "interestIncome": 0,
    "interestExpense": 0,
    "depreciationAndAmortization": 99000000,
    "ebitda": 698000000,
    "ebitdaratio": 0.2436300175,
    "operatingIncome": 599000000,
    "operatingIncomeRatio": 0.2090750436,
    "totalOtherIncomeExpensesNet": -39000000,
    "incomeBeforeTax": 560000000,
    "incomeBeforeTaxRatio": 0.1954624782,
    "incomeTaxExpense": 189000000,
    "netIncome": 365000000,
    "netIncomeRatio": 0.127399651,
    "eps": 0.68,
    "epsdiluted": 0.66,
    "weightedAverageShsOut": 534000000,
    "weightedAverageShsOutDil": 552000000,
    "link": "https://www.sec.gov/Archives/edgar/data/62709/000006270903000120/0000062709-03-000120-index.htm",
    "finalLink": "https://www.sec.gov/Archives/edgar/data/62709/000006270903000120/f10q_2qtr2003.txt"
  },
  {
    "date": "2003-03-31",
    "symbol": "MMC",
    "reportedCurrency": "USD",
    "cik": "0000062709",
    "fillingDate": "2003-05-13",
    "acceptedDate": "2003-05-13 17:26:23",
    "calendarYear": "2003",
    "period": "Q1",
    "revenue": 2852000000,
    "costOfRevenue": 2135000000,
    "grossProfit": 717000000,
    "grossProfitRatio": 0.2514025245,
    "researchAndDevelopmentExpenses": 0,
    "generalAndAdministrativeExpenses": 0,
    "sellingAndMarketingExpenses": 0,
    "sellingGeneralAndAdministrativeExpenses": 0,
    "otherExpenses": 0,
    "operatingExpenses": 0,
    "costAndExpenses": 2135000000,
    "interestIncome": 0,
    "interestExpense": 0,
    "depreciationAndAmortization": 95000000,
    "ebitda": 812000000,
    "ebitdaratio": 0.2847124825,
    "operatingIncome": 717000000,
    "operatingIncomeRatio": 0.2514025245,
    "totalOtherIncomeExpensesNet": -37000000,
    "incomeBeforeTax": 680000000,
    "incomeBeforeTaxRatio": 0.2384291725,
    "incomeTaxExpense": 232000000,
    "netIncome": 443000000,
    "netIncomeRatio": 0.1553295933,
    "eps": 0.83,
    "epsdiluted": 0.81,
    "weightedAverageShsOut": 536000000,
    "weightedAverageShsOutDil": 547000000,
    "link": "https://www.sec.gov/Archives/edgar/data/62709/000006270903000071/0000062709-03-000071-index.htm",
    "finalLink": "https://www.sec.gov/Archives/edgar/data/62709/000006270903000071/sec0513-03.txt"
  },
  {
    "date": "2002-12-31",
    "symbol": "MMC",
    "reportedCurrency": "USD",
    "cik": "0000062709",
    "fillingDate": "2003-03-26",
    "acceptedDate": "2003-03-26 15:17:08",
    "calendarYear": "2002",
    "period": "Q4",
    "revenue": 2640000000,
    "costOfRevenue": 2130000000,
    "grossProfit": 510000000,
    "grossProfitRatio": 0.1931818182,
    "researchAndDevelopmentExpenses": 0,
    "generalAndAdministrativeExpenses": 0,
    "sellingAndMarketingExpenses": 0,
    "sellingGeneralAndAdministrativeExpenses": 0,
    "otherExpenses": 0,
    "operatingExpenses": 0,
    "costAndExpenses": 2130000000,
    "interestIncome": 0,
    "interestExpense": 0,
    "depreciationAndAmortization": 94000000,
    "ebitda": 604000000,
    "ebitdaratio": 0.2287878788,
    "operatingIncome": 510000000,
    "operatingIncomeRatio": 0.1931818182,
    "totalOtherIncomeExpensesNet": -19000000,
    "incomeBeforeTax": 491000000,
    "incomeBeforeTaxRatio": 0.1859848485,
    "incomeTaxExpense": 158000000,
    "netIncome": 312000000,
    "netIncomeRatio": 0.1181818182,
    "eps": 0.58,
    "epsdiluted": 0.58,
    "weightedAverageShsOut": 536000000,
    "weightedAverageShsOutDil": 536000000,
    "link": "https://www.sec.gov/Archives/edgar/data/62709/000093041303000907/0000930413-03-000907-index.htm",
    "finalLink": "https://www.sec.gov/Archives/edgar/data/62709/000093041303000907/c27369_10k.txt"
  },
  {
    "date": "2002-09-30",
    "symbol": "MMC",
    "reportedCurrency": "USD",
    "cik": "0000062709",
    "fillingDate": "2002-11-14",
    "acceptedDate": "2002-11-14 15:52:32",
    "calendarYear": "2002",
    "period": "Q3",
    "revenue": 2553000000,
    "costOfRevenue": 2041000000,
    "grossProfit": 512000000,
    "grossProfitRatio": 0.2005483745,
    "researchAndDevelopmentExpenses": 0,
    "generalAndAdministrativeExpenses": 0,
    "sellingAndMarketingExpenses": 0,
    "sellingGeneralAndAdministrativeExpenses": 0,
    "otherExpenses": 0,
    "operatingExpenses": 0,
    "costAndExpenses": 2041000000,
    "interestIncome": 0,
    "interestExpense": 0,
    "depreciationAndAmortization": 90000000,
    "ebitda": 602000000,
    "ebitdaratio": 0.2358010184,
    "operatingIncome": 512000000,
    "operatingIncomeRatio": 0.2005483745,
    "totalOtherIncomeExpensesNet": -45000000,
    "incomeBeforeTax": 467000000,
    "incomeBeforeTaxRatio": 0.1829220525,
    "incomeTaxExpense": 168000000,
    "netIncome": 299000000,
    "netIncomeRatio": 0.1171171171,
    "eps": 0.56,
    "epsdiluted": 0.55,
    "weightedAverageShsOut": 535000000,
    "weightedAverageShsOutDil": 548000000,
    "link": "https://www.sec.gov/Archives/edgar/data/62709/000006270902000032/0000062709-02-000032-index.htm",
    "finalLink": "https://www.sec.gov/Archives/edgar/data/62709/000006270902000032/f10q3rdqtr2002.txt"
  },
  {
    "date": "2002-06-30",
    "symbol": "MMC",
    "reportedCurrency": "USD",
    "cik": "0000062709",
    "fillingDate": "2002-08-13",
    "acceptedDate": "2002-08-12 18:38:37",
    "calendarYear": "2002",
    "period": "Q2",
    "revenue": 2612000000,
    "costOfRevenue": 2047000000,
    "grossProfit": 565000000,
    "grossProfitRatio": 0.2163093415,
    "researchAndDevelopmentExpenses": 0,
    "generalAndAdministrativeExpenses": 0,
    "sellingAndMarketingExpenses": 0,
    "sellingGeneralAndAdministrativeExpenses": 0,
    "otherExpenses": 0,
    "operatingExpenses": 0,
    "costAndExpenses": 2047000000,
    "interestIncome": 0,
    "interestExpense": 0,
    "depreciationAndAmortization": 89000000,
    "ebitda": 654000000,
    "ebitdaratio": 0.2503828484,
    "operatingIncome": 565000000,
    "operatingIncomeRatio": 0.2163093415,
    "totalOtherIncomeExpensesNet": -34000000,
    "incomeBeforeTax": 531000000,
    "incomeBeforeTaxRatio": 0.2032924962,
    "incomeTaxExpense": 189000000,
    "netIncome": 336000000,
    "netIncomeRatio": 0.1286370597,
    "eps": 0.62,
    "epsdiluted": 0.6,
    "weightedAverageShsOut": 545000000,
    "weightedAverageShsOutDil": 562000000,
    "link": "https://www.sec.gov/Archives/edgar/data/62709/000006270902000020/0000062709-02-000020-index.htm",
    "finalLink": "https://www.sec.gov/Archives/edgar/data/62709/000006270902000020/tenq2qtr02.txt"
  },
  {
    "date": "2002-03-31",
    "symbol": "MMC",
    "reportedCurrency": "USD",
    "cik": "0000062709",
    "fillingDate": "2002-05-14",
    "acceptedDate": "2002-05-14 15:56:12",
    "calendarYear": "2002",
    "period": "Q1",
    "revenue": 2635000000,
    "costOfRevenue": 1948000000,
    "grossProfit": 687000000,
    "grossProfitRatio": 0.2607210626,
    "researchAndDevelopmentExpenses": 0,
    "generalAndAdministrativeExpenses": 0,
    "sellingAndMarketingExpenses": 0,
    "sellingGeneralAndAdministrativeExpenses": 0,
    "otherExpenses": 0,
    "operatingExpenses": 0,
    "costAndExpenses": 1948000000,
    "interestIncome": 0,
    "interestExpense": 0,
    "depreciationAndAmortization": 86000000,
    "ebitda": 773000000,
    "ebitdaratio": 0.2933586338,
    "operatingIncome": 687000000,
    "operatingIncomeRatio": 0.2607210626,
    "totalOtherIncomeExpensesNet": -37000000,
    "incomeBeforeTax": 650000000,
    "incomeBeforeTaxRatio": 0.2466793169,
    "incomeTaxExpense": 232000000,
    "netIncome": 418000000,
    "netIncomeRatio": 0.1586337761,
    "eps": 0.77,
    "epsdiluted": 0.74,
    "weightedAverageShsOut": 548000000,
    "weightedAverageShsOutDil": 568000000,
    "link": "https://www.sec.gov/Archives/edgar/data/62709/000006270902000007/0000062709-02-000007-index.htm",
    "finalLink": "https://www.sec.gov/Archives/edgar/data/62709/000006270902000007/f10q1qtr2002.txt"
  },
  {
    "date": "2001-12-31",
    "symbol": "MMC",
    "reportedCurrency": "USD",
    "cik": "0000062709",
    "fillingDate": "2002-03-29",
    "acceptedDate": "2002-03-29 00:00:00",
    "calendarYear": "2001",
    "period": "Q4",
    "revenue": 2473000000,
    "costOfRevenue": 2193000000,
    "grossProfit": 280000000,
    "grossProfitRatio": 0.1132228063,
    "researchAndDevelopmentExpenses": 0,
    "generalAndAdministrativeExpenses": 0,
    "sellingAndMarketingExpenses": 0,
    "sellingGeneralAndAdministrativeExpenses": 0,
    "otherExpenses": 0,
    "operatingExpenses": 0,
    "costAndExpenses": 2193000000,
    "interestIncome": 0,
    "interestExpense": 0,
    "depreciationAndAmortization": 127000000,
    "ebitda": 407000000,
    "ebitdaratio": 0.1645774363,
    "operatingIncome": 280000000,
    "operatingIncomeRatio": 0.1132228063,
    "totalOtherIncomeExpensesNet": -37000000,
    "incomeBeforeTax": 243000000,
    "incomeBeforeTaxRatio": 0.0982612212,
    "incomeTaxExpense": 96000000,
    "netIncome": 144000000,
    "netIncomeRatio": 0.0582288718,
    "eps": 0.26,
    "epsdiluted": 0.26,
    "weightedAverageShsOut": 547000000,
    "weightedAverageShsOutDil": 548000000,
    "link": "https://www.sec.gov/Archives/edgar/data/62709/000093041302001103/0000930413-02-001103-index.htm",
    "finalLink": "https://www.sec.gov/Archives/edgar/data/62709/000093041302001103/c23478_10k-.txt"
  },
  {
    "date": "2001-09-30",
    "symbol": "MMC",
    "reportedCurrency": "USD",
    "cik": "0000062709",
    "fillingDate": "2001-11-14",
    "acceptedDate": "2001-11-14 00:00:00",
    "calendarYear": "2001",
    "period": "Q3",
    "revenue": 2371000000,
    "costOfRevenue": 2059000000,
    "grossProfit": 312000000,
    "grossProfitRatio": 0.1315900464,
    "researchAndDevelopmentExpenses": 0,
    "generalAndAdministrativeExpenses": 0,
    "sellingAndMarketingExpenses": 0,
    "sellingGeneralAndAdministrativeExpenses": 0,
    "otherExpenses": 0,
    "operatingExpenses": 0,
    "costAndExpenses": 2095000000,
    "interestIncome": 0,
    "interestExpense": 0,
    "depreciationAndAmortization": 128000000,
    "ebitda": 440000000,
    "ebitdaratio": 0.1855757065,
    "operatingIncome": 312000000,
    "operatingIncomeRatio": 0.1315900464,
    "totalOtherIncomeExpensesNet": -40000000,
    "incomeBeforeTax": 272000000,
    "incomeBeforeTaxRatio": 0.1147195276,
    "incomeTaxExpense": 100000000,
    "netIncome": 168000000,
    "netIncomeRatio": 0.0708561788,
    "eps": 0.31,
    "epsdiluted": 0.29,
    "weightedAverageShsOut": 548000000,
    "weightedAverageShsOutDil": 569000000,
    "link": "https://www.sec.gov/Archives/edgar/data/62709/000006270901500019/0000062709-01-500019-index.htm",
    "finalLink": "https://www.sec.gov/Archives/edgar/data/62709/000006270901500019/f10q3qtr.txt"
  },
  {
    "date": "2001-06-30",
    "symbol": "MMC",
    "reportedCurrency": "USD",
    "cik": "0000062709",
    "fillingDate": "2001-08-13",
    "acceptedDate": "2001-08-13 00:00:00",
    "calendarYear": "2001",
    "period": "Q2",
    "revenue": 2505000000,
    "costOfRevenue": 1979000000,
    "grossProfit": 526000000,
    "grossProfitRatio": 0.2099800399,
    "researchAndDevelopmentExpenses": 0,
    "generalAndAdministrativeExpenses": 0,
    "sellingAndMarketingExpenses": 0,
    "sellingGeneralAndAdministrativeExpenses": 0,
    "otherExpenses": 0,
    "operatingExpenses": 0,
    "costAndExpenses": 2015000000,
    "interestIncome": 0,
    "interestExpense": 0,
    "depreciationAndAmortization": 134000000,
    "ebitda": 660000000,
    "ebitdaratio": 0.2634730539,
    "operatingIncome": 526000000,
    "operatingIncomeRatio": 0.2099800399,
    "totalOtherIncomeExpensesNet": -54000000,
    "incomeBeforeTax": 472000000,
    "incomeBeforeTaxRatio": 0.1884231537,
    "incomeTaxExpense": 179000000,
    "netIncome": 293000000,
    "netIncomeRatio": 0.1169660679,
    "eps": 0.54,
    "epsdiluted": 0.51,
    "weightedAverageShsOut": 552000000,
    "weightedAverageShsOutDil": 574000000,
    "link": "https://www.sec.gov/Archives/edgar/data/62709/000006270901500008/0000062709-01-500008-index.htm",
    "finalLink": "https://www.sec.gov/Archives/edgar/data/62709/000006270901500008/f10q_2qtr.txt"
  },
  {
    "date": "2001-03-31",
    "symbol": "MMC",
    "reportedCurrency": "USD",
    "cik": "0000062709",
    "fillingDate": "2001-05-15",
    "acceptedDate": "2001-05-15 00:00:00",
    "calendarYear": "2001",
    "period": "Q1",
    "revenue": 2594000000,
    "costOfRevenue": 1949000000,
    "grossProfit": 645000000,
    "grossProfitRatio": 0.2486507325,
    "researchAndDevelopmentExpenses": 0,
    "generalAndAdministrativeExpenses": 0,
    "sellingAndMarketingExpenses": 0,
    "sellingGeneralAndAdministrativeExpenses": 0,
    "otherExpenses": 0,
    "operatingExpenses": 0,
    "costAndExpenses": 1949000000,
    "interestIncome": 0,
    "interestExpense": 0,
    "depreciationAndAmortization": 131000000,
    "ebitda": 776000000,
    "ebitdaratio": 0.299151889,
    "operatingIncome": 645000000,
    "operatingIncomeRatio": 0.2486507325,
    "totalOtherIncomeExpensesNet": -52000000,
    "incomeBeforeTax": 593000000,
    "incomeBeforeTaxRatio": 0.2286044719,
    "incomeTaxExpense": 224000000,
    "netIncome": 369000000,
    "netIncomeRatio": 0.1422513493,
    "eps": 0.67,
    "epsdiluted": 0.64,
    "weightedAverageShsOut": 552000000,
    "weightedAverageShsOutDil": 576000000,
    "link": "https://www.sec.gov/Archives/edgar/data/62709/000091205701515899/0000912057-01-515899-index.htm",
    "finalLink": "https://www.sec.gov/Archives/edgar/data/62709/000091205701515899/a2049725z10-q.txt"
  },
  {
    "date": "2000-12-31",
    "symbol": "MMC",
    "reportedCurrency": "USD",
    "cik": "0000062709",
    "fillingDate": "2001-03-29",
    "acceptedDate": "2001-03-29 00:00:00",
    "calendarYear": "2000",
    "period": "Q4",
    "revenue": 2476000000,
    "costOfRevenue": 1746000000,
    "grossProfit": 730000000,
    "grossProfitRatio": 0.2948303716,
    "researchAndDevelopmentExpenses": 0,
    "generalAndAdministrativeExpenses": 0,
    "sellingAndMarketingExpenses": 0,
    "sellingGeneralAndAdministrativeExpenses": 0,
    "otherExpenses": 185000000,
    "operatingExpenses": 185000000,
    "costAndExpenses": 1931000000,
    "interestIncome": 0,
    "interestExpense": 0,
    "depreciationAndAmortization": 185000000,
    "ebitda": 730000000,
    "ebitdaratio": 0.2948303716,
    "operatingIncome": 545000000,
    "operatingIncomeRatio": 0.2201130856,
    "totalOtherIncomeExpensesNet": -72000000,
    "incomeBeforeTax": 473000000,
    "incomeBeforeTaxRatio": 0.1910339257,
    "incomeTaxExpense": 187000000,
    "netIncome": 286000000,
    "netIncomeRatio": 0.1155088853,
    "eps": 0.52,
    "epsdiluted": 0.52,
    "weightedAverageShsOut": 552000000,
    "weightedAverageShsOutDil": 552000000,
    "link": "https://www.sec.gov/Archives/edgar/data/62709/000091205701505365/0000912057-01-505365-index.htm",
    "finalLink": "https://www.sec.gov/Archives/edgar/data/62709/000091205701505365/a2041744z10-k.txt"
  },
  {
    "date": "2000-09-30",
    "symbol": "MMC",
    "reportedCurrency": "USD",
    "cik": "0000062709",
    "fillingDate": "2000-11-14",
    "acceptedDate": "2000-11-14 00:00:00",
    "calendarYear": "2000",
    "period": "Q3",
    "revenue": 2535000000,
    "costOfRevenue": 1916000000,
    "grossProfit": 619000000,
    "grossProfitRatio": 0.2441814596,
    "researchAndDevelopmentExpenses": 0,
    "generalAndAdministrativeExpenses": 0,
    "sellingAndMarketingExpenses": 0,
    "sellingGeneralAndAdministrativeExpenses": 0,
    "otherExpenses": 103000000,
    "operatingExpenses": 103000000,
    "costAndExpenses": 2019000000,
    "interestIncome": 0,
    "interestExpense": 0,
    "depreciationAndAmortization": 103000000,
    "ebitda": 619000000,
    "ebitdaratio": 0.2441814596,
    "operatingIncome": 516000000,
    "operatingIncomeRatio": 0.2035502959,
    "totalOtherIncomeExpensesNet": -56000000,
    "incomeBeforeTax": 460000000,
    "incomeBeforeTaxRatio": 0.1814595661,
    "incomeTaxExpense": 178000000,
    "netIncome": 282000000,
    "netIncomeRatio": 0.1112426036,
    "eps": 0.52,
    "epsdiluted": 0.49,
    "weightedAverageShsOut": 544000000,
    "weightedAverageShsOutDil": 572000000,
    "link": "https://www.sec.gov/Archives/edgar/data/62709/000006270900000019/0000062709-00-000019-index.htm",
    "finalLink": "https://www.sec.gov/Archives/edgar/data/62709/000006270900000019/0000062709-00-000019-0001.txt"
  },
  {
    "date": "2000-06-30",
    "symbol": "MMC",
    "reportedCurrency": "USD",
    "cik": "0000062709",
    "fillingDate": "2000-08-14",
    "acceptedDate": "2000-08-14 00:00:00",
    "calendarYear": "2000",
    "period": "Q2",
    "revenue": 2481000000,
    "costOfRevenue": 1875000000,
    "grossProfit": 606000000,
    "grossProfitRatio": 0.2442563482,
    "researchAndDevelopmentExpenses": 0,
    "generalAndAdministrativeExpenses": 0,
    "sellingAndMarketingExpenses": 0,
    "sellingGeneralAndAdministrativeExpenses": 0,
    "otherExpenses": 100000000,
    "operatingExpenses": 100000000,
    "costAndExpenses": 1975000000,
    "interestIncome": 0,
    "interestExpense": 0,
    "depreciationAndAmortization": 100000000,
    "ebitda": 606000000,
    "ebitdaratio": 0.2442563482,
    "operatingIncome": 506000000,
    "operatingIncomeRatio": 0.2039500202,
    "totalOtherIncomeExpensesNet": -62000000,
    "incomeBeforeTax": 444000000,
    "incomeBeforeTaxRatio": 0.1789600967,
    "incomeTaxExpense": 168000000,
    "netIncome": 276000000,
    "netIncomeRatio": 0.1112454655,
    "eps": 0.51,
    "epsdiluted": 0.48,
    "weightedAverageShsOut": 540000000,
    "weightedAverageShsOutDil": 566000000,
    "link": "https://www.sec.gov/Archives/edgar/data/62709/000006270900000017/0000062709-00-000017-index.htm",
    "finalLink": "https://www.sec.gov/Archives/edgar/data/62709/000006270900000017/0000062709-00-000017-0001.txt"
  },
  {
    "date": "2000-03-31",
    "symbol": "MMC",
    "reportedCurrency": "USD",
    "cik": "0000062709",
    "fillingDate": "2000-05-12",
    "acceptedDate": "2000-05-12 00:00:00",
    "calendarYear": "2000",
    "period": "Q1",
    "revenue": 2665000000,
    "costOfRevenue": 1953000000,
    "grossProfit": 712000000,
    "grossProfitRatio": 0.2671669794,
    "researchAndDevelopmentExpenses": 0,
    "generalAndAdministrativeExpenses": 0,
    "sellingAndMarketingExpenses": 0,
    "sellingGeneralAndAdministrativeExpenses": 0,
    "otherExpenses": 100000000,
    "operatingExpenses": 100000000,
    "costAndExpenses": 2053000000,
    "interestIncome": 0,
    "interestExpense": 0,
    "depreciationAndAmortization": 100000000,
    "ebitda": 712000000,
    "ebitdaratio": 0.2671669794,
    "operatingIncome": 612000000,
    "operatingIncomeRatio": 0.2296435272,
    "totalOtherIncomeExpensesNet": -55000000,
    "incomeBeforeTax": 557000000,
    "incomeBeforeTaxRatio": 0.2090056285,
    "incomeTaxExpense": 220000000,
    "netIncome": 337000000,
    "netIncomeRatio": 0.1264540338,
    "eps": 0.63,
    "epsdiluted": 0.6,
    "weightedAverageShsOut": 536000000,
    "weightedAverageShsOutDil": 560000000,
    "link": "https://www.sec.gov/Archives/edgar/data/62709/000006270900000006/0000062709-00-000006-index.html",
    "finalLink": "https://www.sec.gov/Archives/edgar/data/62709/000006270900000006/"
  },
  {
    "date": "1999-12-31",
    "symbol": "MMC",
    "reportedCurrency": "USD",
    "cik": "0000062709",
    "fillingDate": "2000-03-29",
    "acceptedDate": "2000-03-29 00:00:00",
    "calendarYear": "1999",
    "period": "Q4",
    "revenue": 2334000000,
    "costOfRevenue": 2043000000,
    "grossProfit": 291000000,
    "grossProfitRatio": 0.1246786632,
    "researchAndDevelopmentExpenses": 0,
    "generalAndAdministrativeExpenses": 0,
    "sellingAndMarketingExpenses": 0,
    "sellingGeneralAndAdministrativeExpenses": 0,
    "otherExpenses": 123000000,
    "operatingExpenses": 123000000,
    "costAndExpenses": 2166000000,
    "interestIncome": 0,
    "interestExpense": 0,
    "depreciationAndAmortization": 123000000,
    "ebitda": 291000000,
    "ebitdaratio": 0.1246786632,
    "operatingIncome": 168000000,
    "operatingIncomeRatio": 0.0719794344,
    "totalOtherIncomeExpensesNet": -55000000,
    "incomeBeforeTax": 113000000,
    "incomeBeforeTaxRatio": 0.0484147386,
    "incomeTaxExpense": 66000000,
    "netIncome": 47000000,
    "netIncomeRatio": 0.0201371037,
    "eps": 0.0877,
    "epsdiluted": 0.0877,
    "weightedAverageShsOut": 536000000,
    "weightedAverageShsOutDil": 536000000,
    "link": "https://www.sec.gov/Archives/edgar/data/62709/000091205700014263/0000912057-00-014263-index.html",
    "finalLink": "https://www.sec.gov/Archives/edgar/data/62709/000091205700014263/"
  },
  {
    "date": "1999-09-30",
    "symbol": "MMC",
    "reportedCurrency": "USD",
    "cik": "0000062709",
    "fillingDate": "1999-11-15",
    "acceptedDate": "1999-11-15 00:00:00",
    "calendarYear": "1999",
    "period": "Q3",
    "revenue": 2227000000,
    "costOfRevenue": 1703000000,
    "grossProfit": 524000000,
    "grossProfitRatio": 0.2352941176,
    "researchAndDevelopmentExpenses": 0,
    "generalAndAdministrativeExpenses": 0,
    "sellingAndMarketingExpenses": 0,
    "sellingGeneralAndAdministrativeExpenses": 0,
    "otherExpenses": 99000000,
    "operatingExpenses": 99000000,
    "costAndExpenses": 1802000000,
    "interestIncome": 0,
    "interestExpense": 0,
    "depreciationAndAmortization": 99000000,
    "ebitda": 524000000,
    "ebitdaratio": 0.2352941176,
    "operatingIncome": 425000000,
    "operatingIncomeRatio": 0.1908396947,
    "totalOtherIncomeExpensesNet": -53000000,
    "incomeBeforeTax": 372000000,
    "incomeBeforeTaxRatio": 0.1670408621,
    "incomeTaxExpense": 149000000,
    "netIncome": 223000000,
    "netIncomeRatio": 0.1001347104,
    "eps": 0.42,
    "epsdiluted": 0.41,
    "weightedAverageShsOut": 524000000,
    "weightedAverageShsOutDil": 540000000,
    "link": "https://www.sec.gov/Archives/edgar/data/62709/000006270999000025/0000062709-99-000025-index.html",
    "finalLink": "https://www.sec.gov/Archives/edgar/data/62709/000006270999000025/"
  },
  {
    "date": "1999-06-30",
    "symbol": "MMC",
    "reportedCurrency": "USD",
    "cik": "0000062709",
    "fillingDate": "1999-08-13",
    "acceptedDate": "1999-08-13 00:00:00",
    "calendarYear": "1999",
    "period": "Q2",
    "revenue": 2245000000,
    "costOfRevenue": 1810000000,
    "grossProfit": 435000000,
    "grossProfitRatio": 0.1937639198,
    "researchAndDevelopmentExpenses": 0,
    "generalAndAdministrativeExpenses": 0,
    "sellingAndMarketingExpenses": 0,
    "sellingGeneralAndAdministrativeExpenses": 0,
    "otherExpenses": 88000000,
    "operatingExpenses": 88000000,
    "costAndExpenses": 1898000000,
    "interestIncome": 0,
    "interestExpense": 0,
    "depreciationAndAmortization": 88000000,
    "ebitda": 435000000,
    "ebitdaratio": 0.1937639198,
    "operatingIncome": 347000000,
    "operatingIncomeRatio": 0.1545657016,
    "totalOtherIncomeExpensesNet": -51000000,
    "incomeBeforeTax": 296000000,
    "incomeBeforeTaxRatio": 0.1318485523,
    "incomeTaxExpense": 119000000,
    "netIncome": 177000000,
    "netIncomeRatio": 0.0788418708,
    "eps": 0.34,
    "epsdiluted": 0.32,
    "weightedAverageShsOut": 520000000,
    "weightedAverageShsOutDil": 538000000,
    "link": "https://www.sec.gov/Archives/edgar/data/62709/000006270999000016/0000062709-99-000016-index.html",
    "finalLink": "https://www.sec.gov/Archives/edgar/data/62709/000006270999000016/"
  },
  {
    "date": "1999-03-31",
    "symbol": "MMC",
    "reportedCurrency": "USD",
    "cik": "0000062709",
    "fillingDate": "1999-05-14",
    "acceptedDate": "1999-05-14 00:00:00",
    "calendarYear": "1999",
    "period": "Q1",
    "revenue": 2351000000,
    "costOfRevenue": 1742000000,
    "grossProfit": 609000000,
    "grossProfitRatio": 0.2590387069,
    "researchAndDevelopmentExpenses": 0,
    "generalAndAdministrativeExpenses": 0,
    "sellingAndMarketingExpenses": 0,
    "sellingGeneralAndAdministrativeExpenses": 0,
    "otherExpenses": 90000000,
    "operatingExpenses": 90000000,
    "costAndExpenses": 1832000000,
    "interestIncome": 0,
    "interestExpense": 0,
    "depreciationAndAmortization": 90000000,
    "ebitda": 609000000,
    "ebitdaratio": 0.2590387069,
    "operatingIncome": 519000000,
    "operatingIncomeRatio": 0.2207571246,
    "totalOtherIncomeExpensesNet": -53000000,
    "incomeBeforeTax": 466000000,
    "incomeBeforeTaxRatio": 0.1982135262,
    "incomeTaxExpense": 187000000,
    "netIncome": 279000000,
    "netIncomeRatio": 0.1186729051,
    "eps": 0.54,
    "epsdiluted": 0.52,
    "weightedAverageShsOut": 516666667,
    "weightedAverageShsOutDil": 541747573,
    "link": "https://www.sec.gov/Archives/edgar/data/62709/000095017299000572/0000950172-99-000572-index.html",
    "finalLink": "https://www.sec.gov/Archives/edgar/data/62709/"
  },
  {
    "date": "1998-12-31",
    "symbol": "MMC",
    "reportedCurrency": "USD",
    "cik": "0000062709",
    "fillingDate": "1999-03-31",
    "acceptedDate": "1999-03-31 00:00:00",
    "calendarYear": "1998",
    "period": "Q4",
    "revenue": 1945000000,
    "costOfRevenue": 1540000000,
    "grossProfit": 405000000,
    "grossProfitRatio": 0.2082262211,
    "researchAndDevelopmentExpenses": 0,
    "generalAndAdministrativeExpenses": 0,
    "sellingAndMarketingExpenses": 0,
    "sellingGeneralAndAdministrativeExpenses": 0,
    "otherExpenses": 70000000,
    "operatingExpenses": 70000000,
    "costAndExpenses": 1610000000,
    "interestIncome": 0,
    "interestExpense": 0,
    "depreciationAndAmortization": 70000000,
    "ebitda": 405000000,
    "ebitdaratio": 0.2082262211,
    "operatingIncome": 335000000,
    "operatingIncomeRatio": 0.1722365039,
    "totalOtherIncomeExpensesNet": -38000000,
    "incomeBeforeTax": 297000000,
    "incomeBeforeTaxRatio": 0.1526992288,
    "incomeTaxExpense": 111000000,
    "netIncome": 186000000,
    "netIncomeRatio": 0.0956298201,
    "eps": 0.36,
    "epsdiluted": 0.36,
    "weightedAverageShsOut": 510184874,
    "weightedAverageShsOutDil": 516666667,
    "link": "https://www.sec.gov/Archives/edgar/data/62709/000104746999012741/0001047469-99-012741-index.html",
    "finalLink": "https://www.sec.gov/Archives/edgar/data/62709/"
  },
  {
    "date": "1998-09-30",
    "symbol": "MMC",
    "reportedCurrency": "USD",
    "cik": "0000062709",
    "fillingDate": "1998-11-13",
    "acceptedDate": "1998-11-13 00:00:00",
    "calendarYear": "1998",
    "period": "Q3",
    "revenue": 1719000000,
    "costOfRevenue": 1324000000,
    "grossProfit": 395000000,
    "grossProfitRatio": 0.2297847586,
    "researchAndDevelopmentExpenses": 0,
    "generalAndAdministrativeExpenses": 0,
    "sellingAndMarketingExpenses": 0,
    "sellingGeneralAndAdministrativeExpenses": 0,
    "otherExpenses": 60000000,
    "operatingExpenses": 60000000,
    "costAndExpenses": 1384000000,
    "interestIncome": 0,
    "interestExpense": 0,
    "depreciationAndAmortization": 60000000,
    "ebitda": 395000000,
    "ebitdaratio": 0.2297847586,
    "operatingIncome": 335000000,
    "operatingIncomeRatio": 0.1948807446,
    "totalOtherIncomeExpensesNet": -28000000,
    "incomeBeforeTax": 307000000,
    "incomeBeforeTaxRatio": 0.1785922048,
    "incomeTaxExpense": 121000000,
    "netIncome": 186000000,
    "netIncomeRatio": 0.1082024433,
    "eps": 0.37,
    "epsdiluted": 0.35,
    "weightedAverageShsOut": 509589041,
    "weightedAverageShsOutDil": 539130435,
    "link": "https://www.sec.gov/Archives/edgar/data/62709/000006270998000009/0000062709-98-000009-index.html",
    "finalLink": "https://www.sec.gov/Archives/edgar/data/62709/"
  },
  {
    "date": "1998-06-30",
    "symbol": "MMC",
    "reportedCurrency": "USD",
    "cik": "0000062709",
    "fillingDate": "1998-08-14",
    "acceptedDate": "1998-08-14 00:00:00",
    "calendarYear": "1998",
    "period": "Q2",
    "revenue": 1750000000,
    "costOfRevenue": 1339000000,
    "grossProfit": 411000000,
    "grossProfitRatio": 0.2348571429,
    "researchAndDevelopmentExpenses": 0,
    "generalAndAdministrativeExpenses": 0,
    "sellingAndMarketingExpenses": 0,
    "sellingGeneralAndAdministrativeExpenses": 0,
    "otherExpenses": 65000000,
    "operatingExpenses": 65000000,
    "costAndExpenses": 1404000000,
    "interestIncome": 0,
    "interestExpense": 0,
    "depreciationAndAmortization": 65000000,
    "ebitda": 411000000,
    "ebitdaratio": 0.2348571429,
    "operatingIncome": 346000000,
    "operatingIncomeRatio": 0.1977142857,
    "totalOtherIncomeExpensesNet": -26000000,
    "incomeBeforeTax": 320000000,
    "incomeBeforeTaxRatio": 0.1828571429,
    "incomeTaxExpense": 127000000,
    "netIncome": 193000000,
    "netIncomeRatio": 0.1102857143,
    "eps": 0.38,
    "epsdiluted": 0.36,
    "weightedAverageShsOut": 514666667,
    "weightedAverageShsOutDil": 536111111,
    "link": "https://www.sec.gov/Archives/edgar/data/62709/000006270998000004/0000062709-98-000004-index.html",
    "finalLink": "https://www.sec.gov/Archives/edgar/data/62709/"
  },
  {
    "date": "1998-03-31",
    "symbol": "MMC",
    "reportedCurrency": "USD",
    "cik": "0000062709",
    "fillingDate": "1998-05-14",
    "acceptedDate": "1998-05-14 00:00:00",
    "calendarYear": "1998",
    "period": "Q1",
    "revenue": 1776000000,
    "costOfRevenue": 1316000000,
    "grossProfit": 460000000,
    "grossProfitRatio": 0.259009009,
    "researchAndDevelopmentExpenses": 0,
    "generalAndAdministrativeExpenses": 0,
    "sellingAndMarketingExpenses": 0,
    "sellingGeneralAndAdministrativeExpenses": 0,
    "otherExpenses": 56000000,
    "operatingExpenses": 56000000,
    "costAndExpenses": 1372000000,
    "interestIncome": 0,
    "interestExpense": 0,
    "depreciationAndAmortization": 56000000,
    "ebitda": 460000000,
    "ebitdaratio": 0.259009009,
    "operatingIncome": 404000000,
    "operatingIncomeRatio": 0.2274774775,
    "totalOtherIncomeExpensesNet": -23000000,
    "incomeBeforeTax": 381000000,
    "incomeBeforeTaxRatio": 0.214527027,
    "incomeTaxExpense": 150000000,
    "netIncome": 231000000,
    "netIncomeRatio": 0.1300675676,
    "eps": 0.45,
    "epsdiluted": 0.44,
    "weightedAverageShsOut": 513333333,
    "weightedAverageShsOutDil": 531034483,
    "link": "https://www.sec.gov/Archives/edgar/data/62709/000006270998000001/0000062709-98-000001-index.html",
    "finalLink": "https://www.sec.gov/Archives/edgar/data/62709/"
  },
  {
    "date": "1997-12-31",
    "symbol": "MMC",
    "reportedCurrency": "USD",
    "cik": "0000062709",
    "fillingDate": "1998-03-26",
    "acceptedDate": "1998-03-26 00:00:00",
    "calendarYear": "1997",
    "period": "Q4",
    "revenue": 1894300000,
    "costOfRevenue": 1885500000,
    "grossProfit": 8800000,
    "grossProfitRatio": 0.0046455155,
    "researchAndDevelopmentExpenses": 0,
    "generalAndAdministrativeExpenses": 0,
    "sellingAndMarketingExpenses": 0,
    "sellingGeneralAndAdministrativeExpenses": 0,
    "otherExpenses": 51800000,
    "operatingExpenses": 51800000,
    "costAndExpenses": 1937300000,
    "interestIncome": 0,
    "interestExpense": 0,
    "depreciationAndAmortization": 51800000,
    "ebitda": 8800000,
    "ebitdaratio": 0.0046455155,
    "operatingIncome": -43000000,
    "operatingIncomeRatio": -0.022699678,
    "totalOtherIncomeExpensesNet": -22400000,
    "incomeBeforeTax": -65400000,
    "incomeBeforeTaxRatio": -0.0345246265,
    "incomeTaxExpense": -15400000,
    "netIncome": -50000000,
    "netIncomeRatio": -0.0263949744,
    "eps": -0.0974,
    "epsdiluted": -0.0974,
    "weightedAverageShsOut": 513333333,
    "weightedAverageShsOutDil": 513333333,
    "link": "https://www.sec.gov/Archives/edgar/data/62709/000104746998011599/0001047469-98-011599-index.html",
    "finalLink": "https://www.sec.gov/Archives/edgar/data/62709/"
  },
  {
    "date": "1997-09-30",
    "symbol": "MMC",
    "reportedCurrency": "USD",
    "cik": "0000062709",
    "fillingDate": "1997-11-14",
    "acceptedDate": "1997-11-14 00:00:00",
    "calendarYear": "1997",
    "period": "Q3",
    "revenue": 1455800000,
    "costOfRevenue": 1149200000,
    "grossProfit": 306600000,
    "grossProfitRatio": 0.2106058525,
    "researchAndDevelopmentExpenses": 0,
    "generalAndAdministrativeExpenses": 0,
    "sellingAndMarketingExpenses": 0,
    "sellingGeneralAndAdministrativeExpenses": 0,
    "otherExpenses": 57000000,
    "operatingExpenses": 57700000,
    "costAndExpenses": 1299000000,
    "interestIncome": 0,
    "interestExpense": 0,
    "depreciationAndAmortization": 57400000,
    "ebitda": 306400000,
    "ebitdaratio": 0.2104684709,
    "operatingIncome": 249000000,
    "operatingIncomeRatio": 0.171039978,
    "totalOtherIncomeExpensesNet": -22000000,
    "incomeBeforeTax": 226800000,
    "incomeBeforeTaxRatio": 0.1557906306,
    "incomeTaxExpense": 86800000,
    "netIncome": 140000000,
    "netIncomeRatio": 0.0961670559,
    "eps": 0.28,
    "epsdiluted": 0.27,
    "weightedAverageShsOut": 509090909,
    "weightedAverageShsOutDil": 518518519,
    "link": "https://www.sec.gov/Archives/edgar/data/62709/000006270997000007/0000062709-97-000007-index.html",
    "finalLink": "https://www.sec.gov/Archives/edgar/data/62709/"
  },
  {
    "date": "1997-06-30",
    "symbol": "MMC",
    "reportedCurrency": "USD",
    "cik": "0000062709",
    "fillingDate": "1997-08-14",
    "acceptedDate": "1997-08-14 00:00:00",
    "calendarYear": "1997",
    "period": "Q2",
    "revenue": 1449800000,
    "costOfRevenue": 1135700000,
    "grossProfit": 314100000,
    "grossProfitRatio": 0.2166505725,
    "researchAndDevelopmentExpenses": 0,
    "generalAndAdministrativeExpenses": 0,
    "sellingAndMarketingExpenses": 0,
    "sellingGeneralAndAdministrativeExpenses": 0,
    "otherExpenses": 52500000,
    "operatingExpenses": 52500000,
    "costAndExpenses": 1188200000,
    "interestIncome": 0,
    "interestExpense": 0,
    "depreciationAndAmortization": 52500000,
    "ebitda": 314100000,
    "ebitdaratio": 0.2166505725,
    "operatingIncome": 261600000,
    "operatingIncomeRatio": 0.1804386812,
    "totalOtherIncomeExpensesNet": -23600000,
    "incomeBeforeTax": 238000000,
    "incomeBeforeTaxRatio": 0.1641605739,
    "incomeTaxExpense": 93000000,
    "netIncome": 145000000,
    "netIncomeRatio": 0.100013795,
    "eps": 0.29,
    "epsdiluted": 0.28,
    "weightedAverageShsOut": 500000000,
    "weightedAverageShsOutDil": 508771930,
    "link": "https://www.sec.gov/Archives/edgar/data/62709/000006270997000003/0000062709-97-000003-index.html",
    "finalLink": "https://www.sec.gov/Archives/edgar/data/62709/"
  },
  {
    "date": "1997-03-31",
    "symbol": "MMC",
    "reportedCurrency": "USD",
    "cik": "0000062709",
    "fillingDate": "1997-05-15",
    "acceptedDate": "1997-05-15 00:00:00",
    "calendarYear": "1997",
    "period": "Q1",
    "revenue": 1208700000,
    "costOfRevenue": 894300000,
    "grossProfit": 314400000,
    "grossProfitRatio": 0.2601141723,
    "researchAndDevelopmentExpenses": 0,
    "generalAndAdministrativeExpenses": 0,
    "sellingAndMarketingExpenses": 0,
    "sellingGeneralAndAdministrativeExpenses": 0,
    "otherExpenses": 37100000,
    "operatingExpenses": 37100000,
    "costAndExpenses": 931400000,
    "interestIncome": 0,
    "interestExpense": 0,
    "depreciationAndAmortization": 37100000,
    "ebitda": 314400000,
    "ebitdaratio": 0.2601141723,
    "operatingIncome": 277300000,
    "operatingIncomeRatio": 0.2294200381,
    "totalOtherIncomeExpensesNet": -14300000,
    "incomeBeforeTax": 263000000,
    "incomeBeforeTaxRatio": 0.2175891454,
    "incomeTaxExpense": 98600000,
    "netIncome": 164400000,
    "netIncomeRatio": 0.1360138992,
    "eps": 0.38,
    "epsdiluted": 0.37,
    "weightedAverageShsOut": 438400000,
    "weightedAverageShsOutDil": 450410959,
    "link": "https://www.sec.gov/Archives/edgar/data/62709/000006270997000002/0000062709-97-000002-index.html",
    "finalLink": "https://www.sec.gov/Archives/edgar/data/62709/"
  },
  {
    "date": "1996-12-31",
    "symbol": "MMC",
    "reportedCurrency": "USD",
    "cik": "0000062709",
    "fillingDate": "1997-03-31",
    "acceptedDate": "1997-03-31 00:00:00",
    "calendarYear": "1996",
    "period": "Q4",
    "revenue": 1052500000,
    "costOfRevenue": 911300000,
    "grossProfit": 141200000,
    "grossProfitRatio": 0.1341567696,
    "researchAndDevelopmentExpenses": 0,
    "generalAndAdministrativeExpenses": 0,
    "sellingAndMarketingExpenses": 0,
    "sellingGeneralAndAdministrativeExpenses": 0,
    "otherExpenses": 35900000,
    "operatingExpenses": 35900000,
    "costAndExpenses": 947200000,
    "interestIncome": 0,
    "interestExpense": 0,
    "depreciationAndAmortization": 35900000,
    "ebitda": 141200000,
    "ebitdaratio": 0.1341567696,
    "operatingIncome": 105300000,
    "operatingIncomeRatio": 0.1000475059,
    "totalOtherIncomeExpensesNet": -12400000,
    "incomeBeforeTax": 92900000,
    "incomeBeforeTaxRatio": 0.0882660333,
    "incomeTaxExpense": -5500000,
    "netIncome": 98400000,
    "netIncomeRatio": 0.0934916865,
    "eps": 0.22,
    "epsdiluted": 0.22,
    "weightedAverageShsOut": 435826529,
    "weightedAverageShsOutDil": 438400000,
    "link": "https://www.sec.gov/Archives/edgar/data/62709/000100547797000915/0001005477-97-000915-index.html",
    "finalLink": "https://www.sec.gov/Archives/edgar/data/62709/"
  },
  {
    "date": "1996-09-30",
    "symbol": "MMC",
    "reportedCurrency": "USD",
    "cik": "0000062709",
    "fillingDate": "1996-11-13",
    "acceptedDate": "1996-11-13 00:00:00",
    "calendarYear": "1996",
    "period": "Q3",
    "revenue": 989000000,
    "costOfRevenue": 780000000,
    "grossProfit": 209000000,
    "grossProfitRatio": 0.2113245703,
    "researchAndDevelopmentExpenses": 0,
    "generalAndAdministrativeExpenses": 0,
    "sellingAndMarketingExpenses": 0,
    "sellingGeneralAndAdministrativeExpenses": 0,
    "otherExpenses": 34800000,
    "operatingExpenses": 34800000,
    "costAndExpenses": 814800000,
    "interestIncome": 0,
    "interestExpense": 0,
    "depreciationAndAmortization": 34800000,
    "ebitda": 209000000,
    "ebitdaratio": 0.2113245703,
    "operatingIncome": 174200000,
    "operatingIncomeRatio": 0.1761375126,
    "totalOtherIncomeExpensesNet": -10800000,
    "incomeBeforeTax": 163400000,
    "incomeBeforeTaxRatio": 0.1652173913,
    "incomeTaxExpense": 60800000,
    "netIncome": 102600000,
    "netIncomeRatio": 0.1037411527,
    "eps": 0.24,
    "epsdiluted": 0.24,
    "weightedAverageShsOut": 427500000,
    "weightedAverageShsOutDil": 436595745,
    "link": "https://www.sec.gov/Archives/edgar/data/62709/000006270996000006/0000062709-96-000006-index.html",
    "finalLink": "https://www.sec.gov/Archives/edgar/data/62709/"
  },
  {
    "date": "1996-06-30",
    "symbol": "MMC",
    "reportedCurrency": "USD",
    "cik": "0000062709",
    "fillingDate": "1996-08-14",
    "acceptedDate": "1996-08-14 00:00:00",
    "calendarYear": "1996",
    "period": "Q2",
    "revenue": 1036800000,
    "costOfRevenue": 809200000,
    "grossProfit": 227600000,
    "grossProfitRatio": 0.2195216049,
    "researchAndDevelopmentExpenses": 0,
    "generalAndAdministrativeExpenses": 0,
    "sellingAndMarketingExpenses": 0,
    "sellingGeneralAndAdministrativeExpenses": 0,
    "otherExpenses": 34300000,
    "operatingExpenses": 34300000,
    "costAndExpenses": 843500000,
    "interestIncome": 0,
    "interestExpense": 0,
    "depreciationAndAmortization": 34300000,
    "ebitda": 227600000,
    "ebitdaratio": 0.2195216049,
    "operatingIncome": 193300000,
    "operatingIncomeRatio": 0.1864390432,
    "totalOtherIncomeExpensesNet": -12400000,
    "incomeBeforeTax": 180900000,
    "incomeBeforeTaxRatio": 0.1744791667,
    "incomeTaxExpense": 65700000,
    "netIncome": 115200000,
    "netIncomeRatio": 0.1111111111,
    "eps": 0.27,
    "epsdiluted": 0.26,
    "weightedAverageShsOut": 434716981,
    "weightedAverageShsOutDil": 443076923,
    "link": "https://www.sec.gov/Archives/edgar/data/62709/000006270996000004/0000062709-96-000004-index.html",
    "finalLink": "https://www.sec.gov/Archives/edgar/data/62709/"
  },
  {
    "date": "1996-03-31",
    "symbol": "MMC",
    "reportedCurrency": "USD",
    "cik": "0000062709",
    "fillingDate": "1996-05-13",
    "acceptedDate": "1996-05-13 00:00:00",
    "calendarYear": "1996",
    "period": "Q1",
    "revenue": 1070700000,
    "costOfRevenue": 793300000,
    "grossProfit": 277400000,
    "grossProfitRatio": 0.259082843,
    "researchAndDevelopmentExpenses": 0,
    "generalAndAdministrativeExpenses": 0,
    "sellingAndMarketingExpenses": 0,
    "sellingGeneralAndAdministrativeExpenses": 0,
    "otherExpenses": 34900000,
    "operatingExpenses": 34900000,
    "costAndExpenses": 828200000,
    "interestIncome": 0,
    "interestExpense": 0,
    "depreciationAndAmortization": 34900000,
    "ebitda": 277400000,
    "ebitdaratio": 0.259082843,
    "operatingIncome": 242500000,
    "operatingIncomeRatio": 0.2264873447,
    "totalOtherIncomeExpensesNet": -11700000,
    "incomeBeforeTax": 230800000,
    "incomeBeforeTaxRatio": 0.2155599141,
    "incomeTaxExpense": 87700000,
    "netIncome": 143100000,
    "netIncomeRatio": 0.1336508826,
    "eps": 0.33,
    "epsdiluted": 0.33,
    "weightedAverageShsOut": 440307692,
    "weightedAverageShsOutDil": 440307692,
    "link": "https://www.sec.gov/Archives/edgar/data/62709/000006270996000002/0000062709-96-000002-index.html",
    "finalLink": "https://www.sec.gov/Archives/edgar/data/62709/"
  },
  {
    "date": "1995-12-31",
    "symbol": "MMC",
    "reportedCurrency": "USD",
    "cik": "0000062709",
    "fillingDate": "1996-03-28",
    "acceptedDate": "1996-03-28 00:00:00",
    "calendarYear": "1995",
    "period": "Q4",
    "revenue": 958300000,
    "costOfRevenue": 775100000,
    "grossProfit": 183200000,
    "grossProfitRatio": 0.1911718668,
    "researchAndDevelopmentExpenses": 0,
    "generalAndAdministrativeExpenses": 0,
    "sellingAndMarketingExpenses": 0,
    "sellingGeneralAndAdministrativeExpenses": 0,
    "otherExpenses": 35200000,
    "operatingExpenses": 35200000,
    "costAndExpenses": 810300000,
    "interestIncome": 0,
    "interestExpense": 0,
    "depreciationAndAmortization": 35200000,
    "ebitda": 183200000,
    "ebitdaratio": 0.1911718668,
    "operatingIncome": 148000000,
    "operatingIncomeRatio": 0.1544401544,
    "totalOtherIncomeExpensesNet": -11000000,
    "incomeBeforeTax": 137000000,
    "incomeBeforeTaxRatio": 0.1429614943,
    "incomeTaxExpense": 52000000,
    "netIncome": 85000000,
    "netIncomeRatio": 0.0886987373,
    "eps": 0.19,
    "epsdiluted": 0.19,
    "weightedAverageShsOut": 440307692,
    "weightedAverageShsOutDil": 440307692,
    "link": "https://www.sec.gov/Archives/edgar/data/62709/000088981296000280/0000889812-96-000280-index.html",
    "finalLink": "https://www.sec.gov/Archives/edgar/data/62709/"
  },
  {
    "date": "1995-09-30",
    "symbol": "MMC",
    "reportedCurrency": "USD",
    "cik": "0000062709",
    "fillingDate": "1995-11-14",
    "acceptedDate": "1995-11-14 00:00:00",
    "calendarYear": "1995",
    "period": "Q3",
    "revenue": 921600000,
    "costOfRevenue": 728600000,
    "grossProfit": 193000000,
    "grossProfitRatio": 0.2094184028,
    "researchAndDevelopmentExpenses": 0,
    "generalAndAdministrativeExpenses": 0,
    "sellingAndMarketingExpenses": 0,
    "sellingGeneralAndAdministrativeExpenses": 0,
    "otherExpenses": 34600000,
    "operatingExpenses": 34600000,
    "costAndExpenses": 763200000,
    "interestIncome": 0,
    "interestExpense": 0,
    "depreciationAndAmortization": 34600000,
    "ebitda": 193000000,
    "ebitdaratio": 0.2094184028,
    "operatingIncome": 158400000,
    "operatingIncomeRatio": 0.171875,
    "totalOtherIncomeExpensesNet": -11100000,
    "incomeBeforeTax": 147300000,
    "incomeBeforeTaxRatio": 0.1598307292,
    "incomeTaxExpense": 56000000,
    "netIncome": 91300000,
    "netIncomeRatio": 0.0990668403,
    "eps": 0.21,
    "epsdiluted": 0.21,
    "weightedAverageShsOut": 434761905,
    "weightedAverageShsOutDil": 434761905,
    "link": "https://www.sec.gov/Archives/edgar/data/62709/000006270995000012/0000062709-95-000012-index.html",
    "finalLink": "https://www.sec.gov/Archives/edgar/data/62709/"
  }
]