[
  {
    "date": "2024-12-31",
    "symbol": "MMC",
    "reportedCurrency": "USD",
    "cik": "0000062709",
    "fillingDate": "2025-02-10",
    "acceptedDate": "2025-02-10 16:05:24",
    "calendarYear": "2024",
    "period": "FY",
    "revenue": 24458000000,
    "costOfRevenue": 13996000000,
    "grossProfit": 10462000000,
    "grossProfitRatio": 0.4277537002,
    "researchAndDevelopmentExpenses": 0,
    "generalAndAdministrativeExpenses": 0,
    "sellingAndMarketingExpenses": 0,
    "sellingGeneralAndAdministrativeExpenses": 0,
    "otherExpenses": 4645000000,
    "operatingExpenses": 4645000000,
    "costAndExpenses": 18641000000,
    "interestIncome": 83000000,
    "interestExpense": 700000000,
    "depreciationAndAmortization": 746000000,
    "ebitda": 6926000000,
    "ebitdaratio": 0.2831793278,
    "operatingIncome": 5817000000,
    "operatingIncomeRatio": 0.2378362908,
    "totalOtherIncomeExpensesNet": -337000000,
    "incomeBeforeTax": 5480000000,
    "incomeBeforeTaxRatio": 0.2240575681,
    "incomeTaxExpense": 1363000000,
    "netIncome": 4060000000,
    "netIncomeRatio": 0.1659988552,
    "eps": 8.25,
    "epsdiluted": 8.18,
    "weightedAverageShsOut": 492000000,
    "weightedAverageShsOutDil": 496000000,
    "link": "https://www.sec.gov/Archives/edgar/data/62709/000006270925000015/0000062709-25-000015-index.htm",
    "finalLink": "https://www.sec.gov/Archives/edgar/data/62709/000006270925000015/mmc-20241231.htm"
  },
  {
    "date": "2023-12-31",
    "symbol": "MMC",
    "reportedCurrency": "USD",
    "cik": "0000062709",
    "fillingDate": "2024-02-12",
    "acceptedDate": "2024-02-12 17:08:40",
    "calendarYear": "2023",
    "period": "FY",
    "revenue": 22736000000,
    "costOfRevenue": 13099000000,
    "grossProfit": 9637000000,
    "grossProfitRatio": 0.4238652357,
    "researchAndDevelopmentExpenses": 0,
    "generalAndAdministrativeExpenses": 0,
    "sellingAndMarketingExpenses": 0,
    "sellingGeneralAndAdministrativeExpenses": 0,
    "otherExpenses": 4355000000,
    "operatingExpenses": 4355000000,
    "costAndExpenses": 17454000000,
    "interestIncome": 78000000,
    "interestExpense": 578000000,
    "depreciationAndAmortization": 713000000,
    "ebitda": 6317000000,
    "ebitdaratio": 0.2778413089,
    "operatingIncome": 5282000000,
    "operatingIncomeRatio": 0.2323187896,
    "totalOtherIncomeExpensesNet": -256000000,
    "incomeBeforeTax": 5026000000,
    "incomeBeforeTaxRatio": 0.2210591133,
    "incomeTaxExpense": 1224000000,
    "netIncome": 3756000000,
    "netIncomeRatio": 0.165200563,
    "eps": 7.6,
    "epsdiluted": 7.53,
    "weightedAverageShsOut": 494000000,
    "weightedAverageShsOutDil": 499000000,
    "link": "https://www.sec.gov/Archives/edgar/data/62709/000006270924000016/0000062709-24-000016-index.htm",
    "finalLink": "https://www.sec.gov/Archives/edgar/data/62709/000006270924000016/mmc-20231231.htm"
  },
  {
    "date": "2022-12-31",
    "symbol": "MMC",
    "reportedCurrency": "USD",
    "cik": "0000062709",
    "fillingDate": "2023-02-13",
    "acceptedDate": "2023-02-13 17:03:20",
    "calendarYear": "2022",
    "period": "FY",
    "revenue": 20720000000,
    "costOfRevenue": 12071000000,
    "grossProfit": 8649000000,
    "grossProfitRatio": 0.4174227799,
    "researchAndDevelopmentExpenses": 0,
    "generalAndAdministrativeExpenses": 0,
    "sellingAndMarketingExpenses": 0,
    "sellingGeneralAndAdministrativeExpenses": 0,
    "otherExpenses": 4369000000,
    "operatingExpenses": 4369000000,
    "costAndExpenses": 16440000000,
    "interestIncome": 15000000,
    "interestExpense": 469000000,
    "depreciationAndAmortization": 719000000,
    "ebitda": 5270000000,
    "ebitdaratio": 0.2543436293,
    "operatingIncome": 4280000000,
    "operatingIncomeRatio": 0.2065637066,
    "totalOtherIncomeExpensesNet": -198000000,
    "incomeBeforeTax": 4082000000,
    "incomeBeforeTaxRatio": 0.197007722,
    "incomeTaxExpense": 995000000,
    "netIncome": 3050000000,
    "netIncomeRatio": 0.1472007722,
    "eps": 6.11,
    "epsdiluted": 6.04,
    "weightedAverageShsOut": 499000000,
    "weightedAverageShsOutDil": 505000000,
    "link": "https://www.sec.gov/Archives/edgar/data/62709/000006270923000014/0000062709-23-000014-index.htm",
    "finalLink": "https://www.sec.gov/Archives/edgar/data/62709/000006270923000014/mmc-20221231.htm"
  },
  {
    "date": "2021-12-31",
    "symbol": "MMC",
    "reportedCurrency": "USD",
    "cik": "0000062709",
    "fillingDate": "2022-02-16",
    "acceptedDate": "2022-02-16 16:46:23",
    "calendarYear": "2021",
    "period": "FY",
    "revenue": 19820000000,
    "costOfRevenue": 11425000000,
    "grossProfit": 8395000000,
    "grossProfitRatio": 0.4235620585,
    "researchAndDevelopmentExpenses": 0,
    "generalAndAdministrativeExpenses": 0,
    "sellingAndMarketingExpenses": 0,
    "sellingGeneralAndAdministrativeExpenses": 0,
    "otherExpenses": 4083000000,
    "operatingExpenses": 4083000000,
    "costAndExpenses": 15508000000,
    "interestIncome": 2000000,
    "interestExpense": 444000000,
    "depreciationAndAmortization": 747000000,
    "ebitda": 5399000000,
    "ebitdaratio": 0.2724016145,
    "operatingIncome": 4312000000,
    "operatingIncomeRatio": 0.2175580222,
    "totalOtherIncomeExpensesNet": -104000000,
    "incomeBeforeTax": 4208000000,
    "incomeBeforeTaxRatio": 0.2123107972,
    "incomeTaxExpense": 1034000000,
    "netIncome": 3143000000,
    "netIncomeRatio": 0.1585771948,
    "eps": 6.2,
    "epsdiluted": 6.13,
    "weightedAverageShsOut": 507000000,
    "weightedAverageShsOutDil": 513000000,
    "link": "https://www.sec.gov/Archives/edgar/data/62709/000006270922000009/0000062709-22-000009-index.htm",
    "finalLink": "https://www.sec.gov/Archives/edgar/data/62709/000006270922000009/mmc-20211231.htm"
  },
  {
    "date": "2020-12-31",
    "symbol": "MMC",
    "reportedCurrency": "USD",
    "cik": "0000062709",
    "fillingDate": "2021-02-17",
    "acceptedDate": "2021-02-17 17:07:13",
    "calendarYear": "2020",
    "period": "FY",
    "revenue": 17224000000,
    "costOfRevenue": 10129000000,
    "grossProfit": 7095000000,
    "grossProfitRatio": 0.4119252206,
    "researchAndDevelopmentExpenses": 0,
    "generalAndAdministrativeExpenses": 0,
    "sellingAndMarketingExpenses": 0,
    "sellingGeneralAndAdministrativeExpenses": 0,
    "otherExpenses": 4029000000,
    "operatingExpenses": 4029000000,
    "costAndExpenses": 14158000000,
    "interestIncome": 7000000,
    "interestExpense": 515000000,
    "depreciationAndAmortization": 741000000,
    "ebitda": 4049000000,
    "ebitdaratio": 0.2350789596,
    "operatingIncome": 3066000000,
    "operatingIncomeRatio": 0.1780074315,
    "totalOtherIncomeExpensesNet": -273000000,
    "incomeBeforeTax": 2793000000,
    "incomeBeforeTaxRatio": 0.1621574547,
    "incomeTaxExpense": 747000000,
    "netIncome": 2016000000,
    "netIncomeRatio": 0.1170459824,
    "eps": 3.98,
    "epsdiluted": 3.94,
    "weightedAverageShsOut": 506000000,
    "weightedAverageShsOutDil": 512000000,
    "link": "https://www.sec.gov/Archives/edgar/data/62709/000006270921000008/0000062709-21-000008-index.htm",
    "finalLink": "https://www.sec.gov/Archives/edgar/data/62709/000006270921000008/mmc-20201231.htm"
  },
  {
    "date": "2019-12-31",
    "symbol": "MMC",
    "reportedCurrency": "USD",
    "cik": "0000062709",
    "fillingDate": "2020-02-20",
    "acceptedDate": "2020-02-20 16:43:56",
    "calendarYear": "2019",
    "period": "FY",
    "revenue": 16652000000,
    "costOfRevenue": 9734000000,
    "grossProfit": 6918000000,
    "grossProfitRatio": 0.4154455921,
    "researchAndDevelopmentExpenses": 0,
    "generalAndAdministrativeExpenses": 9734000000,
    "sellingAndMarketingExpenses": 0,
    "sellingGeneralAndAdministrativeExpenses": 9734000000,
    "otherExpenses": -5493000000,
    "operatingExpenses": 4241000000,
    "costAndExpenses": 13975000000,
    "interestIncome": 39000000,
    "interestExpense": 524000000,
    "depreciationAndAmortization": 647000000,
    "ebitda": 3610000000,
    "ebitdaratio": 0.2167907759,
    "operatingIncome": 2677000000,
    "operatingIncomeRatio": 0.1607614701,
    "totalOtherIncomeExpensesNet": -238000000,
    "incomeBeforeTax": 2439000000,
    "incomeBeforeTaxRatio": 0.1464688926,
    "incomeTaxExpense": 666000000,
    "netIncome": 1742000000,
    "netIncomeRatio": 0.1046120586,
    "eps": 3.44,
    "epsdiluted": 3.41,
    "weightedAverageShsOut": 506000000,
    "weightedAverageShsOutDil": 511000000,
    "link": "https://www.sec.gov/Archives/edgar/data/62709/000006270920000010/0000062709-20-000010-index.htm",
    "finalLink": "https://www.sec.gov/Archives/edgar/data/62709/000006270920000010/mmc1231201910k.htm"
  },
  {
    "date": "2018-12-31",
    "symbol": "MMC",
    "reportedCurrency": "USD",
    "cik": "0000062709",
    "fillingDate": "2019-02-21",
    "acceptedDate": "2019-02-21 16:24:23",
    "calendarYear": "2018",
    "period": "FY",
    "revenue": 14950000000,
    "costOfRevenue": 8605000000,
    "grossProfit": 6345000000,
    "grossProfitRatio": 0.4244147157,
    "researchAndDevelopmentExpenses": 0,
    "generalAndAdministrativeExpenses": 8605000000,
    "sellingAndMarketingExpenses": 0,
    "sellingGeneralAndAdministrativeExpenses": 8605000000,
    "otherExpenses": -5021000000,
    "operatingExpenses": 3584000000,
    "costAndExpenses": 12189000000,
    "interestIncome": 11000000,
    "interestExpense": 290000000,
    "depreciationAndAmortization": 494000000,
    "ebitda": 3028000000,
    "ebitdaratio": 0.202541806,
    "operatingIncome": 2761000000,
    "operatingIncomeRatio": 0.1846822742,
    "totalOtherIncomeExpensesNet": -517000000,
    "incomeBeforeTax": 2244000000,
    "incomeBeforeTaxRatio": 0.1501003344,
    "incomeTaxExpense": 574000000,
    "netIncome": 1650000000,
    "netIncomeRatio": 0.110367893,
    "eps": 3.26,
    "epsdiluted": 3.23,
    "weightedAverageShsOut": 506000000,
    "weightedAverageShsOutDil": 511000000,
    "link": "https://www.sec.gov/Archives/edgar/data/62709/000006270919000010/0000062709-19-000010-index.htm",
    "finalLink": "https://www.sec.gov/Archives/edgar/data/62709/000006270919000010/mmc1231201810k.htm"
  },
  {
    "date": "2017-12-31",
    "symbol": "MMC",
    "reportedCurrency": "USD",
    "cik": "0000062709",
    "fillingDate": "2018-02-22",
    "acceptedDate": "2018-02-22 16:18:46",
    "calendarYear": "2017",
    "period": "FY",
    "revenue": 14024000000,
    "costOfRevenue": 8085000000,
    "grossProfit": 5939000000,
    "grossProfitRatio": 0.4234883058,
    "researchAndDevelopmentExpenses": 0,
    "generalAndAdministrativeExpenses": 8085000000,
    "sellingAndMarketingExpenses": 0,
    "sellingGeneralAndAdministrativeExpenses": 8085000000,
    "otherExpenses": -4801000000,
    "operatingExpenses": 3284000000,
    "costAndExpenses": 11369000000,
    "interestIncome": 9000000,
    "interestExpense": 237000000,
    "depreciationAndAmortization": 481000000,
    "ebitda": 3361000000,
    "ebitdaratio": 0.2396605819,
    "operatingIncome": 2655000000,
    "operatingIncomeRatio": 0.1893183115,
    "totalOtherIncomeExpensesNet": -12000000,
    "incomeBeforeTax": 2643000000,
    "incomeBeforeTaxRatio": 0.1884626355,
    "incomeTaxExpense": 1133000000,
    "netIncome": 1492000000,
    "netIncomeRatio": 0.1063890473,
    "eps": 2.91,
    "epsdiluted": 2.87,
    "weightedAverageShsOut": 513000000,
    "weightedAverageShsOutDil": 519000000,
    "link": "https://www.sec.gov/Archives/edgar/data/62709/000006270918000007/0000062709-18-000007-index.htm",
    "finalLink": "https://www.sec.gov/Archives/edgar/data/62709/000006270918000007/mmc1231201710k.htm"
  },
  {
    "date": "2016-12-31",
    "symbol": "MMC",
    "reportedCurrency": "USD",
    "cik": "0000062709",
    "fillingDate": "2017-02-24",
    "acceptedDate": "2017-02-24 14:08:14",
    "calendarYear": "2016",
    "period": "FY",
    "revenue": 13211000000,
    "costOfRevenue": 7461000000,
    "grossProfit": 5750000000,
    "grossProfitRatio": 0.4352433578,
    "researchAndDevelopmentExpenses": 0,
    "generalAndAdministrativeExpenses": 7694000000,
    "sellingAndMarketingExpenses": 0,
    "sellingGeneralAndAdministrativeExpenses": 7694000000,
    "otherExpenses": -4608000000,
    "operatingExpenses": 3086000000,
    "costAndExpenses": 10780000000,
    "interestIncome": 5000000,
    "interestExpense": 189000000,
    "depreciationAndAmortization": 438000000,
    "ebitda": 3107000000,
    "ebitdaratio": 0.2351828022,
    "operatingIncome": 2431000000,
    "operatingIncomeRatio": 0.1840133222,
    "totalOtherIncomeExpensesNet": 49000000,
    "incomeBeforeTax": 2480000000,
    "incomeBeforeTaxRatio": 0.1877223526,
    "incomeTaxExpense": 685000000,
    "netIncome": 1768000000,
    "netIncomeRatio": 0.1338278707,
    "eps": 3.41,
    "epsdiluted": 3.37,
    "weightedAverageShsOut": 519000000,
    "weightedAverageShsOutDil": 524000000,
    "link": "https://www.sec.gov/Archives/edgar/data/62709/000006270917000008/0000062709-17-000008-index.htm",
    "finalLink": "https://www.sec.gov/Archives/edgar/data/62709/000006270917000008/mmc1231201610k.htm"
  },
  {
    "date": "2015-12-31",
    "symbol": "MMC",
    "reportedCurrency": "USD",
    "cik": "0000062709",
    "fillingDate": "2016-02-24",
    "acceptedDate": "2016-02-24 15:51:04",
    "calendarYear": "2015",
    "period": "FY",
    "revenue": 12893000000,
    "costOfRevenue": 7334000000,
    "grossProfit": 5559000000,
    "grossProfitRatio": 0.4311641976,
    "researchAndDevelopmentExpenses": 0,
    "generalAndAdministrativeExpenses": 7334000000,
    "sellingAndMarketingExpenses": 0,
    "sellingGeneralAndAdministrativeExpenses": 7334000000,
    "otherExpenses": -4194000000,
    "operatingExpenses": 3140000000,
    "costAndExpenses": 10474000000,
    "interestIncome": 13000000,
    "interestExpense": 163000000,
    "depreciationAndAmortization": 423000000,
    "ebitda": 2893000000,
    "ebitdaratio": 0.2243853254,
    "operatingIncome": 2419000000,
    "operatingIncomeRatio": 0.1876211898,
    "totalOtherIncomeExpensesNet": -112000000,
    "incomeBeforeTax": 2307000000,
    "incomeBeforeTaxRatio": 0.1789343054,
    "incomeTaxExpense": 671000000,
    "netIncome": 1599000000,
    "netIncomeRatio": 0.1240207865,
    "eps": 3.01,
    "epsdiluted": 2.98,
    "weightedAverageShsOut": 531000000,
    "weightedAverageShsOutDil": 536000000,
    "link": "https://www.sec.gov/Archives/edgar/data/62709/000006270916000040/0000062709-16-000040-index.htm",
    "finalLink": "https://www.sec.gov/Archives/edgar/data/62709/000006270916000040/mmc1231201510k.htm"
  },
  {
    "date": "2014-12-31",
    "symbol": "MMC",
    "reportedCurrency": "USD",
    "cik": "0000062709",
    "fillingDate": "2015-02-26",
    "acceptedDate": "2015-02-26 15:14:36",
    "calendarYear": "2014",
    "period": "FY",
    "revenue": 12951000000,
    "costOfRevenue": 7515000000,
    "grossProfit": 5436000000,
    "grossProfitRatio": 0.4197359277,
    "researchAndDevelopmentExpenses": 0,
    "generalAndAdministrativeExpenses": 7515000000,
    "sellingAndMarketingExpenses": 0,
    "sellingGeneralAndAdministrativeExpenses": 7515000000,
    "otherExpenses": -4380000000,
    "operatingExpenses": 3135000000,
    "costAndExpenses": 10650000000,
    "interestIncome": 21000000,
    "interestExpense": 165000000,
    "depreciationAndAmortization": 388000000,
    "ebitda": 2610000000,
    "ebitdaratio": 0.2015288395,
    "operatingIncome": 2301000000,
    "operatingIncomeRatio": 0.177669678,
    "totalOtherIncomeExpensesNet": -244000000,
    "incomeBeforeTax": 2057000000,
    "incomeBeforeTaxRatio": 0.158829434,
    "incomeTaxExpense": 586000000,
    "netIncome": 1465000000,
    "netIncomeRatio": 0.1131186781,
    "eps": 2.69,
    "epsdiluted": 2.65,
    "weightedAverageShsOut": 545000000,
    "weightedAverageShsOutDil": 553000000,
    "link": "https://www.sec.gov/Archives/edgar/data/62709/000006270915000005/0000062709-15-000005-index.htm",
    "finalLink": "https://www.sec.gov/Archives/edgar/data/62709/000006270915000005/mmc-1231201410k.htm"
  },
  {
    "date": "2013-12-31",
    "symbol": "MMC",
    "reportedCurrency": "USD",
    "cik": "0000062709",
    "fillingDate": "2014-02-27",
    "acceptedDate": "2014-02-27 15:12:00",
    "calendarYear": "2013",
    "period": "FY",
    "revenue": 12261000000,
    "costOfRevenue": 7226000000,
    "grossProfit": 5035000000,
    "grossProfitRatio": 0.4106516597,
    "researchAndDevelopmentExpenses": 0,
    "generalAndAdministrativeExpenses": 7226000000,
    "sellingAndMarketingExpenses": 0,
    "sellingGeneralAndAdministrativeExpenses": 7226000000,
    "otherExpenses": -4268000000,
    "operatingExpenses": 2958000000,
    "costAndExpenses": 10184000000,
    "interestIncome": 18000000,
    "interestExpense": 167000000,
    "depreciationAndAmortization": 358000000,
    "ebitda": 2498000000,
    "ebitdaratio": 0.2037354213,
    "operatingIncome": 2077000000,
    "operatingIncomeRatio": 0.1693989071,
    "totalOtherIncomeExpensesNet": -104000000,
    "incomeBeforeTax": 1973000000,
    "incomeBeforeTaxRatio": 0.1609167278,
    "incomeTaxExpense": 594000000,
    "netIncome": 1357000000,
    "netIncomeRatio": 0.1106761276,
    "eps": 2.47,
    "epsdiluted": 2.43,
    "weightedAverageShsOut": 549000000,
    "weightedAverageShsOutDil": 558000000,
    "link": "https://www.sec.gov/Archives/edgar/data/62709/000006270914000008/0000062709-14-000008-index.htm",
    "finalLink": "https://www.sec.gov/Archives/edgar/data/62709/000006270914000008/mmc-1231201310k.htm"
  },
  {
    "date": "2012-12-31",
    "symbol": "MMC",
    "reportedCurrency": "USD",
    "cik": "0000062709",
    "fillingDate": "2013-02-27",
    "acceptedDate": "2013-02-27 14:38:58",
    "calendarYear": "2012",
    "period": "FY",
    "revenue": 11924000000,
    "costOfRevenue": 7134000000,
    "grossProfit": 4790000000,
    "grossProfitRatio": 0.4017108353,
    "researchAndDevelopmentExpenses": 0,
    "generalAndAdministrativeExpenses": 7134000000,
    "sellingAndMarketingExpenses": 0,
    "sellingGeneralAndAdministrativeExpenses": 7134000000,
    "otherExpenses": -4173000000,
    "operatingExpenses": 2961000000,
    "costAndExpenses": 10095000000,
    "interestIncome": 24000000,
    "interestExpense": 181000000,
    "depreciationAndAmortization": 349000000,
    "ebitda": 2226000000,
    "ebitdaratio": 0.1866823214,
    "operatingIncome": 1829000000,
    "operatingIncomeRatio": 0.1533881248,
    "totalOtherIncomeExpensesNet": -133000000,
    "incomeBeforeTax": 1696000000,
    "incomeBeforeTaxRatio": 0.1422341496,
    "incomeTaxExpense": 492000000,
    "netIncome": 1176000000,
    "netIncomeRatio": 0.0986246226,
    "eps": 2.16,
    "epsdiluted": 2.13,
    "weightedAverageShsOut": 544000000,
    "weightedAverageShsOutDil": 552000000,
    "link": "https://www.sec.gov/Archives/edgar/data/62709/000006270913000004/0000062709-13-000004-index.htm",
    "finalLink": "https://www.sec.gov/Archives/edgar/data/62709/000006270913000004/mmc-1231201210k.htm"
  },
  {
    "date": "2011-12-31",
    "symbol": "MMC",
    "reportedCurrency": "USD",
    "cik": "0000062709",
    "fillingDate": "2012-02-28",
    "acceptedDate": "2012-02-28 16:38:19",
    "calendarYear": "2011",
    "period": "FY",
    "revenue": 11526000000,
    "costOfRevenue": 0,
    "grossProfit": 11526000000,
    "grossProfitRatio": 1,
    "researchAndDevelopmentExpenses": 0,
    "generalAndAdministrativeExpenses": 6969000000,
    "sellingAndMarketingExpenses": 0,
    "sellingGeneralAndAdministrativeExpenses": 6969000000,
    "otherExpenses": -4050000000,
    "operatingExpenses": 9888000000,
    "costAndExpenses": 9888000000,
    "interestIncome": 28000000,
    "interestExpense": 199000000,
    "depreciationAndAmortization": 332000000,
    "ebitda": 1935000000,
    "ebitdaratio": 0.1678813118,
    "operatingIncome": 1638000000,
    "operatingIncomeRatio": 0.1421134826,
    "totalOtherIncomeExpensesNet": -234000000,
    "incomeBeforeTax": 1404000000,
    "incomeBeforeTaxRatio": 0.1218115565,
    "incomeTaxExpense": 422000000,
    "netIncome": 993000000,
    "netIncomeRatio": 0.0861530453,
    "eps": 1.83,
    "epsdiluted": 1.8,
    "weightedAverageShsOut": 542000000,
    "weightedAverageShsOutDil": 551000000,
    "link": "https://www.sec.gov/Archives/edgar/data/62709/000006270912000016/0000062709-12-000016-index.htm",
    "finalLink": "https://www.sec.gov/Archives/edgar/data/62709/000006270912000016/mmc-1231201110k.htm"
  },
  {
    "date": "2010-12-31",
    "symbol": "MMC",
    "reportedCurrency": "USD",
    "cik": "0000062709",
    "fillingDate": "2011-02-28",
    "acceptedDate": "2011-02-25 18:23:55",
    "calendarYear": "2010",
    "period": "FY",
    "revenue": 10550000000,
    "costOfRevenue": 0,
    "grossProfit": 10550000000,
    "grossProfitRatio": 1,
    "researchAndDevelopmentExpenses": 0,
    "generalAndAdministrativeExpenses": 6465000000,
    "sellingAndMarketingExpenses": 0,
    "sellingGeneralAndAdministrativeExpenses": 6465000000,
    "otherExpenses": -3319000000,
    "operatingExpenses": 9611000000,
    "costAndExpenses": 9611000000,
    "interestIncome": 20000000,
    "interestExpense": 233000000,
    "depreciationAndAmortization": 357000000,
    "ebitda": 1359000000,
    "ebitdaratio": 0.1288151659,
    "operatingIncome": 939000000,
    "operatingIncomeRatio": 0.0890047393,
    "totalOtherIncomeExpensesNet": -170000000,
    "incomeBeforeTax": 769000000,
    "incomeBeforeTaxRatio": 0.0728909953,
    "incomeTaxExpense": 204000000,
    "netIncome": 855000000,
    "netIncomeRatio": 0.081042654,
    "eps": 1.58,
    "epsdiluted": 1.57,
    "weightedAverageShsOut": 540000000,
    "weightedAverageShsOutDil": 544000000,
    "link": "https://www.sec.gov/Archives/edgar/data/62709/000119312511047795/0001193125-11-047795-index.htm",
    "finalLink": "https://www.sec.gov/Archives/edgar/data/62709/000119312511047795/d10k.htm"
  },
  {
    "date": "2009-12-31",
    "symbol": "MMC",
    "reportedCurrency": "USD",
    "cik": "0000062709",
    "fillingDate": "2010-02-26",
    "acceptedDate": "2010-02-26 15:34:52",
    "calendarYear": "2009",
    "period": "FY",
    "revenue": 10493000000,
    "costOfRevenue": 0,
    "grossProfit": 10493000000,
    "grossProfitRatio": 1,
    "researchAndDevelopmentExpenses": 0,
    "generalAndAdministrativeExpenses": 6182000000,
    "sellingAndMarketingExpenses": 0,
    "sellingGeneralAndAdministrativeExpenses": 6182000000,
    "otherExpenses": 2871000000,
    "operatingExpenses": 9644000000,
    "costAndExpenses": 9053000000,
    "interestIncome": 17000000,
    "interestExpense": 241000000,
    "depreciationAndAmortization": 365000000,
    "ebitda": 1158000000,
    "ebitdaratio": 0.1103592871,
    "operatingIncome": 778000000,
    "operatingIncomeRatio": 0.0741446679,
    "totalOtherIncomeExpensesNet": -226000000,
    "incomeBeforeTax": 308000000,
    "incomeBeforeTaxRatio": 0.0293529019,
    "incomeTaxExpense": 51000000,
    "netIncome": 242000000,
    "netIncomeRatio": 0.0230629944,
    "eps": 0.46,
    "epsdiluted": 0.46,
    "weightedAverageShsOut": 522000000,
    "weightedAverageShsOutDil": 524000000,
    "link": "https://www.sec.gov/Archives/edgar/data/62709/000119312510042765/0001193125-10-042765-index.htm",
    "finalLink": "https://www.sec.gov/Archives/edgar/data/62709/000119312510042765/d10k.htm"
  },
  {
    "date": "2008-12-31",
    "symbol": "MMC",
    "reportedCurrency": "USD",
    "cik": "0000062709",
    "fillingDate": "2009-02-27",
    "acceptedDate": "2009-02-27 15:33:14",
    "calendarYear": "2008",
    "period": "FY",
    "revenue": 11587000000,
    "costOfRevenue": 0,
    "grossProfit": 11587000000,
    "grossProfitRatio": 1,
    "researchAndDevelopmentExpenses": 0,
    "generalAndAdministrativeExpenses": 6830000000,
    "sellingAndMarketingExpenses": 0,
    "sellingGeneralAndAdministrativeExpenses": 6830000000,
    "otherExpenses": 3221000000,
    "operatingExpenses": 11324000000,
    "costAndExpenses": 10051000000,
    "interestIncome": 47000000,
    "interestExpense": 220000000,
    "depreciationAndAmortization": 404000000,
    "ebitda": 1118000000,
    "ebitdaratio": 0.0964874428,
    "operatingIncome": 679000000,
    "operatingIncomeRatio": 0.0586001553,
    "totalOtherIncomeExpensesNet": -600000000,
    "incomeBeforeTax": 79000000,
    "incomeBeforeTaxRatio": 0.0068179857,
    "incomeTaxExpense": 137000000,
    "netIncome": -73000000,
    "netIncomeRatio": -0.006300164,
    "eps": -0.14,
    "epsdiluted": -0.14,
    "weightedAverageShsOut": 514000000,
    "weightedAverageShsOutDil": 515000000,
    "link": "https://www.sec.gov/Archives/edgar/data/62709/000119312509040859/0001193125-09-040859-index.htm",
    "finalLink": "https://www.sec.gov/Archives/edgar/data/62709/000119312509040859/d10k.htm"
  },
  {
    "date": "2007-12-31",
    "symbol": "MMC",
    "reportedCurrency": "USD",
    "cik": "0000062709",
    "fillingDate": "2008-02-29",
    "acceptedDate": "2008-02-29 13:55:02",
    "calendarYear": "2007",
    "period": "FY",
    "revenue": 11350000000,
    "costOfRevenue": 0,
    "grossProfit": 11350000000,
    "grossProfitRatio": 1,
    "researchAndDevelopmentExpenses": 0,
    "generalAndAdministrativeExpenses": 0,
    "sellingAndMarketingExpenses": 0,
    "sellingGeneralAndAdministrativeExpenses": 10331000000,
    "otherExpenses": 0,
    "operatingExpenses": 10331000000,
    "costAndExpenses": 10331000000,
    "interestIncome": 0,
    "interestExpense": 0,
    "depreciationAndAmortization": 442000000,
    "ebitda": 1288000000,
    "ebitdaratio": 0.1134801762,
    "operatingIncome": 846000000,
    "operatingIncomeRatio": 0.0745374449,
    "totalOtherIncomeExpensesNet": -172000000,
    "incomeBeforeTax": 847000000,
    "incomeBeforeTaxRatio": 0.0746255507,
    "incomeTaxExpense": 295000000,
    "netIncome": 2475000000,
    "netIncomeRatio": 0.218061674,
    "eps": 4.59,
    "epsdiluted": 4.53,
    "weightedAverageShsOut": 539000000,
    "weightedAverageShsOutDil": 546000000,
    "link": "https://www.sec.gov/Archives/edgar/data/62709/000119312508043337/0001193125-08-043337-index.htm",
    "finalLink": "https://www.sec.gov/Archives/edgar/data/62709/000119312508043337/d10k.htm"
  },
  {
    "date": "2006-12-31",
    "symbol": "MMC",
    "reportedCurrency": "USD",
    "cik": "0000062709",
    "fillingDate": "2007-03-01",
    "acceptedDate": "2007-03-01 16:43:30",
    "calendarYear": "2006",
    "period": "FY",
    "revenue": 11921000000,
    "costOfRevenue": 7113000000,
    "grossProfit": 4808000000,
    "grossProfitRatio": 0.403321869,
    "researchAndDevelopmentExpenses": 0,
    "generalAndAdministrativeExpenses": 0,
    "sellingAndMarketingExpenses": 0,
    "sellingGeneralAndAdministrativeExpenses": 9392000000,
    "otherExpenses": -7113000000,
    "operatingExpenses": 3350000000,
    "costAndExpenses": 9392000000,
    "interestIncome": 0,
    "interestExpense": 0,
    "depreciationAndAmortization": 488000000,
    "ebitda": 1436000000,
    "ebitdaratio": 0.120459693,
    "operatingIncome": 948000000,
    "operatingIncomeRatio": 0.0795235299,
    "totalOtherIncomeExpensesNet": -239000000,
    "incomeBeforeTax": 1219000000,
    "incomeBeforeTaxRatio": 0.1022565221,
    "incomeTaxExpense": 388000000,
    "netIncome": 990000000,
    "netIncomeRatio": 0.0830467243,
    "eps": 1.8,
    "epsdiluted": 1.78,
    "weightedAverageShsOut": 549000000,
    "weightedAverageShsOutDil": 557000000,
    "link": "https://www.sec.gov/Archives/edgar/data/62709/000120677407000563/0001206774-07-000563-index.htm",
    "finalLink": "https://www.sec.gov/Archives/edgar/data/62709/000120677407000563/fscmarsh_10k.htm"
  },
  {
    "date": "2005-12-31",
    "symbol": "MMC",
    "reportedCurrency": "USD",
    "cik": "0000062709",
    "fillingDate": "2006-03-02",
    "acceptedDate": "2006-03-01 20:57:52",
    "calendarYear": "2005",
    "period": "FY",
    "revenue": 11652000000,
    "costOfRevenue": 3811000000,
    "grossProfit": 7841000000,
    "grossProfitRatio": 0.6729316855,
    "researchAndDevelopmentExpenses": 0,
    "generalAndAdministrativeExpenses": 0,
    "sellingAndMarketingExpenses": 0,
    "sellingGeneralAndAdministrativeExpenses": 9492000000,
    "otherExpenses": -3001000000,
    "operatingExpenses": 6985000000,
    "costAndExpenses": 10302000000,
    "interestIncome": 0,
    "interestExpense": 0,
    "depreciationAndAmortization": 490000000,
    "ebitda": 1080000000,
    "ebitdaratio": 0.0926879506,
    "operatingIncome": 590000000,
    "operatingIncomeRatio": 0.0506350841,
    "totalOtherIncomeExpensesNet": -288000000,
    "incomeBeforeTax": 571000000,
    "incomeBeforeTaxRatio": 0.0490044628,
    "incomeTaxExpense": 192000000,
    "netIncome": 404000000,
    "netIncomeRatio": 0.0346721593,
    "eps": 0.75,
    "epsdiluted": 0.74,
    "weightedAverageShsOut": 538000000,
    "weightedAverageShsOutDil": 543000000,
    "link": "https://www.sec.gov/Archives/edgar/data/62709/000114544306000555/0001145443-06-000555-index.htm",
    "finalLink": "https://www.sec.gov/Archives/edgar/data/62709/000114544306000555/d18669_10k.htm"
  },
  {
    "date": "2004-12-31",
    "symbol": "MMC",
    "reportedCurrency": "USD",
    "cik": "0000062709",
    "fillingDate": "2005-03-09",
    "acceptedDate": "2005-03-08 21:29:09",
    "calendarYear": "2004",
    "period": "FY",
    "revenue": 12159000000,
    "costOfRevenue": 0,
    "grossProfit": 12159000000,
    "grossProfitRatio": 1,
    "researchAndDevelopmentExpenses": 0,
    "generalAndAdministrativeExpenses": 0,
    "sellingAndMarketingExpenses": 0,
    "sellingGeneralAndAdministrativeExpenses": 6706000000,
    "otherExpenses": 969000000,
    "operatingExpenses": 11511000000,
    "costAndExpenses": 11161000000,
    "interestIncome": 0,
    "interestExpense": 0,
    "depreciationAndAmortization": 456000000,
    "ebitda": 1056000000,
    "ebitdaratio": 0.0868492475,
    "operatingIncome": 600000000,
    "operatingIncomeRatio": 0.0493461633,
    "totalOtherIncomeExpensesNet": -146000000,
    "incomeBeforeTax": 454000000,
    "incomeBeforeTaxRatio": 0.0373385969,
    "incomeTaxExpense": 259000000,
    "netIncome": 176000000,
    "netIncomeRatio": 0.0144748746,
    "eps": 0.33,
    "epsdiluted": 0.33,
    "weightedAverageShsOut": 526000000,
    "weightedAverageShsOutDil": 535000000,
    "link": "https://www.sec.gov/Archives/edgar/data/62709/000006270905000062/0000062709-05-000062-index.htm",
    "finalLink": "https://www.sec.gov/Archives/edgar/data/62709/000006270905000062/f10kdec31-2004.txt"
  },
  {
    "date": "2003-12-31",
    "symbol": "MMC",
    "reportedCurrency": "USD",
    "cik": "0000062709",
    "fillingDate": "2004-03-15",
    "acceptedDate": "2004-03-15 15:17:11",
    "calendarYear": "2003",
    "period": "FY",
    "revenue": 11588000000,
    "costOfRevenue": 9092000000,
    "grossProfit": 2496000000,
    "grossProfitRatio": 0.2153952365,
    "researchAndDevelopmentExpenses": 0,
    "generalAndAdministrativeExpenses": 0,
    "sellingAndMarketingExpenses": 0,
    "sellingGeneralAndAdministrativeExpenses": 9048000000,
    "otherExpenses": -9092000000,
    "operatingExpenses": 0,
    "costAndExpenses": 9048000000,
    "interestIncome": 0,
    "interestExpense": 0,
    "depreciationAndAmortization": 391000000,
    "ebitda": 2887000000,
    "ebitdaratio": 0.2491370383,
    "operatingIncome": 2496000000,
    "operatingIncomeRatio": 0.2153952365,
    "totalOtherIncomeExpensesNet": -161000000,
    "incomeBeforeTax": 2335000000,
    "incomeBeforeTaxRatio": 0.2015015533,
    "incomeTaxExpense": 770000000,
    "netIncome": 1540000000,
    "netIncomeRatio": 0.1328960994,
    "eps": 2.89,
    "epsdiluted": 2.81,
    "weightedAverageShsOut": 533000000,
    "weightedAverageShsOutDil": 548000000,
    "link": "https://www.sec.gov/Archives/edgar/data/62709/000093041304001138/0000930413-04-001138-index.htm",
    "finalLink": "https://www.sec.gov/Archives/edgar/data/62709/000093041304001138/c30912_10k.txt"
  },
  {
    "date": "2002-12-31",
    "symbol": "MMC",
    "reportedCurrency": "USD",
    "cik": "0000062709",
    "fillingDate": "2003-03-26",
    "acceptedDate": "2003-03-26 15:17:08",
    "calendarYear": "2002",
    "period": "FY",
    "revenue": 10440000000,
    "costOfRevenue": 8166000000,
    "grossProfit": 2274000000,
    "grossProfitRatio": 0.217816092,
    "researchAndDevelopmentExpenses": 0,
    "generalAndAdministrativeExpenses": 0,
    "sellingAndMarketingExpenses": 0,
    "sellingGeneralAndAdministrativeExpenses": 8114000000,
    "otherExpenses": -8166000000,
    "operatingExpenses": 0,
    "costAndExpenses": 8114000000,
    "interestIncome": 0,
    "interestExpense": 0,
    "depreciationAndAmortization": 359000000,
    "ebitda": 2633000000,
    "ebitdaratio": 0.2522030651,
    "operatingIncome": 2274000000,
    "operatingIncomeRatio": 0.217816092,
    "totalOtherIncomeExpensesNet": -141000000,
    "incomeBeforeTax": 2133000000,
    "incomeBeforeTaxRatio": 0.2043103448,
    "incomeTaxExpense": 747000000,
    "netIncome": 1365000000,
    "netIncomeRatio": 0.1307471264,
    "eps": 2.52,
    "epsdiluted": 2.45,
    "weightedAverageShsOut": 541000000,
    "weightedAverageShsOutDil": 557000000,
    "link": "https://www.sec.gov/Archives/edgar/data/62709/000093041303000907/0000930413-03-000907-index.htm",
    "finalLink": "https://www.sec.gov/Archives/edgar/data/62709/000093041303000907/c27369_10k.txt"
  },
  {
    "date": "2001-12-31",
    "symbol": "MMC",
    "reportedCurrency": "USD",
    "cik": "0000062709",
    "fillingDate": "2002-03-29",
    "acceptedDate": "2002-03-29 00:00:00",
    "calendarYear": "2001",
    "period": "FY",
    "revenue": 9943000000,
    "costOfRevenue": 8180000000,
    "grossProfit": 1763000000,
    "grossProfitRatio": 0.1773106708,
    "researchAndDevelopmentExpenses": 0,
    "generalAndAdministrativeExpenses": 0,
    "sellingAndMarketingExpenses": 0,
    "sellingGeneralAndAdministrativeExpenses": 0,
    "otherExpenses": 174000000,
    "operatingExpenses": 0,
    "costAndExpenses": 8106000000,
    "interestIncome": 0,
    "interestExpense": 0,
    "depreciationAndAmortization": 520000000,
    "ebitda": 2283000000,
    "ebitdaratio": 0.22960877,
    "operatingIncome": 1763000000,
    "operatingIncomeRatio": 0.1773106708,
    "totalOtherIncomeExpensesNet": -173000000,
    "incomeBeforeTax": 1590000000,
    "incomeBeforeTaxRatio": 0.1599114955,
    "incomeTaxExpense": 599000000,
    "netIncome": 974000000,
    "netIncomeRatio": 0.0979583627,
    "eps": 1.77,
    "epsdiluted": 1.7,
    "weightedAverageShsOut": 550000000,
    "weightedAverageShsOutDil": 572941176,
    "link": "https://www.sec.gov/Archives/edgar/data/62709/000093041302001103/0000930413-02-001103-index.htm",
    "finalLink": "https://www.sec.gov/Archives/edgar/data/62709/000093041302001103/c23478_10k-.txt"
  },
  {
    "date": "2000-12-31",
    "symbol": "MMC",
    "reportedCurrency": "USD",
    "cik": "0000062709",
    "fillingDate": "2001-03-29",
    "acceptedDate": "2001-03-29 00:00:00",
    "calendarYear": "2000",
    "period": "FY",
    "revenue": 10157000000,
    "costOfRevenue": 7490000000,
    "grossProfit": 2667000000,
    "grossProfitRatio": 0.2625775327,
    "researchAndDevelopmentExpenses": 0,
    "generalAndAdministrativeExpenses": 0,
    "sellingAndMarketingExpenses": 0,
    "sellingGeneralAndAdministrativeExpenses": 0,
    "otherExpenses": -2000000,
    "operatingExpenses": 488000000,
    "costAndExpenses": 8129000000,
    "interestIncome": 0,
    "interestExpense": 0,
    "depreciationAndAmortization": 488000000,
    "ebitda": 2667000000,
    "ebitdaratio": 0.2625775327,
    "operatingIncome": 2179000000,
    "operatingIncomeRatio": 0.21453185,
    "totalOtherIncomeExpensesNet": -245000000,
    "incomeBeforeTax": 1934000000,
    "incomeBeforeTaxRatio": 0.1904105543,
    "incomeTaxExpense": 753000000,
    "netIncome": 1181000000,
    "netIncomeRatio": 0.1162744905,
    "eps": 2.17,
    "epsdiluted": 2.08,
    "weightedAverageShsOut": 544000000,
    "weightedAverageShsOutDil": 568000000,
    "link": "https://www.sec.gov/Archives/edgar/data/62709/000091205701505365/0000912057-01-505365-index.htm",
    "finalLink": "https://www.sec.gov/Archives/edgar/data/62709/000091205701505365/a2041744z10-k.txt"
  },
  {
    "date": "1999-12-31",
    "symbol": "MMC",
    "reportedCurrency": "USD",
    "cik": "0000062709",
    "fillingDate": "2000-03-29",
    "acceptedDate": "2000-03-29 00:00:00",
    "calendarYear": "1999",
    "period": "FY",
    "revenue": 9157000000,
    "costOfRevenue": 7298000000,
    "grossProfit": 1859000000,
    "grossProfitRatio": 0.2030140876,
    "researchAndDevelopmentExpenses": 0,
    "generalAndAdministrativeExpenses": 0,
    "sellingAndMarketingExpenses": 0,
    "sellingGeneralAndAdministrativeExpenses": 0,
    "otherExpenses": 431000000,
    "operatingExpenses": 400000000,
    "costAndExpenses": 7690000000,
    "interestIncome": 0,
    "interestExpense": 0,
    "depreciationAndAmortization": 431000000,
    "ebitda": 1898000000,
    "ebitdaratio": 0.2072731244,
    "operatingIncome": 1467000000,
    "operatingIncomeRatio": 0.1602053074,
    "totalOtherIncomeExpensesNet": -220000000,
    "incomeBeforeTax": 1247000000,
    "incomeBeforeTaxRatio": 0.1361799716,
    "incomeTaxExpense": 521000000,
    "netIncome": 726000000,
    "netIncomeRatio": 0.0792836082,
    "eps": 1.38,
    "epsdiluted": 1.33,
    "weightedAverageShsOut": 526000000,
    "weightedAverageShsOutDil": 544000000,
    "link": "https://www.sec.gov/Archives/edgar/data/62709/000091205700014263/0000912057-00-014263-index.html",
    "finalLink": "https://www.sec.gov/Archives/edgar/data/62709/000091205700014263/"
  },
  {
    "date": "1998-12-31",
    "symbol": "MMC",
    "reportedCurrency": "USD",
    "cik": "0000062709",
    "fillingDate": "1999-03-31",
    "acceptedDate": "1999-03-31 00:00:00",
    "calendarYear": "1998",
    "period": "FY",
    "revenue": 7190000000,
    "costOfRevenue": 5519000000,
    "grossProfit": 1671000000,
    "grossProfitRatio": 0.2324061196,
    "researchAndDevelopmentExpenses": 0,
    "generalAndAdministrativeExpenses": 0,
    "sellingAndMarketingExpenses": 0,
    "sellingGeneralAndAdministrativeExpenses": 0,
    "otherExpenses": 272000000,
    "operatingExpenses": 251000000,
    "costAndExpenses": 5770000000,
    "interestIncome": 0,
    "interestExpense": 0,
    "depreciationAndAmortization": 272000000,
    "ebitda": 1692000000,
    "ebitdaratio": 0.2353268428,
    "operatingIncome": 1420000000,
    "operatingIncomeRatio": 0.1974965229,
    "totalOtherIncomeExpensesNet": -115000000,
    "incomeBeforeTax": 1305000000,
    "incomeBeforeTaxRatio": 0.1815020862,
    "incomeTaxExpense": 509000000,
    "netIncome": 796000000,
    "netIncomeRatio": 0.1107093185,
    "eps": 1.55,
    "epsdiluted": 1.51,
    "weightedAverageShsOut": 512000000,
    "weightedAverageShsOutDil": 528000000,
    "link": "https://www.sec.gov/Archives/edgar/data/62709/000104746999012741/0001047469-99-012741-index.html",
    "finalLink": "https://www.sec.gov/Archives/edgar/data/62709/"
  },
  {
    "date": "1997-12-31",
    "symbol": "MMC",
    "reportedCurrency": "USD",
    "cik": "0000062709",
    "fillingDate": "1998-03-26",
    "acceptedDate": "1998-03-26 00:00:00",
    "calendarYear": "1997",
    "period": "FY",
    "revenue": 6008600000,
    "costOfRevenue": 5064700000,
    "grossProfit": 943900000,
    "grossProfitRatio": 0.1570915022,
    "researchAndDevelopmentExpenses": 0,
    "generalAndAdministrativeExpenses": 0,
    "sellingAndMarketingExpenses": 0,
    "sellingGeneralAndAdministrativeExpenses": 0,
    "otherExpenses": 199000000,
    "operatingExpenses": 199100000,
    "costAndExpenses": 5211000000,
    "interestIncome": 0,
    "interestExpense": 0,
    "depreciationAndAmortization": 199000000,
    "ebitda": 997000000,
    "ebitdaratio": 0.1659288353,
    "operatingIncome": 798000000,
    "operatingIncomeRatio": 0.1328096395,
    "totalOtherIncomeExpensesNet": -29800000,
    "incomeBeforeTax": 662400000,
    "incomeBeforeTaxRatio": 0.1102419865,
    "incomeTaxExpense": 263000000,
    "netIncome": 399400000,
    "netIncomeRatio": 0.066471391,
    "eps": 0.81,
    "epsdiluted": 0.8,
    "weightedAverageShsOut": 490395480,
    "weightedAverageShsOutDil": 501734104,
    "link": "https://www.sec.gov/Archives/edgar/data/62709/000104746998011599/0001047469-98-011599-index.html",
    "finalLink": "https://www.sec.gov/Archives/edgar/data/62709/"
  },
  {
    "date": "1996-12-31",
    "symbol": "MMC",
    "reportedCurrency": "USD",
    "cik": "0000062709",
    "fillingDate": "1997-03-31",
    "acceptedDate": "1997-03-31 00:00:00",
    "calendarYear": "1996",
    "period": "FY",
    "revenue": 4149000000,
    "costOfRevenue": 3293800000,
    "grossProfit": 855200000,
    "grossProfitRatio": 0.2061219571,
    "researchAndDevelopmentExpenses": 0,
    "generalAndAdministrativeExpenses": 0,
    "sellingAndMarketingExpenses": 0,
    "sellingGeneralAndAdministrativeExpenses": 0,
    "otherExpenses": 140000000,
    "operatingExpenses": 139900000,
    "costAndExpenses": 3689000000,
    "interestIncome": 0,
    "interestExpense": 0,
    "depreciationAndAmortization": 140000000,
    "ebitda": 855000000,
    "ebitdaratio": 0.2060737527,
    "operatingIncome": 715000000,
    "operatingIncomeRatio": 0.1723306821,
    "totalOtherIncomeExpensesNet": -47000000,
    "incomeBeforeTax": 668000000,
    "incomeBeforeTaxRatio": 0.1610026512,
    "incomeTaxExpense": 208700000,
    "netIncome": 459300000,
    "netIncomeRatio": 0.1107013738,
    "eps": 1.06,
    "epsdiluted": 1.04,
    "weightedAverageShsOut": 435071090,
    "weightedAverageShsOutDil": 441346154,
    "link": "https://www.sec.gov/Archives/edgar/data/62709/000100547797000915/0001005477-97-000915-index.html",
    "finalLink": "https://www.sec.gov/Archives/edgar/data/62709/"
  },
  {
    "date": "1995-12-31",
    "symbol": "MMC",
    "reportedCurrency": "USD",
    "cik": "0000062709",
    "fillingDate": "1996-03-28",
    "acceptedDate": "1996-03-28 00:00:00",
    "calendarYear": "1995",
    "period": "FY",
    "revenue": 3770300000,
    "costOfRevenue": 2940300000,
    "grossProfit": 830000000,
    "grossProfitRatio": 0.2201416333,
    "researchAndDevelopmentExpenses": 0,
    "generalAndAdministrativeExpenses": 0,
    "sellingAndMarketingExpenses": 0,
    "sellingGeneralAndAdministrativeExpenses": 0,
    "otherExpenses": 135100000,
    "operatingExpenses": 135100000,
    "costAndExpenses": 3242400000,
    "interestIncome": 0,
    "interestExpense": 0,
    "depreciationAndAmortization": 135100000,
    "ebitda": 830000000,
    "ebitdaratio": 0.2201416333,
    "operatingIncome": 694900000,
    "operatingIncomeRatio": 0.1843089409,
    "totalOtherIncomeExpensesNet": -45100000,
    "incomeBeforeTax": 649800000,
    "incomeBeforeTaxRatio": 0.1723470281,
    "incomeTaxExpense": 246900000,
    "netIncome": 402900000,
    "netIncomeRatio": 0.106861523,
    "eps": 0.92,
    "epsdiluted": 0.91,
    "weightedAverageShsOut": 437934783,
    "weightedAverageShsOutDil": 442747253,
    "link": "https://www.sec.gov/Archives/edgar/data/62709/000088981296000280/0000889812-96-000280-index.html",
    "finalLink": "https://www.sec.gov/Archives/edgar/data/62709/"
  },
  {
    "date": "1994-12-31",
    "symbol": "MMC",
    "reportedCurrency": "USD",
    "cik": "0000062709",
    "fillingDate": "1995-03-28",
    "acceptedDate": "1995-03-28 00:00:00",
    "calendarYear": "1994",
    "period": "FY",
    "revenue": 3435000000,
    "costOfRevenue": 2644100000,
    "grossProfit": 790900000,
    "grossProfitRatio": 0.2302474527,
    "researchAndDevelopmentExpenses": 0,
    "generalAndAdministrativeExpenses": 0,
    "sellingAndMarketingExpenses": 0,
    "sellingGeneralAndAdministrativeExpenses": 0,
    "otherExpenses": 120600000,
    "operatingExpenses": 120600000,
    "costAndExpenses": 2764700000,
    "interestIncome": 0,
    "interestExpense": 0,
    "depreciationAndAmortization": 120600000,
    "ebitda": 790900000,
    "ebitdaratio": 0.2302474527,
    "operatingIncome": 670300000,
    "operatingIncomeRatio": 0.1951382824,
    "totalOtherIncomeExpensesNet": -38800000,
    "incomeBeforeTax": 631500000,
    "incomeBeforeTaxRatio": 0.1838427948,
    "incomeTaxExpense": 249500000,
    "netIncome": 371500000,
    "netIncomeRatio": 0.1081513828,
    "eps": 0.84,
    "epsdiluted": 0.84,
    "weightedAverageShsOut": 441600000,
    "weightedAverageShsOutDil": 441600000,
    "link": "https://www.sec.gov/Archives/edgar/data/62709/000091205795001755/0000912057-95-001755-index.html",
    "finalLink": "https://www.sec.gov/Archives/edgar/data/62709/"
  },
  {
    "date": "1993-12-31",
    "symbol": "MMC",
    "reportedCurrency": "USD",
    "cik": "0000062709",
    "fillingDate": "1993-12-31",
    "acceptedDate": "1993-12-31 00:00:00",
    "calendarYear": "1993",
    "period": "FY",
    "revenue": 3163400000,
    "costOfRevenue": 2450700000,
    "grossProfit": 712700000,
    "grossProfitRatio": 0.2252955681,
    "researchAndDevelopmentExpenses": 0,
    "generalAndAdministrativeExpenses": 0,
    "sellingAndMarketingExpenses": 0,
    "sellingGeneralAndAdministrativeExpenses": 0,
    "otherExpenses": 119900000,
    "operatingExpenses": 119900000,
    "costAndExpenses": 2570600000,
    "interestIncome": 0,
    "interestExpense": 0,
    "depreciationAndAmortization": 119900000,
    "ebitda": 712700000,
    "ebitdaratio": 0.2252955681,
    "operatingIncome": 592800000,
    "operatingIncomeRatio": 0.187393311,
    "totalOtherIncomeExpensesNet": -34200000,
    "incomeBeforeTax": 558600000,
    "incomeBeforeTaxRatio": 0.1765821584,
    "incomeTaxExpense": 226200000,
    "netIncome": 332400000,
    "netIncomeRatio": 0.1050768161,
    "eps": 0.75,
    "epsdiluted": 0.75,
    "weightedAverageShsOut": 440264901,
    "weightedAverageShsOutDil": 440264901,
    "link": null,
    "finalLink": null
  },
  {
    "date": "1992-12-31",
    "symbol": "MMC",
    "reportedCurrency": "USD",
    "cik": "0000062709",
    "fillingDate": "1992-12-31",
    "acceptedDate": "1992-12-31 00:00:00",
    "calendarYear": "1992",
    "period": "FY",
    "revenue": 2937000000,
    "costOfRevenue": 2284000000,
    "grossProfit": 653000000,
    "grossProfitRatio": 0.2223357167,
    "researchAndDevelopmentExpenses": 0,
    "generalAndAdministrativeExpenses": 0,
    "sellingAndMarketingExpenses": 0,
    "sellingGeneralAndAdministrativeExpenses": 0,
    "otherExpenses": 112000000,
    "operatingExpenses": 112000000,
    "costAndExpenses": 2396000000,
    "interestIncome": 0,
    "interestExpense": 0,
    "depreciationAndAmortization": 112000000,
    "ebitda": 653000000,
    "ebitdaratio": 0.2223357167,
    "operatingIncome": 541000000,
    "operatingIncomeRatio": 0.1842015662,
    "totalOtherIncomeExpensesNet": -21700000,
    "incomeBeforeTax": 519300000,
    "incomeBeforeTaxRatio": 0.1768130746,
    "incomeTaxExpense": 215500000,
    "netIncome": 263700000,
    "netIncomeRatio": 0.0897854954,
    "eps": 0.61,
    "epsdiluted": 0.61,
    "weightedAverageShsOut": 432295082,
    "weightedAverageShsOutDil": 432295082,
    "link": null,
    "finalLink": null
  },
  {
    "date": "1991-12-31",
    "symbol": "MMC",
    "reportedCurrency": "USD",
    "cik": "0000062709",
    "fillingDate": "1991-12-31",
    "acceptedDate": "1991-12-31 00:00:00",
    "calendarYear": "1991",
    "period": "FY",
    "revenue": 2779200000,
    "costOfRevenue": 2168000000,
    "grossProfit": 611200000,
    "grossProfitRatio": 0.2199194013,
    "researchAndDevelopmentExpenses": 0,
    "generalAndAdministrativeExpenses": 0,
    "sellingAndMarketingExpenses": 0,
    "sellingGeneralAndAdministrativeExpenses": 0,
    "otherExpenses": 113100000,
    "operatingExpenses": 113100000,
    "costAndExpenses": 2281100000,
    "interestIncome": 0,
    "interestExpense": 0,
    "depreciationAndAmortization": 113100000,
    "ebitda": 611200000,
    "ebitdaratio": 0.2199194013,
    "operatingIncome": 498100000,
    "operatingIncomeRatio": 0.1792242372,
    "totalOtherIncomeExpensesNet": 28700000,
    "incomeBeforeTax": 526800000,
    "incomeBeforeTaxRatio": 0.1895509499,
    "incomeTaxExpense": 221300000,
    "netIncome": 305500000,
    "netIncomeRatio": 0.1099237191,
    "eps": 0.7,
    "epsdiluted": 0.7,
    "weightedAverageShsOut": 439568345,
    "weightedAverageShsOutDil": 439568345,
    "link": null,
    "finalLink": null
  },
  {
    "date": "1990-12-31",
    "symbol": "MMC",
    "reportedCurrency": "USD",
    "cik": "0000062709",
    "fillingDate": "1990-12-31",
    "acceptedDate": "1990-12-31 00:00:00",
    "calendarYear": "1990",
    "period": "FY",
    "revenue": 2723000000,
    "costOfRevenue": 2090700000,
    "grossProfit": 632300000,
    "grossProfitRatio": 0.2322071245,
    "researchAndDevelopmentExpenses": 0,
    "generalAndAdministrativeExpenses": 0,
    "sellingAndMarketingExpenses": 0,
    "sellingGeneralAndAdministrativeExpenses": 0,
    "otherExpenses": 105000000,
    "operatingExpenses": 105000000,
    "costAndExpenses": 2195700000,
    "interestIncome": 0,
    "interestExpense": 0,
    "depreciationAndAmortization": 105000000,
    "ebitda": 632300000,
    "ebitdaratio": 0.2322071245,
    "operatingIncome": 527300000,
    "operatingIncomeRatio": 0.1936467132,
    "totalOtherIncomeExpensesNet": 1500000,
    "incomeBeforeTax": 528800000,
    "incomeBeforeTaxRatio": 0.1941975762,
    "incomeTaxExpense": 224700000,
    "netIncome": 304100000,
    "netIncomeRatio": 0.111678296,
    "eps": 0.69,
    "epsdiluted": 0.69,
    "weightedAverageShsOut": 437553957,
    "weightedAverageShsOutDil": 437553957,
    "link": null,
    "finalLink": null
  },
  {
    "date": "1989-12-31",
    "symbol": "MMC",
    "reportedCurrency": "USD",
    "cik": "0000062709",
    "fillingDate": "1989-12-31",
    "acceptedDate": "1989-12-31 00:00:00",
    "calendarYear": "1989",
    "period": "FY",
    "revenue": 2427700000,
    "costOfRevenue": 1828900000,
    "grossProfit": 598800000,
    "grossProfitRatio": 0.2466532109,
    "researchAndDevelopmentExpenses": 0,
    "generalAndAdministrativeExpenses": 0,
    "sellingAndMarketingExpenses": 0,
    "sellingGeneralAndAdministrativeExpenses": 0,
    "otherExpenses": 89300000,
    "operatingExpenses": 89300000,
    "costAndExpenses": 1918200000,
    "interestIncome": 0,
    "interestExpense": 0,
    "depreciationAndAmortization": 89300000,
    "ebitda": 598800000,
    "ebitdaratio": 0.2466532109,
    "operatingIncome": 509500000,
    "operatingIncomeRatio": 0.2098694237,
    "totalOtherIncomeExpensesNet": 7800000,
    "incomeBeforeTax": 517300000,
    "incomeBeforeTaxRatio": 0.2130823413,
    "incomeTaxExpense": 222400000,
    "netIncome": 294900000,
    "netIncomeRatio": 0.1214729991,
    "eps": 0.68,
    "epsdiluted": 0.68,
    "weightedAverageShsOut": 430510949,
    "weightedAverageShsOutDil": 430510949,
    "link": null,
    "finalLink": null
  },
  {
    "date": "1988-12-31",
    "symbol": "MMC",
    "reportedCurrency": "USD",
    "cik": "0000062709",
    "fillingDate": "1988-12-31",
    "acceptedDate": "1988-12-30 19:00:00",
    "calendarYear": "1988",
    "period": "FY",
    "revenue": 2272400000,
    "costOfRevenue": 1676100000,
    "grossProfit": 596300000,
    "grossProfitRatio": 0.262409787,
    "researchAndDevelopmentExpenses": 0,
    "generalAndAdministrativeExpenses": 0,
    "sellingAndMarketingExpenses": 0,
    "sellingGeneralAndAdministrativeExpenses": 0,
    "otherExpenses": 80900000,
    "operatingExpenses": 80900000,
    "costAndExpenses": 1757000000,
    "interestIncome": 0,
    "interestExpense": 0,
    "depreciationAndAmortization": 80900000,
    "ebitda": 596300000,
    "ebitdaratio": 0.262409787,
    "operatingIncome": 515400000,
    "operatingIncomeRatio": 0.2268086604,
    "totalOtherIncomeExpensesNet": 1000000,
    "incomeBeforeTax": 516400000,
    "incomeBeforeTaxRatio": 0.2272487238,
    "incomeTaxExpense": 220100000,
    "netIncome": 296300000,
    "netIncomeRatio": 0.1303907763,
    "eps": 0.68,
    "epsdiluted": 0.68,
    "weightedAverageShsOut": 432554745,
    "weightedAverageShsOutDil": 432554745,
    "link": "",
    "finalLink": ""
  },
  {
    "date": "1987-12-31",
    "symbol": "MMC",
    "reportedCurrency": "USD",
    "cik": "0000062709",
    "fillingDate": "1987-12-31",
    "acceptedDate": "1987-12-30 19:00:00",
    "calendarYear": "1987",
    "period": "FY",
    "revenue": 2147100000,
    "costOfRevenue": 1526800000,
    "grossProfit": 620300000,
    "grossProfitRatio": 0.2889013087,
    "researchAndDevelopmentExpenses": 0,
    "generalAndAdministrativeExpenses": 0,
    "sellingAndMarketingExpenses": 0,
    "sellingGeneralAndAdministrativeExpenses": 0,
    "otherExpenses": 70100000,
    "operatingExpenses": 70100000,
    "costAndExpenses": 1596900000,
    "interestIncome": 0,
    "interestExpense": 0,
    "depreciationAndAmortization": 70100000,
    "ebitda": 620300000,
    "ebitdaratio": 0.2889013087,
    "operatingIncome": 550200000,
    "operatingIncomeRatio": 0.2562526198,
    "totalOtherIncomeExpensesNet": 17100000,
    "incomeBeforeTax": 567300000,
    "incomeBeforeTaxRatio": 0.2642168506,
    "incomeTaxExpense": 265200000,
    "netIncome": 302100000,
    "netIncomeRatio": 0.1407014112,
    "eps": 0.67,
    "epsdiluted": 0.67,
    "weightedAverageShsOut": 447555556,
    "weightedAverageShsOutDil": 447555556,
    "link": "",
    "finalLink": ""
  },
  {
    "date": "1986-12-31",
    "symbol": "MMC",
    "reportedCurrency": "USD",
    "cik": "0000062709",
    "fillingDate": "1986-12-31",
    "acceptedDate": "1986-12-30 19:00:00",
    "calendarYear": "1986",
    "period": "FY",
    "revenue": 1804100000,
    "costOfRevenue": 1268100000,
    "grossProfit": 536000000,
    "grossProfitRatio": 0.2971010476,
    "researchAndDevelopmentExpenses": 0,
    "generalAndAdministrativeExpenses": 0,
    "sellingAndMarketingExpenses": 0,
    "sellingGeneralAndAdministrativeExpenses": 0,
    "otherExpenses": 55500000,
    "operatingExpenses": 55500000,
    "costAndExpenses": 1323600000,
    "interestIncome": 0,
    "interestExpense": 0,
    "depreciationAndAmortization": 55500000,
    "ebitda": 536000000,
    "ebitdaratio": 0.2971010476,
    "operatingIncome": 480500000,
    "operatingIncomeRatio": 0.2663377862,
    "totalOtherIncomeExpensesNet": 20900000,
    "incomeBeforeTax": 501400000,
    "incomeBeforeTaxRatio": 0.2779225098,
    "incomeTaxExpense": 258200000,
    "netIncome": 243200000,
    "netIncomeRatio": 0.1348040574,
    "eps": 0.55,
    "epsdiluted": 0.55,
    "weightedAverageShsOut": 442181818,
    "weightedAverageShsOutDil": 442181818,
    "link": "",
    "finalLink": ""
  },
  {
    "date": "1985-12-31",
    "symbol": "MMC",
    "reportedCurrency": "USD",
    "cik": "0000062709",
    "fillingDate": "1985-12-31",
    "acceptedDate": "1985-12-30 19:00:00",
    "calendarYear": "1985",
    "period": "FY",
    "revenue": 1367600000,
    "costOfRevenue": 1015400000,
    "grossProfit": 352200000,
    "grossProfitRatio": 0.2575314419,
    "researchAndDevelopmentExpenses": 0,
    "generalAndAdministrativeExpenses": 0,
    "sellingAndMarketingExpenses": 0,
    "sellingGeneralAndAdministrativeExpenses": 0,
    "otherExpenses": 38800000,
    "operatingExpenses": 38800000,
    "costAndExpenses": 1054200000,
    "interestIncome": 0,
    "interestExpense": 0,
    "depreciationAndAmortization": 38800000,
    "ebitda": 352200000,
    "ebitdaratio": 0.2575314419,
    "operatingIncome": 313400000,
    "operatingIncomeRatio": 0.2291605733,
    "totalOtherIncomeExpensesNet": 16300000,
    "incomeBeforeTax": 329700000,
    "incomeBeforeTaxRatio": 0.2410792629,
    "incomeTaxExpense": 166800000,
    "netIncome": 162900000,
    "netIncomeRatio": 0.119113776,
    "eps": 0.38,
    "epsdiluted": 0.38,
    "weightedAverageShsOut": 434400000,
    "weightedAverageShsOutDil": 434400000,
    "link": "",
    "finalLink": ""
  }
]