[
  {
    "date": "2025-06-30",
    "symbol": "MMM",
    "reportedCurrency": "USD",
    "cik": "0000066740",
    "fillingDate": "2025-07-18",
    "acceptedDate": "2025-07-18 11:44:44",
    "calendarYear": "2025",
    "period": "Q2",
    "revenue": 6344000000,
    "costOfRevenue": 3695000000,
    "grossProfit": 2649000000,
    "grossProfitRatio": 0.4175598991,
    "researchAndDevelopmentExpenses": 288000000,
    "generalAndAdministrativeExpenses": 0,
    "sellingAndMarketingExpenses": 0,
    "sellingGeneralAndAdministrativeExpenses": 1259000000,
    "otherExpenses": 0,
    "operatingExpenses": 1547000000,
    "costAndExpenses": 5242000000,
    "interestIncome": 50000000,
    "interestExpense": 235000000,
    "depreciationAndAmortization": 290000000,
    "ebitda": 1448000000,
    "ebitdaratio": 0.2282471627,
    "operatingIncome": 1102000000,
    "operatingIncomeRatio": 0.1737074401,
    "totalOtherIncomeExpensesNet": -132000000,
    "incomeBeforeTax": 970000000,
    "incomeBeforeTaxRatio": 0.1529003783,
    "incomeTaxExpense": 245000000,
    "netIncome": 723000000,
    "netIncomeRatio": 0.1139659521,
    "eps": 1.35,
    "epsdiluted": 1.34,
    "weightedAverageShsOut": 540600000,
    "weightedAverageShsOutDil": 544200000,
    "link": "https://www.sec.gov/Archives/edgar/data/66740/000006674025000063/0000066740-25-000063-index.htm",
    "finalLink": "https://www.sec.gov/Archives/edgar/data/66740/000006674025000063/mmm-20250630.htm"
  },
  {
    "date": "2025-03-31",
    "symbol": "MMM",
    "reportedCurrency": "USD",
    "cik": "0000066740",
    "fillingDate": "2025-04-22",
    "acceptedDate": "2025-04-22 12:24:49",
    "calendarYear": "2025",
    "period": "Q1",
    "revenue": 5954000000,
    "costOfRevenue": 3518000000,
    "grossProfit": 2436000000,
    "grossProfitRatio": 0.4091367148,
    "researchAndDevelopmentExpenses": 285000000,
    "generalAndAdministrativeExpenses": 0,
    "sellingAndMarketingExpenses": 0,
    "sellingGeneralAndAdministrativeExpenses": 933000000,
    "otherExpenses": 0,
    "operatingExpenses": 1218000000,
    "costAndExpenses": 4736000000,
    "interestIncome": 79000000,
    "interestExpense": 253000000,
    "depreciationAndAmortization": 290000000,
    "ebitda": 1928000000,
    "ebitdaratio": 0.3238159221,
    "operatingIncome": 1218000000,
    "operatingIncomeRatio": 0.2045683574,
    "totalOtherIncomeExpensesNet": 169000000,
    "incomeBeforeTax": 1387000000,
    "incomeBeforeTaxRatio": 0.2329526369,
    "incomeTaxExpense": 265000000,
    "netIncome": 1116000000,
    "netIncomeRatio": 0.1874370171,
    "eps": 2.05,
    "epsdiluted": 2.04,
    "weightedAverageShsOut": 543800000,
    "weightedAverageShsOutDil": 547700000,
    "link": "https://www.sec.gov/Archives/edgar/data/66740/000006674025000039/0000066740-25-000039-index.htm",
    "finalLink": "https://www.sec.gov/Archives/edgar/data/66740/000006674025000039/mmm-20250331.htm"
  },
  {
    "date": "2024-12-31",
    "symbol": "MMM",
    "reportedCurrency": "USD",
    "cik": "0000066740",
    "fillingDate": "2025-02-05",
    "acceptedDate": "2025-02-05 09:57:15",
    "calendarYear": "2024",
    "period": "Q4",
    "revenue": 6010000000,
    "costOfRevenue": 3738000000,
    "grossProfit": 2272000000,
    "grossProfitRatio": 0.3780366057,
    "researchAndDevelopmentExpenses": 281000000,
    "generalAndAdministrativeExpenses": 0,
    "sellingAndMarketingExpenses": 0,
    "sellingGeneralAndAdministrativeExpenses": 898000000,
    "otherExpenses": 0,
    "operatingExpenses": 1179000000,
    "costAndExpenses": 4917000000,
    "interestIncome": 92000000,
    "interestExpense": 249000000,
    "depreciationAndAmortization": 322000000,
    "ebitda": 1330000000,
    "ebitdaratio": 0.2212978369,
    "operatingIncome": 1093000000,
    "operatingIncomeRatio": 0.1818635607,
    "totalOtherIncomeExpensesNet": -332000000,
    "incomeBeforeTax": 761000000,
    "incomeBeforeTaxRatio": 0.1266222962,
    "incomeTaxExpense": 33000000,
    "netIncome": 728000000,
    "netIncomeRatio": 0.1211314476,
    "eps": 1.34,
    "epsdiluted": 1.33,
    "weightedAverageShsOut": 543600000,
    "weightedAverageShsOutDil": 546300000,
    "link": "https://www.sec.gov/Archives/edgar/data/66740/000006674025000006/0000066740-25-000006-index.htm",
    "finalLink": "https://www.sec.gov/Archives/edgar/data/66740/000006674025000006/mmm-20241231.htm"
  },
  {
    "date": "2024-09-30",
    "symbol": "MMM",
    "reportedCurrency": "USD",
    "cik": "0000066740",
    "fillingDate": "2024-10-22",
    "acceptedDate": "2024-10-22 11:48:29",
    "calendarYear": "2024",
    "period": "Q3",
    "revenue": 6294000000,
    "costOfRevenue": 3651000000,
    "grossProfit": 2643000000,
    "grossProfitRatio": 0.4199237369,
    "researchAndDevelopmentExpenses": 266000000,
    "generalAndAdministrativeExpenses": 0,
    "sellingAndMarketingExpenses": 0,
    "sellingGeneralAndAdministrativeExpenses": 1044000000,
    "otherExpenses": 0,
    "operatingExpenses": 1310000000,
    "costAndExpenses": 4961000000,
    "interestIncome": 107000000,
    "interestExpense": 274000000,
    "depreciationAndAmortization": 310000000,
    "ebitda": 2305000000,
    "ebitdaratio": 0.3662217985,
    "operatingIncome": 1333000000,
    "operatingIncomeRatio": 0.2117890054,
    "totalOtherIncomeExpensesNet": 391000000,
    "incomeBeforeTax": 1724000000,
    "incomeBeforeTaxRatio": 0.2739116619,
    "incomeTaxExpense": 348000000,
    "netIncome": 1372000000,
    "netIncomeRatio": 0.2179853829,
    "eps": 2.49,
    "epsdiluted": 2.48,
    "weightedAverageShsOut": 550600000,
    "weightedAverageShsOutDil": 552700000,
    "link": "https://www.sec.gov/Archives/edgar/data/66740/000006674024000101/0000066740-24-000101-index.htm",
    "finalLink": "https://www.sec.gov/Archives/edgar/data/66740/000006674024000101/mmm-20240930.htm"
  },
  {
    "date": "2024-06-30",
    "symbol": "MMM",
    "reportedCurrency": "USD",
    "cik": "0000066740",
    "fillingDate": "2024-07-26",
    "acceptedDate": "2024-07-26 11:11:32",
    "calendarYear": "2024",
    "period": "Q2",
    "revenue": 6255000000,
    "costOfRevenue": 3599000000,
    "grossProfit": 2656000000,
    "grossProfitRatio": 0.4246203038,
    "researchAndDevelopmentExpenses": 279000000,
    "generalAndAdministrativeExpenses": 0,
    "sellingAndMarketingExpenses": 0,
    "sellingGeneralAndAdministrativeExpenses": 1100000000,
    "otherExpenses": 0,
    "operatingExpenses": 1379000000,
    "costAndExpenses": 4978000000,
    "interestIncome": 143000000,
    "interestExpense": 316000000,
    "depreciationAndAmortization": 301000000,
    "ebitda": 2027000000,
    "ebitdaratio": 0.3240607514,
    "operatingIncome": 1277000000,
    "operatingIncomeRatio": 0.2041566747,
    "totalOtherIncomeExpensesNet": 136000000,
    "incomeBeforeTax": 1413000000,
    "incomeBeforeTaxRatio": 0.2258992806,
    "incomeTaxExpense": 203000000,
    "netIncome": 1145000000,
    "netIncomeRatio": 0.1830535572,
    "eps": 2.07,
    "epsdiluted": 2.06,
    "weightedAverageShsOut": 553800000,
    "weightedAverageShsOutDil": 554800000,
    "link": "https://www.sec.gov/Archives/edgar/data/66740/000006674024000080/0000066740-24-000080-index.htm",
    "finalLink": "https://www.sec.gov/Archives/edgar/data/66740/000006674024000080/mmm-20240630.htm"
  },
  {
    "date": "2024-03-31",
    "symbol": "MMM",
    "reportedCurrency": "USD",
    "cik": "0000066740",
    "fillingDate": "2024-04-30",
    "acceptedDate": "2024-04-30 11:38:15",
    "calendarYear": "2024",
    "period": "Q1",
    "revenue": 6016000000,
    "costOfRevenue": 3507000000,
    "grossProfit": 2509000000,
    "grossProfitRatio": 0.4170545213,
    "researchAndDevelopmentExpenses": 244000000,
    "generalAndAdministrativeExpenses": 0,
    "sellingAndMarketingExpenses": 0,
    "sellingGeneralAndAdministrativeExpenses": 1037000000,
    "otherExpenses": 0,
    "operatingExpenses": 1281000000,
    "costAndExpenses": 4788000000,
    "interestIncome": 110000000,
    "interestExpense": 339000000,
    "depreciationAndAmortization": 430000000,
    "ebitda": 1698000000,
    "ebitdaratio": 0.2822473404,
    "operatingIncome": 1228000000,
    "operatingIncomeRatio": 0.2041223404,
    "totalOtherIncomeExpensesNet": -298000000,
    "incomeBeforeTax": 930000000,
    "incomeBeforeTaxRatio": 0.154587766,
    "incomeTaxExpense": 220000000,
    "netIncome": 928000000,
    "netIncomeRatio": 0.1542553191,
    "eps": 1.67,
    "epsdiluted": 1.67,
    "weightedAverageShsOut": 555000000,
    "weightedAverageShsOutDil": 555900000,
    "link": "https://www.sec.gov/Archives/edgar/data/66740/000006674024000053/0000066740-24-000053-index.htm",
    "finalLink": "https://www.sec.gov/Archives/edgar/data/66740/000006674024000053/mmm-20240331.htm"
  },
  {
    "date": "2023-12-31",
    "symbol": "MMM",
    "reportedCurrency": "USD",
    "cik": "0000066740",
    "fillingDate": "2024-02-07",
    "acceptedDate": "2024-02-07 09:25:16",
    "calendarYear": "2023",
    "period": "Q4",
    "revenue": 6002000000,
    "costOfRevenue": 3783000000,
    "grossProfit": 2219000000,
    "grossProfitRatio": 0.3697100966,
    "researchAndDevelopmentExpenses": 286000000,
    "generalAndAdministrativeExpenses": 0,
    "sellingAndMarketingExpenses": 0,
    "sellingGeneralAndAdministrativeExpenses": -3255000000,
    "otherExpenses": 0,
    "operatingExpenses": -2969000000,
    "costAndExpenses": 814000000,
    "interestIncome": 90000000,
    "interestExpense": 367000000,
    "depreciationAndAmortization": 399000000,
    "ebitda": 1417000000,
    "ebitdaratio": 0.2360879707,
    "operatingIncome": 5188000000,
    "operatingIncomeRatio": 0.8643785405,
    "totalOtherIncomeExpensesNet": -4526000000,
    "incomeBeforeTax": 662000000,
    "incomeBeforeTaxRatio": 0.1102965678,
    "incomeTaxExpense": 26000000,
    "netIncome": 945000000,
    "netIncomeRatio": 0.1574475175,
    "eps": 1.7,
    "epsdiluted": 1.7,
    "weightedAverageShsOut": 554700000,
    "weightedAverageShsOutDil": 555400000,
    "link": "https://www.sec.gov/Archives/edgar/data/66740/000006674024000016/0000066740-24-000016-index.htm",
    "finalLink": "https://www.sec.gov/Archives/edgar/data/66740/000006674024000016/mmm-20231231.htm"
  },
  {
    "date": "2023-09-30",
    "symbol": "MMM",
    "reportedCurrency": "USD",
    "cik": "0000066740",
    "fillingDate": "2023-10-24",
    "acceptedDate": "2023-10-24 12:17:55",
    "calendarYear": "2023",
    "period": "Q3",
    "revenue": 6270000000,
    "costOfRevenue": 3759000000,
    "grossProfit": 2511000000,
    "grossProfitRatio": 0.4004784689,
    "researchAndDevelopmentExpenses": 264000000,
    "generalAndAdministrativeExpenses": 0,
    "sellingAndMarketingExpenses": 0,
    "sellingGeneralAndAdministrativeExpenses": 5366000000,
    "otherExpenses": 0,
    "operatingExpenses": 5630000000,
    "costAndExpenses": 9389000000,
    "interestIncome": 72000000,
    "interestExpense": 304000000,
    "depreciationAndAmortization": 535000000,
    "ebitda": -2463000000,
    "ebitdaratio": -0.3928229665,
    "operatingIncome": -3119000000,
    "operatingIncomeRatio": -0.4974481659,
    "totalOtherIncomeExpensesNet": -181000000,
    "incomeBeforeTax": -3300000000,
    "incomeBeforeTaxRatio": -0.5263157895,
    "incomeTaxExpense": -777000000,
    "netIncome": -2075000000,
    "netIncomeRatio": -0.3309409888,
    "eps": -3.74,
    "epsdiluted": -3.74,
    "weightedAverageShsOut": 554300000,
    "weightedAverageShsOutDil": 554300000,
    "link": "https://www.sec.gov/Archives/edgar/data/66740/000006674023000092/0000066740-23-000092-index.htm",
    "finalLink": "https://www.sec.gov/Archives/edgar/data/66740/000006674023000092/mmm-20230930.htm"
  },
  {
    "date": "2023-06-30",
    "symbol": "MMM",
    "reportedCurrency": "USD",
    "cik": "0000066740",
    "fillingDate": "2023-07-25",
    "acceptedDate": "2023-07-25 14:07:02",
    "calendarYear": "2023",
    "period": "Q2",
    "revenue": 6283000000,
    "costOfRevenue": 3725000000,
    "grossProfit": 2558000000,
    "grossProfitRatio": 0.4071303517,
    "researchAndDevelopmentExpenses": 280000000,
    "generalAndAdministrativeExpenses": 0,
    "sellingAndMarketingExpenses": 0,
    "sellingGeneralAndAdministrativeExpenses": 1175000000,
    "otherExpenses": 0,
    "operatingExpenses": 1455000000,
    "costAndExpenses": 5180000000,
    "interestIncome": 47000000,
    "interestExpense": 181000000,
    "depreciationAndAmortization": 449000000,
    "ebitda": -8800000000,
    "ebitdaratio": -1.4006048066,
    "operatingIncome": 1103000000,
    "operatingIncomeRatio": 0.1755530797,
    "totalOtherIncomeExpensesNet": -10530000000,
    "incomeBeforeTax": -9427000000,
    "incomeBeforeTaxRatio": -1.5003978991,
    "incomeTaxExpense": -2261000000,
    "netIncome": -6841000000,
    "netIncomeRatio": -1.0888110775,
    "eps": -12.35,
    "epsdiluted": -12.35,
    "weightedAverageShsOut": 553900000,
    "weightedAverageShsOutDil": 553900000,
    "link": "https://www.sec.gov/Archives/edgar/data/66740/000006674023000058/0000066740-23-000058-index.htm",
    "finalLink": "https://www.sec.gov/Archives/edgar/data/66740/000006674023000058/mmm-20230630.htm"
  },
  {
    "date": "2023-03-31",
    "symbol": "MMM",
    "reportedCurrency": "USD",
    "cik": "0000066740",
    "fillingDate": "2023-04-25",
    "acceptedDate": "2023-04-25 13:59:21",
    "calendarYear": "2023",
    "period": "Q1",
    "revenue": 8031000000,
    "costOfRevenue": 4638000000,
    "grossProfit": 3393000000,
    "grossProfitRatio": 0.4224878595,
    "researchAndDevelopmentExpenses": 468000000,
    "generalAndAdministrativeExpenses": 0,
    "sellingAndMarketingExpenses": 0,
    "sellingGeneralAndAdministrativeExpenses": 1673000000,
    "otherExpenses": 0,
    "operatingExpenses": 2141000000,
    "costAndExpenses": 6779000000,
    "interestIncome": 40000000,
    "interestExpense": 131000000,
    "depreciationAndAmortization": 466000000,
    "ebitda": 1786000000,
    "ebitdaratio": 0.2223882455,
    "operatingIncome": 1252000000,
    "operatingIncomeRatio": 0.1558959034,
    "totalOtherIncomeExpensesNet": -61000000,
    "incomeBeforeTax": 1191000000,
    "incomeBeforeTaxRatio": 0.1483003362,
    "incomeTaxExpense": 210000000,
    "netIncome": 976000000,
    "netIncomeRatio": 0.1215290748,
    "eps": 1.77,
    "epsdiluted": 1.76,
    "weightedAverageShsOut": 552700000,
    "weightedAverageShsOutDil": 553200000,
    "link": "https://www.sec.gov/Archives/edgar/data/66740/000006674023000028/0000066740-23-000028-index.htm",
    "finalLink": "https://www.sec.gov/Archives/edgar/data/66740/000006674023000028/mmm-20230331.htm"
  },
  {
    "date": "2022-12-31",
    "symbol": "MMM",
    "reportedCurrency": "USD",
    "cik": "0000066740",
    "fillingDate": "2023-02-08",
    "acceptedDate": "2023-02-08 12:59:49",
    "calendarYear": "2022",
    "period": "Q4",
    "revenue": 8079000000,
    "costOfRevenue": 4667000000,
    "grossProfit": 3412000000,
    "grossProfitRatio": 0.4223294962,
    "researchAndDevelopmentExpenses": 445000000,
    "generalAndAdministrativeExpenses": 0,
    "sellingAndMarketingExpenses": 0,
    "sellingGeneralAndAdministrativeExpenses": 2146000000,
    "otherExpenses": 0,
    "operatingExpenses": 2591000000,
    "costAndExpenses": 7258000000,
    "interestIncome": 31000000,
    "interestExpense": 155000000,
    "depreciationAndAmortization": 460000000,
    "ebitda": 1212000000,
    "ebitdaratio": 0.1500185667,
    "operatingIncome": 821000000,
    "operatingIncomeRatio": 0.1016214878,
    "totalOtherIncomeExpensesNet": -216000000,
    "incomeBeforeTax": 605000000,
    "incomeBeforeTaxRatio": 0.0748855056,
    "incomeTaxExpense": 62000000,
    "netIncome": 541000000,
    "netIncomeRatio": 0.0669637331,
    "eps": 0.98,
    "epsdiluted": 0.98,
    "weightedAverageShsOut": 551900000,
    "weightedAverageShsOutDil": 552900000,
    "link": "https://www.sec.gov/Archives/edgar/data/66740/000006674023000014/0000066740-23-000014-index.htm",
    "finalLink": "https://www.sec.gov/Archives/edgar/data/66740/000006674023000014/mmm-20221231.htm"
  },
  {
    "date": "2022-09-30",
    "symbol": "MMM",
    "reportedCurrency": "USD",
    "cik": "0000066740",
    "fillingDate": "2022-10-25",
    "acceptedDate": "2022-10-25 14:01:55",
    "calendarYear": "2022",
    "period": "Q3",
    "revenue": 8619000000,
    "costOfRevenue": 4717000000,
    "grossProfit": 3902000000,
    "grossProfitRatio": 0.4527207333,
    "researchAndDevelopmentExpenses": 461000000,
    "generalAndAdministrativeExpenses": 0,
    "sellingAndMarketingExpenses": 0,
    "sellingGeneralAndAdministrativeExpenses": 1998000000,
    "otherExpenses": 0,
    "operatingExpenses": 2459000000,
    "costAndExpenses": 7176000000,
    "interestIncome": 17000000,
    "interestExpense": 82000000,
    "depreciationAndAmortization": 450000000,
    "ebitda": 4664000000,
    "ebitdaratio": 0.5411300615,
    "operatingIncome": 1443000000,
    "operatingIncomeRatio": 0.1674208145,
    "totalOtherIncomeExpensesNet": 2691000000,
    "incomeBeforeTax": 4134000000,
    "incomeBeforeTaxRatio": 0.479638009,
    "incomeTaxExpense": 271000000,
    "netIncome": 3859000000,
    "netIncomeRatio": 0.4477317554,
    "eps": 6.78,
    "epsdiluted": 6.77,
    "weightedAverageShsOut": 568800000,
    "weightedAverageShsOutDil": 570000000,
    "link": "https://www.sec.gov/Archives/edgar/data/66740/000006674022000076/0000066740-22-000076-index.htm",
    "finalLink": "https://www.sec.gov/Archives/edgar/data/66740/000006674022000076/mmm-20220930.htm"
  },
  {
    "date": "2022-06-30",
    "symbol": "MMM",
    "reportedCurrency": "USD",
    "cik": "0000066740",
    "fillingDate": "2022-07-27",
    "acceptedDate": "2022-07-27 11:32:32",
    "calendarYear": "2022",
    "period": "Q2",
    "revenue": 8702000000,
    "costOfRevenue": 5064000000,
    "grossProfit": 3638000000,
    "grossProfitRatio": 0.4180648127,
    "researchAndDevelopmentExpenses": 476000000,
    "generalAndAdministrativeExpenses": 0,
    "sellingAndMarketingExpenses": 0,
    "sellingGeneralAndAdministrativeExpenses": 3023000000,
    "otherExpenses": 0,
    "operatingExpenses": 3499000000,
    "costAndExpenses": 8563000000,
    "interestIncome": 11000000,
    "interestExpense": 125000000,
    "depreciationAndAmortization": 462000000,
    "ebitda": 647000000,
    "ebitdaratio": 0.074350724,
    "operatingIncome": 139000000,
    "operatingIncomeRatio": 0.0159733395,
    "totalOtherIncomeExpensesNet": -80000000,
    "incomeBeforeTax": 59000000,
    "incomeBeforeTaxRatio": 0.0067800506,
    "incomeTaxExpense": -23000000,
    "netIncome": 78000000,
    "netIncomeRatio": 0.0089634567,
    "eps": 0.14,
    "epsdiluted": 0.14,
    "weightedAverageShsOut": 571000000,
    "weightedAverageShsOutDil": 572700000,
    "link": "https://www.sec.gov/Archives/edgar/data/66740/000006674022000065/0000066740-22-000065-index.htm",
    "finalLink": "https://www.sec.gov/Archives/edgar/data/66740/000006674022000065/mmm-20220630.htm"
  },
  {
    "date": "2022-03-31",
    "symbol": "MMM",
    "reportedCurrency": "USD",
    "cik": "0000066740",
    "fillingDate": "2022-04-26",
    "acceptedDate": "2022-04-26 13:09:22",
    "calendarYear": "2022",
    "period": "Q1",
    "revenue": 8829000000,
    "costOfRevenue": 4815000000,
    "grossProfit": 4014000000,
    "grossProfitRatio": 0.4546381244,
    "researchAndDevelopmentExpenses": 474000000,
    "generalAndAdministrativeExpenses": 0,
    "sellingAndMarketingExpenses": 0,
    "sellingGeneralAndAdministrativeExpenses": 1870000000,
    "otherExpenses": 0,
    "operatingExpenses": 2344000000,
    "costAndExpenses": 7159000000,
    "interestIncome": 8000000,
    "interestExpense": 136000000,
    "depreciationAndAmortization": 459000000,
    "ebitda": 2198000000,
    "ebitdaratio": 0.2489523162,
    "operatingIncome": 1670000000,
    "operatingIncomeRatio": 0.189149394,
    "totalOtherIncomeExpensesNet": -65000000,
    "incomeBeforeTax": 1605000000,
    "incomeBeforeTaxRatio": 0.1817872919,
    "incomeTaxExpense": 302000000,
    "netIncome": 1299000000,
    "netIncomeRatio": 0.1471287802,
    "eps": 2.27,
    "epsdiluted": 2.26,
    "weightedAverageShsOut": 572300000,
    "weightedAverageShsOutDil": 575000000,
    "link": "https://www.sec.gov/Archives/edgar/data/66740/000006674022000036/0000066740-22-000036-index.htm",
    "finalLink": "https://www.sec.gov/Archives/edgar/data/66740/000006674022000036/mmm-20220331.htm"
  },
  {
    "date": "2021-12-31",
    "symbol": "MMM",
    "reportedCurrency": "USD",
    "cik": "0000066740",
    "fillingDate": "2022-02-09",
    "acceptedDate": "2022-02-09 15:13:29",
    "calendarYear": "2021",
    "period": "Q4",
    "revenue": 8612000000,
    "costOfRevenue": 4691000000,
    "grossProfit": 3921000000,
    "grossProfitRatio": 0.4552949373,
    "researchAndDevelopmentExpenses": 472000000,
    "generalAndAdministrativeExpenses": 0,
    "sellingAndMarketingExpenses": 0,
    "sellingGeneralAndAdministrativeExpenses": 1810000000,
    "otherExpenses": 0,
    "operatingExpenses": 2282000000,
    "costAndExpenses": 6973000000,
    "interestIncome": 8000000,
    "interestExpense": 112000000,
    "depreciationAndAmortization": 507000000,
    "ebitda": 2183000000,
    "ebitdaratio": 0.2534835114,
    "operatingIncome": 1639000000,
    "operatingIncomeRatio": 0.1903158384,
    "totalOtherIncomeExpensesNet": -72000000,
    "incomeBeforeTax": 1567000000,
    "incomeBeforeTaxRatio": 0.1819554111,
    "incomeTaxExpense": 227000000,
    "netIncome": 1339000000,
    "netIncomeRatio": 0.1554807246,
    "eps": 2.33,
    "epsdiluted": 2.31,
    "weightedAverageShsOut": 574900000,
    "weightedAverageShsOutDil": 579900000,
    "link": "https://www.sec.gov/Archives/edgar/data/66740/000006674022000010/0000066740-22-000010-index.htm",
    "finalLink": "https://www.sec.gov/Archives/edgar/data/66740/000006674022000010/mmm-20211231.htm"
  },
  {
    "date": "2021-09-30",
    "symbol": "MMM",
    "reportedCurrency": "USD",
    "cik": "0000066740",
    "fillingDate": "2021-10-26",
    "acceptedDate": "2021-10-26 14:53:46",
    "calendarYear": "2021",
    "period": "Q3",
    "revenue": 8942000000,
    "costOfRevenue": 4832000000,
    "grossProfit": 4110000000,
    "grossProfitRatio": 0.4596287184,
    "researchAndDevelopmentExpenses": 480000000,
    "generalAndAdministrativeExpenses": 0,
    "sellingAndMarketingExpenses": 0,
    "sellingGeneralAndAdministrativeExpenses": 1777000000,
    "otherExpenses": 0,
    "operatingExpenses": 2257000000,
    "costAndExpenses": 7089000000,
    "interestIncome": 6000000,
    "interestExpense": 79000000,
    "depreciationAndAmortization": 476000000,
    "ebitda": 2312000000,
    "ebitdaratio": 0.2585551331,
    "operatingIncome": 1853000000,
    "operatingIncomeRatio": 0.2072243346,
    "totalOtherIncomeExpensesNet": -92000000,
    "incomeBeforeTax": 1761000000,
    "incomeBeforeTaxRatio": 0.1969358085,
    "incomeTaxExpense": 324000000,
    "netIncome": 1434000000,
    "netIncomeRatio": 0.1603668083,
    "eps": 2.47,
    "epsdiluted": 2.45,
    "weightedAverageShsOut": 579600000,
    "weightedAverageShsOutDil": 586300000,
    "link": "https://www.sec.gov/Archives/edgar/data/66740/000006674021000013/0000066740-21-000013-index.htm",
    "finalLink": "https://www.sec.gov/Archives/edgar/data/66740/000006674021000013/mmm-20210930.htm"
  },
  {
    "date": "2021-06-30",
    "symbol": "MMM",
    "reportedCurrency": "USD",
    "cik": "0000066740",
    "fillingDate": "2021-07-27",
    "acceptedDate": "2021-07-27 14:55:50",
    "calendarYear": "2021",
    "period": "Q2",
    "revenue": 8950000000,
    "costOfRevenue": 4699000000,
    "grossProfit": 4251000000,
    "grossProfitRatio": 0.474972067,
    "researchAndDevelopmentExpenses": 505000000,
    "generalAndAdministrativeExpenses": 0,
    "sellingAndMarketingExpenses": 0,
    "sellingGeneralAndAdministrativeExpenses": 1723000000,
    "otherExpenses": 0,
    "operatingExpenses": 2228000000,
    "costAndExpenses": 6927000000,
    "interestIncome": 8000000,
    "interestExpense": 125000000,
    "depreciationAndAmortization": 472000000,
    "ebitda": 2535000000,
    "ebitdaratio": 0.2832402235,
    "operatingIncome": 2023000000,
    "operatingIncomeRatio": 0.2260335196,
    "totalOtherIncomeExpensesNet": -83000000,
    "incomeBeforeTax": 1940000000,
    "incomeBeforeTaxRatio": 0.2167597765,
    "incomeTaxExpense": 415000000,
    "netIncome": 1524000000,
    "netIncomeRatio": 0.1702793296,
    "eps": 2.62,
    "epsdiluted": 2.59,
    "weightedAverageShsOut": 581000000,
    "weightedAverageShsOutDil": 588600000,
    "link": "https://www.sec.gov/Archives/edgar/data/66740/000155837021009338/0001558370-21-009338-index.htm",
    "finalLink": "https://www.sec.gov/Archives/edgar/data/66740/000155837021009338/mmm-20210630x10q.htm"
  },
  {
    "date": "2021-03-31",
    "symbol": "MMM",
    "reportedCurrency": "USD",
    "cik": "0000066740",
    "fillingDate": "2021-04-27",
    "acceptedDate": "2021-04-27 14:55:49",
    "calendarYear": "2021",
    "period": "Q1",
    "revenue": 8851000000,
    "costOfRevenue": 4516000000,
    "grossProfit": 4335000000,
    "grossProfitRatio": 0.4897751666,
    "researchAndDevelopmentExpenses": 520000000,
    "generalAndAdministrativeExpenses": 0,
    "sellingAndMarketingExpenses": 0,
    "sellingGeneralAndAdministrativeExpenses": 1799000000,
    "otherExpenses": 0,
    "operatingExpenses": 2319000000,
    "costAndExpenses": 6835000000,
    "interestIncome": 4000000,
    "interestExpense": 141000000,
    "depreciationAndAmortization": 460000000,
    "ebitda": 2546000000,
    "ebitdaratio": 0.2876511129,
    "operatingIncome": 2016000000,
    "operatingIncomeRatio": 0.2277708733,
    "totalOtherIncomeExpensesNet": -70000000,
    "incomeBeforeTax": 1946000000,
    "incomeBeforeTaxRatio": 0.2198621625,
    "incomeTaxExpense": 319000000,
    "netIncome": 1624000000,
    "netIncomeRatio": 0.1834820924,
    "eps": 2.8,
    "epsdiluted": 2.77,
    "weightedAverageShsOut": 580500000,
    "weightedAverageShsOutDil": 586300000,
    "link": "https://www.sec.gov/Archives/edgar/data/66740/000155837021004896/0001558370-21-004896-index.htm",
    "finalLink": "https://www.sec.gov/Archives/edgar/data/66740/000155837021004896/mmm-20210331x10q.htm"
  },
  {
    "date": "2020-12-31",
    "symbol": "MMM",
    "reportedCurrency": "USD",
    "cik": "0000066740",
    "fillingDate": "2021-02-04",
    "acceptedDate": "2021-02-04 13:53:11",
    "calendarYear": "2020",
    "period": "Q4",
    "revenue": 8583000000,
    "costOfRevenue": 4393000000,
    "grossProfit": 4190000000,
    "grossProfitRatio": 0.488174298,
    "researchAndDevelopmentExpenses": 456000000,
    "generalAndAdministrativeExpenses": 0,
    "sellingAndMarketingExpenses": 0,
    "sellingGeneralAndAdministrativeExpenses": 1890000000,
    "otherExpenses": 0,
    "operatingExpenses": 2346000000,
    "costAndExpenses": 6739000000,
    "interestIncome": 5000000,
    "interestExpense": 179000000,
    "depreciationAndAmortization": 498000000,
    "ebitda": 2408000000,
    "ebitdaratio": 0.2805545846,
    "operatingIncome": 1844000000,
    "operatingIncomeRatio": 0.2148432949,
    "totalOtherIncomeExpensesNet": -117000000,
    "incomeBeforeTax": 1727000000,
    "incomeBeforeTaxRatio": 0.2012116975,
    "incomeTaxExpense": 321000000,
    "netIncome": 1405000000,
    "netIncomeRatio": 0.1636956775,
    "eps": 2.4,
    "epsdiluted": 2.38,
    "weightedAverageShsOut": 578700000,
    "weightedAverageShsOutDil": 584000000,
    "link": "https://www.sec.gov/Archives/edgar/data/66740/000155837021000737/0001558370-21-000737-index.htm",
    "finalLink": "https://www.sec.gov/Archives/edgar/data/66740/000155837021000737/mmm-20201231x10k.htm"
  },
  {
    "date": "2020-09-30",
    "symbol": "MMM",
    "reportedCurrency": "USD",
    "cik": "0000066740",
    "fillingDate": "2020-10-27",
    "acceptedDate": "2020-10-27 16:51:15",
    "calendarYear": "2020",
    "period": "Q3",
    "revenue": 8350000000,
    "costOfRevenue": 4327000000,
    "grossProfit": 4023000000,
    "grossProfitRatio": 0.4817964072,
    "researchAndDevelopmentExpenses": 461000000,
    "generalAndAdministrativeExpenses": 0,
    "sellingAndMarketingExpenses": 0,
    "sellingGeneralAndAdministrativeExpenses": 1677000000,
    "otherExpenses": 0,
    "operatingExpenses": 2138000000,
    "costAndExpenses": 6465000000,
    "interestIncome": 5000000,
    "interestExpense": 155000000,
    "depreciationAndAmortization": 481000000,
    "ebitda": 2462000000,
    "ebitdaratio": 0.2948502994,
    "operatingIncome": 1885000000,
    "operatingIncomeRatio": 0.225748503,
    "totalOtherIncomeExpensesNet": -60000000,
    "incomeBeforeTax": 1825000000,
    "incomeBeforeTaxRatio": 0.2185628743,
    "incomeTaxExpense": 391000000,
    "netIncome": 1430000000,
    "netIncomeRatio": 0.171257485,
    "eps": 2.45,
    "epsdiluted": 2.43,
    "weightedAverageShsOut": 577800000,
    "weightedAverageShsOutDil": 582400000,
    "link": "https://www.sec.gov/Archives/edgar/data/66740/000155837020011804/0001558370-20-011804-index.htm",
    "finalLink": "https://www.sec.gov/Archives/edgar/data/66740/000155837020011804/mmm-20200930x10q.htm"
  },
  {
    "date": "2020-06-30",
    "symbol": "MMM",
    "reportedCurrency": "USD",
    "cik": "0000066740",
    "fillingDate": "2020-07-28",
    "acceptedDate": "2020-07-28 15:55:48",
    "calendarYear": "2020",
    "period": "Q2",
    "revenue": 7176000000,
    "costOfRevenue": 3836000000,
    "grossProfit": 3340000000,
    "grossProfitRatio": 0.4654403567,
    "researchAndDevelopmentExpenses": 424000000,
    "generalAndAdministrativeExpenses": 0,
    "sellingAndMarketingExpenses": 0,
    "sellingGeneralAndAdministrativeExpenses": 1594000000,
    "otherExpenses": 0,
    "operatingExpenses": 2018000000,
    "costAndExpenses": 5854000000,
    "interestIncome": 9000000,
    "interestExpense": 124000000,
    "depreciationAndAmortization": 492000000,
    "ebitda": 2266000000,
    "ebitdaratio": 0.3157748049,
    "operatingIncome": 1322000000,
    "operatingIncomeRatio": 0.1842251951,
    "totalOtherIncomeExpensesNet": 328000000,
    "incomeBeforeTax": 1650000000,
    "incomeBeforeTaxRatio": 0.2299331104,
    "incomeTaxExpense": 347000000,
    "netIncome": 1306000000,
    "netIncomeRatio": 0.1819955407,
    "eps": 2.24,
    "epsdiluted": 2.22,
    "weightedAverageShsOut": 577000000,
    "weightedAverageShsOutDil": 580800000,
    "link": "https://www.sec.gov/Archives/edgar/data/66740/000155837020008507/0001558370-20-008507-index.htm",
    "finalLink": "https://www.sec.gov/Archives/edgar/data/66740/000155837020008507/mmm-20200630x10q.htm"
  },
  {
    "date": "2020-03-31",
    "symbol": "MMM",
    "reportedCurrency": "USD",
    "cik": "0000066740",
    "fillingDate": "2020-04-28",
    "acceptedDate": "2020-04-28 15:23:50",
    "calendarYear": "2020",
    "period": "Q1",
    "revenue": 8075000000,
    "costOfRevenue": 4136000000,
    "grossProfit": 3939000000,
    "grossProfitRatio": 0.4878018576,
    "researchAndDevelopmentExpenses": 537000000,
    "generalAndAdministrativeExpenses": 0,
    "sellingAndMarketingExpenses": 0,
    "sellingGeneralAndAdministrativeExpenses": 1768000000,
    "otherExpenses": 0,
    "operatingExpenses": 2305000000,
    "costAndExpenses": 6441000000,
    "interestIncome": 10000000,
    "interestExpense": 105000000,
    "depreciationAndAmortization": 440000000,
    "ebitda": 2133000000,
    "ebitdaratio": 0.2641486068,
    "operatingIncome": 1634000000,
    "operatingIncomeRatio": 0.2023529412,
    "totalOtherIncomeExpensesNet": -46000000,
    "incomeBeforeTax": 1588000000,
    "incomeBeforeTaxRatio": 0.1966563467,
    "incomeTaxExpense": 278000000,
    "netIncome": 1308000000,
    "netIncomeRatio": 0.1619814241,
    "eps": 2.24,
    "epsdiluted": 2.22,
    "weightedAverageShsOut": 576800000,
    "weightedAverageShsOutDil": 581500000,
    "link": "https://www.sec.gov/Archives/edgar/data/66740/000155837020004478/0001558370-20-004478-index.htm",
    "finalLink": "https://www.sec.gov/Archives/edgar/data/66740/000155837020004478/mmm-20200428x10q.htm"
  },
  {
    "date": "2019-12-31",
    "symbol": "MMM",
    "reportedCurrency": "USD",
    "cik": "0000066740",
    "fillingDate": "2020-02-06",
    "acceptedDate": "2020-02-06 16:16:31",
    "calendarYear": "2019",
    "period": "Q4",
    "revenue": 8111000000,
    "costOfRevenue": 4210000000,
    "grossProfit": 3901000000,
    "grossProfitRatio": 0.4809517939,
    "researchAndDevelopmentExpenses": 489000000,
    "generalAndAdministrativeExpenses": 0,
    "sellingAndMarketingExpenses": 0,
    "sellingGeneralAndAdministrativeExpenses": 1783000000,
    "otherExpenses": 0,
    "operatingExpenses": 2272000000,
    "costAndExpenses": 6482000000,
    "interestIncome": 16000000,
    "interestExpense": 135000000,
    "depreciationAndAmortization": 463000000,
    "ebitda": 1810000000,
    "ebitdaratio": 0.2231537418,
    "operatingIncome": 1629000000,
    "operatingIncomeRatio": 0.2008383676,
    "totalOtherIncomeExpensesNet": -417000000,
    "incomeBeforeTax": 1212000000,
    "incomeBeforeTaxRatio": 0.1494267045,
    "incomeTaxExpense": 242000000,
    "netIncome": 969000000,
    "netIncomeRatio": 0.11946739,
    "eps": 1.68,
    "epsdiluted": 1.66,
    "weightedAverageShsOut": 576300000,
    "weightedAverageShsOutDil": 582700000,
    "link": "https://www.sec.gov/Archives/edgar/data/66740/000155837020000581/0001558370-20-000581-index.htm",
    "finalLink": "https://www.sec.gov/Archives/edgar/data/66740/000155837020000581/mmm-20191231x10k62bf35.htm"
  },
  {
    "date": "2019-09-30",
    "symbol": "MMM",
    "reportedCurrency": "USD",
    "cik": "0000066740",
    "fillingDate": "2019-10-25",
    "acceptedDate": "2019-10-25 14:04:26",
    "calendarYear": "2019",
    "period": "Q3",
    "revenue": 7991000000,
    "costOfRevenue": 4217000000,
    "grossProfit": 3774000000,
    "grossProfitRatio": 0.4722813165,
    "researchAndDevelopmentExpenses": 443000000,
    "generalAndAdministrativeExpenses": 0,
    "sellingAndMarketingExpenses": 0,
    "sellingGeneralAndAdministrativeExpenses": 1455000000,
    "otherExpenses": 0,
    "operatingExpenses": 1898000000,
    "costAndExpenses": 6115000000,
    "interestIncome": 26000000,
    "interestExpense": 100000000,
    "depreciationAndAmortization": 379000000,
    "ebitda": 2445000000,
    "ebitdaratio": 0.3059692154,
    "operatingIncome": 1876000000,
    "operatingIncomeRatio": 0.2347641096,
    "totalOtherIncomeExpensesNet": 90000000,
    "incomeBeforeTax": 1966000000,
    "incomeBeforeTaxRatio": 0.2460267801,
    "incomeTaxExpense": 378000000,
    "netIncome": 1583000000,
    "netIncomeRatio": 0.1980978601,
    "eps": 2.75,
    "epsdiluted": 2.72,
    "weightedAverageShsOut": 576500000,
    "weightedAverageShsOutDil": 583000000,
    "link": "https://www.sec.gov/Archives/edgar/data/66740/000155837019009143/0001558370-19-009143-index.htm",
    "finalLink": "https://www.sec.gov/Archives/edgar/data/66740/000155837019009143/mmm-20190930x10q.htm"
  },
  {
    "date": "2019-06-30",
    "symbol": "MMM",
    "reportedCurrency": "USD",
    "cik": "0000066740",
    "fillingDate": "2019-07-26",
    "acceptedDate": "2019-07-26 13:12:59",
    "calendarYear": "2019",
    "period": "Q2",
    "revenue": 8171000000,
    "costOfRevenue": 4323000000,
    "grossProfit": 3848000000,
    "grossProfitRatio": 0.4709337902,
    "researchAndDevelopmentExpenses": 465000000,
    "generalAndAdministrativeExpenses": 0,
    "sellingAndMarketingExpenses": 0,
    "sellingGeneralAndAdministrativeExpenses": 1597000000,
    "otherExpenses": 0,
    "operatingExpenses": 2062000000,
    "costAndExpenses": 6385000000,
    "interestIncome": 18000000,
    "interestExpense": 100000000,
    "depreciationAndAmortization": 376000000,
    "ebitda": 1922000000,
    "ebitdaratio": 0.235222127,
    "operatingIncome": 1786000000,
    "operatingIncomeRatio": 0.2185778974,
    "totalOtherIncomeExpensesNet": -340000000,
    "incomeBeforeTax": 1446000000,
    "incomeBeforeTaxRatio": 0.1769673235,
    "incomeTaxExpense": 315000000,
    "netIncome": 1127000000,
    "netIncomeRatio": 0.1379268143,
    "eps": 1.95,
    "epsdiluted": 1.92,
    "weightedAverageShsOut": 577700000,
    "weightedAverageShsOutDil": 586100000,
    "link": "https://www.sec.gov/Archives/edgar/data/66740/000155837019006397/0001558370-19-006397-index.htm",
    "finalLink": "https://www.sec.gov/Archives/edgar/data/66740/000155837019006397/mmm-20190630x10q.htm"
  },
  {
    "date": "2019-03-31",
    "symbol": "MMM",
    "reportedCurrency": "USD",
    "cik": "0000066740",
    "fillingDate": "2019-04-26",
    "acceptedDate": "2019-04-26 16:11:39",
    "calendarYear": "2019",
    "period": "Q1",
    "revenue": 7863000000,
    "costOfRevenue": 4097000000,
    "grossProfit": 3766000000,
    "grossProfitRatio": 0.4789520539,
    "researchAndDevelopmentExpenses": 477000000,
    "generalAndAdministrativeExpenses": 0,
    "sellingAndMarketingExpenses": 0,
    "sellingGeneralAndAdministrativeExpenses": 1623000000,
    "otherExpenses": 0,
    "operatingExpenses": 2100000000,
    "costAndExpenses": 6197000000,
    "interestIncome": 20000000,
    "interestExpense": 96000000,
    "depreciationAndAmortization": 375000000,
    "ebitda": 1559000000,
    "ebitdaratio": 0.1982703803,
    "operatingIncome": 1666000000,
    "operatingIncomeRatio": 0.2118784179,
    "totalOtherIncomeExpensesNet": -578000000,
    "incomeBeforeTax": 1088000000,
    "incomeBeforeTaxRatio": 0.138369579,
    "incomeTaxExpense": 195000000,
    "netIncome": 891000000,
    "netIncomeRatio": 0.1133155284,
    "eps": 1.54,
    "epsdiluted": 1.51,
    "weightedAverageShsOut": 577500000,
    "weightedAverageShsOutDil": 588500000,
    "link": "https://www.sec.gov/Archives/edgar/data/66740/000155837019003408/0001558370-19-003408-index.htm",
    "finalLink": "https://www.sec.gov/Archives/edgar/data/66740/000155837019003408/mmm-20190331x10q.htm"
  },
  {
    "date": "2018-12-31",
    "symbol": "MMM",
    "reportedCurrency": "USD",
    "cik": "0000066740",
    "fillingDate": "2019-02-07",
    "acceptedDate": "2019-02-07 17:15:37",
    "calendarYear": "2018",
    "period": "Q4",
    "revenue": 7945000000,
    "costOfRevenue": 4053000000,
    "grossProfit": 3892000000,
    "grossProfitRatio": 0.4898678414,
    "researchAndDevelopmentExpenses": 436000000,
    "generalAndAdministrativeExpenses": 0,
    "sellingAndMarketingExpenses": 0,
    "sellingGeneralAndAdministrativeExpenses": 1666000000,
    "otherExpenses": 0,
    "operatingExpenses": 2102000000,
    "costAndExpenses": 6155000000,
    "interestIncome": 18000000,
    "interestExpense": 84000000,
    "depreciationAndAmortization": 371000000,
    "ebitda": 2175000000,
    "ebitdaratio": 0.2737570799,
    "operatingIncome": 1790000000,
    "operatingIncomeRatio": 0.2252989301,
    "totalOtherIncomeExpensesNet": -70000000,
    "incomeBeforeTax": 1720000000,
    "incomeBeforeTaxRatio": 0.2164883575,
    "incomeTaxExpense": 371000000,
    "netIncome": 1347000000,
    "netIncomeRatio": 0.1695405916,
    "eps": 2.32,
    "epsdiluted": 2.27,
    "weightedAverageShsOut": 580700000,
    "weightedAverageShsOutDil": 592600000,
    "link": "https://www.sec.gov/Archives/edgar/data/66740/000155837019000470/0001558370-19-000470-index.htm",
    "finalLink": "https://www.sec.gov/Archives/edgar/data/66740/000155837019000470/mmm-20181231x10k.htm"
  },
  {
    "date": "2018-09-30",
    "symbol": "MMM",
    "reportedCurrency": "USD",
    "cik": "0000066740",
    "fillingDate": "2018-10-25",
    "acceptedDate": "2018-10-25 16:57:57",
    "calendarYear": "2018",
    "period": "Q3",
    "revenue": 8152000000,
    "costOfRevenue": 4134000000,
    "grossProfit": 4018000000,
    "grossProfitRatio": 0.4928851816,
    "researchAndDevelopmentExpenses": 430000000,
    "generalAndAdministrativeExpenses": 0,
    "sellingAndMarketingExpenses": 0,
    "sellingGeneralAndAdministrativeExpenses": 1547000000,
    "otherExpenses": 0,
    "operatingExpenses": 1977000000,
    "costAndExpenses": 6111000000,
    "interestIncome": 15000000,
    "interestExpense": 0,
    "depreciationAndAmortization": 355000000,
    "ebitda": 2320000000,
    "ebitdaratio": 0.284592738,
    "operatingIncome": 2041000000,
    "operatingIncomeRatio": 0.2503680079,
    "totalOtherIncomeExpensesNet": -76000000,
    "incomeBeforeTax": 1965000000,
    "incomeBeforeTaxRatio": 0.2410451423,
    "incomeTaxExpense": 419000000,
    "netIncome": 1543000000,
    "netIncomeRatio": 0.1892787046,
    "eps": 2.63,
    "epsdiluted": 2.58,
    "weightedAverageShsOut": 585600000,
    "weightedAverageShsOutDil": 598400000,
    "link": "https://www.sec.gov/Archives/edgar/data/66740/000155837018007892/0001558370-18-007892-index.htm",
    "finalLink": "https://www.sec.gov/Archives/edgar/data/66740/000155837018007892/mmm-20180930x10q.htm"
  },
  {
    "date": "2018-06-30",
    "symbol": "MMM",
    "reportedCurrency": "USD",
    "cik": "0000066740",
    "fillingDate": "2018-07-26",
    "acceptedDate": "2018-07-26 16:29:12",
    "calendarYear": "2018",
    "period": "Q2",
    "revenue": 8390000000,
    "costOfRevenue": 4204000000,
    "grossProfit": 4186000000,
    "grossProfitRatio": 0.4989272944,
    "researchAndDevelopmentExpenses": 468000000,
    "generalAndAdministrativeExpenses": 0,
    "sellingAndMarketingExpenses": 0,
    "sellingGeneralAndAdministrativeExpenses": 1800000000,
    "otherExpenses": 0,
    "operatingExpenses": 2268000000,
    "costAndExpenses": 6472000000,
    "interestIncome": 16000000,
    "interestExpense": 0,
    "depreciationAndAmortization": 380000000,
    "ebitda": 2730000000,
    "ebitdaratio": 0.3253873659,
    "operatingIncome": 1918000000,
    "operatingIncomeRatio": 0.2286054827,
    "totalOtherIncomeExpensesNet": 432000000,
    "incomeBeforeTax": 2350000000,
    "incomeBeforeTaxRatio": 0.2800953516,
    "incomeTaxExpense": 488000000,
    "netIncome": 1857000000,
    "netIncomeRatio": 0.2213349225,
    "eps": 3.14,
    "epsdiluted": 3.07,
    "weightedAverageShsOut": 591400000,
    "weightedAverageShsOutDil": 604200000,
    "link": "https://www.sec.gov/Archives/edgar/data/66740/000155837018005773/0001558370-18-005773-index.htm",
    "finalLink": "https://www.sec.gov/Archives/edgar/data/66740/000155837018005773/mmm-20180630x10q.htm"
  },
  {
    "date": "2018-03-31",
    "symbol": "MMM",
    "reportedCurrency": "USD",
    "cik": "0000066740",
    "fillingDate": "2018-05-08",
    "acceptedDate": "2018-05-08 11:26:28",
    "calendarYear": "2018",
    "period": "Q1",
    "revenue": 8278000000,
    "costOfRevenue": 4196000000,
    "grossProfit": 4082000000,
    "grossProfitRatio": 0.4931142788,
    "researchAndDevelopmentExpenses": 486000000,
    "generalAndAdministrativeExpenses": 0,
    "sellingAndMarketingExpenses": 0,
    "sellingGeneralAndAdministrativeExpenses": 1676000000,
    "otherExpenses": 0,
    "operatingExpenses": 2162000000,
    "costAndExpenses": 6358000000,
    "interestIncome": 21000000,
    "interestExpense": 105000000,
    "depreciationAndAmortization": 382000000,
    "ebitda": 1452000000,
    "ebitdaratio": 0.1754046871,
    "operatingIncome": 1920000000,
    "operatingIncomeRatio": 0.2319400821,
    "totalOtherIncomeExpensesNet": -955000000,
    "incomeBeforeTax": 965000000,
    "incomeBeforeTaxRatio": 0.1165740517,
    "incomeTaxExpense": 359000000,
    "netIncome": 602000000,
    "netIncomeRatio": 0.0727228799,
    "eps": 1.01,
    "epsdiluted": 0.98,
    "weightedAverageShsOut": 596200000,
    "weightedAverageShsOutDil": 612700000,
    "link": "https://www.sec.gov/Archives/edgar/data/66740/000155837018004248/0001558370-18-004248-index.htm",
    "finalLink": "https://www.sec.gov/Archives/edgar/data/66740/000155837018004248/mmm-20180331x10q.htm"
  },
  {
    "date": "2017-12-31",
    "symbol": "MMM",
    "reportedCurrency": "USD",
    "cik": "0000066740",
    "fillingDate": "2018-02-08",
    "acceptedDate": "2018-02-08 17:14:52",
    "calendarYear": "2017",
    "period": "Q4",
    "revenue": 7990000000,
    "costOfRevenue": 4085000000,
    "grossProfit": 3905000000,
    "grossProfitRatio": 0.4887359199,
    "researchAndDevelopmentExpenses": 448000000,
    "generalAndAdministrativeExpenses": 0,
    "sellingAndMarketingExpenses": 0,
    "sellingGeneralAndAdministrativeExpenses": 1826000000,
    "otherExpenses": 0,
    "operatingExpenses": 2274000000,
    "costAndExpenses": 6359000000,
    "interestIncome": 17000000,
    "interestExpense": 84000000,
    "depreciationAndAmortization": 349000000,
    "ebitda": 2011000000,
    "ebitdaratio": 0.251689612,
    "operatingIncome": 1631000000,
    "operatingIncomeRatio": 0.2041301627,
    "totalOtherIncomeExpensesNet": 41000000,
    "incomeBeforeTax": 1672000000,
    "incomeBeforeTaxRatio": 0.209261577,
    "incomeTaxExpense": 1147000000,
    "netIncome": 523000000,
    "netIncomeRatio": 0.065456821,
    "eps": 0.88,
    "epsdiluted": 0.85,
    "weightedAverageShsOut": 596500000,
    "weightedAverageShsOutDil": 613400000,
    "link": "https://www.sec.gov/Archives/edgar/data/66740/000155837018000535/0001558370-18-000535-index.htm",
    "finalLink": "https://www.sec.gov/Archives/edgar/data/66740/000155837018000535/mmm-20171231x10k.htm"
  },
  {
    "date": "2017-09-30",
    "symbol": "MMM",
    "reportedCurrency": "USD",
    "cik": "0000066740",
    "fillingDate": "2017-10-31",
    "acceptedDate": "2017-10-31 15:28:45",
    "calendarYear": "2017",
    "period": "Q3",
    "revenue": 8172000000,
    "costOfRevenue": 4061000000,
    "grossProfit": 4111000000,
    "grossProfitRatio": 0.5030592266,
    "researchAndDevelopmentExpenses": 468000000,
    "generalAndAdministrativeExpenses": 0,
    "sellingAndMarketingExpenses": 0,
    "sellingGeneralAndAdministrativeExpenses": 1637000000,
    "otherExpenses": 0,
    "operatingExpenses": 2105000000,
    "costAndExpenses": 6166000000,
    "interestIncome": 13000000,
    "interestExpense": 0,
    "depreciationAndAmortization": 377000000,
    "ebitda": 2374000000,
    "ebitdaratio": 0.2905041605,
    "operatingIncome": 2006000000,
    "operatingIncomeRatio": 0.2454723446,
    "totalOtherIncomeExpensesNet": -9000000,
    "incomeBeforeTax": 1997000000,
    "incomeBeforeTaxRatio": 0.244371023,
    "incomeTaxExpense": 564000000,
    "netIncome": 1429000000,
    "netIncomeRatio": 0.174865394,
    "eps": 2.39,
    "epsdiluted": 2.33,
    "weightedAverageShsOut": 597600000,
    "weightedAverageShsOutDil": 612700000,
    "link": "https://www.sec.gov/Archives/edgar/data/66740/000155837017007801/0001558370-17-007801-index.htm",
    "finalLink": "https://www.sec.gov/Archives/edgar/data/66740/000155837017007801/mmm-20170930x10q.htm"
  },
  {
    "date": "2017-06-30",
    "symbol": "MMM",
    "reportedCurrency": "USD",
    "cik": "0000066740",
    "fillingDate": "2017-08-01",
    "acceptedDate": "2017-08-01 15:35:22",
    "calendarYear": "2017",
    "period": "Q2",
    "revenue": 7810000000,
    "costOfRevenue": 4034000000,
    "grossProfit": 3776000000,
    "grossProfitRatio": 0.4834827145,
    "researchAndDevelopmentExpenses": 478000000,
    "generalAndAdministrativeExpenses": 0,
    "sellingAndMarketingExpenses": 0,
    "sellingGeneralAndAdministrativeExpenses": 1620000000,
    "otherExpenses": 0,
    "operatingExpenses": 2098000000,
    "costAndExpenses": 6132000000,
    "interestIncome": 12000000,
    "interestExpense": 0,
    "depreciationAndAmortization": 380000000,
    "ebitda": 2522000000,
    "ebitdaratio": 0.3229193342,
    "operatingIncome": 1678000000,
    "operatingIncomeRatio": 0.2148527529,
    "totalOtherIncomeExpensesNet": 464000000,
    "incomeBeforeTax": 2142000000,
    "incomeBeforeTaxRatio": 0.2742637644,
    "incomeTaxExpense": 557000000,
    "netIncome": 1583000000,
    "netIncomeRatio": 0.2026888604,
    "eps": 2.65,
    "epsdiluted": 2.58,
    "weightedAverageShsOut": 598100000,
    "weightedAverageShsOutDil": 612800000,
    "link": "https://www.sec.gov/Archives/edgar/data/66740/000155837017005582/0001558370-17-005582-index.htm",
    "finalLink": "https://www.sec.gov/Archives/edgar/data/66740/000155837017005582/mmm-20170630x10q.htm"
  },
  {
    "date": "2017-03-31",
    "symbol": "MMM",
    "reportedCurrency": "USD",
    "cik": "0000066740",
    "fillingDate": "2017-05-03",
    "acceptedDate": "2017-05-03 16:22:20",
    "calendarYear": "2017",
    "period": "Q1",
    "revenue": 7685000000,
    "costOfRevenue": 3888000000,
    "grossProfit": 3797000000,
    "grossProfitRatio": 0.4940793754,
    "researchAndDevelopmentExpenses": 471000000,
    "generalAndAdministrativeExpenses": 0,
    "sellingAndMarketingExpenses": 0,
    "sellingGeneralAndAdministrativeExpenses": 1600000000,
    "otherExpenses": 0,
    "operatingExpenses": 2071000000,
    "costAndExpenses": 5959000000,
    "interestIncome": 8000000,
    "interestExpense": 87000000,
    "depreciationAndAmortization": 438000000,
    "ebitda": 2262000000,
    "ebitdaratio": 0.2943396226,
    "operatingIncome": 1726000000,
    "operatingIncomeRatio": 0.2245933637,
    "totalOtherIncomeExpensesNet": 11000000,
    "incomeBeforeTax": 1737000000,
    "incomeBeforeTaxRatio": 0.2260247235,
    "incomeTaxExpense": 411000000,
    "netIncome": 1323000000,
    "netIncomeRatio": 0.1721535459,
    "eps": 2.21,
    "epsdiluted": 2.16,
    "weightedAverageShsOut": 598100000,
    "weightedAverageShsOutDil": 612000000,
    "link": "https://www.sec.gov/Archives/edgar/data/66740/000155837017003391/0001558370-17-003391-index.htm",
    "finalLink": "https://www.sec.gov/Archives/edgar/data/66740/000155837017003391/mmm-20170331x10q.htm"
  },
  {
    "date": "2016-12-31",
    "symbol": "MMM",
    "reportedCurrency": "USD",
    "cik": "0000066740",
    "fillingDate": "2017-02-09",
    "acceptedDate": "2017-02-09 16:56:52",
    "calendarYear": "2016",
    "period": "Q4",
    "revenue": 7329000000,
    "costOfRevenue": 3710000000,
    "grossProfit": 3619000000,
    "grossProfitRatio": 0.4937917861,
    "researchAndDevelopmentExpenses": 421000000,
    "generalAndAdministrativeExpenses": 0,
    "sellingAndMarketingExpenses": 0,
    "sellingGeneralAndAdministrativeExpenses": 1598000000,
    "otherExpenses": 0,
    "operatingExpenses": 2019000000,
    "costAndExpenses": 5729000000,
    "interestIncome": 9000000,
    "interestExpense": 10000000,
    "depreciationAndAmortization": 384000000,
    "ebitda": 2004000000,
    "ebitdaratio": 0.2734343021,
    "operatingIncome": 1600000000,
    "operatingIncomeRatio": 0.21831082,
    "totalOtherIncomeExpensesNet": 10000000,
    "incomeBeforeTax": 1610000000,
    "incomeBeforeTaxRatio": 0.2196752627,
    "incomeTaxExpense": 454000000,
    "netIncome": 1155000000,
    "netIncomeRatio": 0.1575931232,
    "eps": 1.92,
    "epsdiluted": 1.88,
    "weightedAverageShsOut": 600200000,
    "weightedAverageShsOutDil": 613800000,
    "link": "https://www.sec.gov/Archives/edgar/data/66740/000155837017000479/0001558370-17-000479-index.htm",
    "finalLink": "https://www.sec.gov/Archives/edgar/data/66740/000155837017000479/mmm-20161231x10k.htm"
  },
  {
    "date": "2016-09-30",
    "symbol": "MMM",
    "reportedCurrency": "USD",
    "cik": "0000066740",
    "fillingDate": "2016-11-01",
    "acceptedDate": "2016-11-01 10:38:40",
    "calendarYear": "2016",
    "period": "Q3",
    "revenue": 7709000000,
    "costOfRevenue": 3870000000,
    "grossProfit": 3839000000,
    "grossProfitRatio": 0.4979893631,
    "researchAndDevelopmentExpenses": 427000000,
    "generalAndAdministrativeExpenses": 0,
    "sellingAndMarketingExpenses": 0,
    "sellingGeneralAndAdministrativeExpenses": 1531000000,
    "otherExpenses": 0,
    "operatingExpenses": 1958000000,
    "costAndExpenses": 5828000000,
    "interestIncome": 8000000,
    "interestExpense": 71000000,
    "depreciationAndAmortization": 368000000,
    "ebitda": 2301000000,
    "ebitdaratio": 0.2984822934,
    "operatingIncome": 1881000000,
    "operatingIncomeRatio": 0.2440005189,
    "totalOtherIncomeExpensesNet": -19000000,
    "incomeBeforeTax": 1862000000,
    "incomeBeforeTaxRatio": 0.2415358672,
    "incomeTaxExpense": 531000000,
    "netIncome": 1329000000,
    "netIncomeRatio": 0.1723959009,
    "eps": 2.2,
    "epsdiluted": 2.15,
    "weightedAverageShsOut": 604400000,
    "weightedAverageShsOutDil": 618800000,
    "link": "https://www.sec.gov/Archives/edgar/data/66740/000155837016008937/0001558370-16-008937-index.htm",
    "finalLink": "https://www.sec.gov/Archives/edgar/data/66740/000155837016008937/mmm-20160930x10q.htm"
  },
  {
    "date": "2016-06-30",
    "symbol": "MMM",
    "reportedCurrency": "USD",
    "cik": "0000066740",
    "fillingDate": "2016-08-02",
    "acceptedDate": "2016-08-02 14:20:53",
    "calendarYear": "2016",
    "period": "Q2",
    "revenue": 7662000000,
    "costOfRevenue": 3799000000,
    "grossProfit": 3863000000,
    "grossProfitRatio": 0.5041764552,
    "researchAndDevelopmentExpenses": 437000000,
    "generalAndAdministrativeExpenses": 1560000000,
    "sellingAndMarketingExpenses": 0,
    "sellingGeneralAndAdministrativeExpenses": 1560000000,
    "otherExpenses": 0,
    "operatingExpenses": 1997000000,
    "costAndExpenses": 5796000000,
    "interestIncome": 7000000,
    "interestExpense": 38000000,
    "depreciationAndAmortization": 366000000,
    "ebitda": 2239000000,
    "ebitdaratio": 0.2922213521,
    "operatingIncome": 1866000000,
    "operatingIncomeRatio": 0.2435395458,
    "totalOtherIncomeExpensesNet": -31000000,
    "incomeBeforeTax": 1835000000,
    "incomeBeforeTaxRatio": 0.2394936048,
    "incomeTaxExpense": 542000000,
    "netIncome": 1291000000,
    "netIncomeRatio": 0.1684938658,
    "eps": 2.13,
    "epsdiluted": 2.08,
    "weightedAverageShsOut": 606900000,
    "weightedAverageShsOutDil": 620900000,
    "link": "https://www.sec.gov/Archives/edgar/data/66740/000155837016007105/0001558370-16-007105-index.htm",
    "finalLink": "https://www.sec.gov/Archives/edgar/data/66740/000155837016007105/mmm-20160630x10q.htm"
  },
  {
    "date": "2016-03-31",
    "symbol": "MMM",
    "reportedCurrency": "USD",
    "cik": "0000066740",
    "fillingDate": "2016-05-03",
    "acceptedDate": "2016-05-03 16:58:47",
    "calendarYear": "2016",
    "period": "Q1",
    "revenue": 7409000000,
    "costOfRevenue": 3678000000,
    "grossProfit": 3731000000,
    "grossProfitRatio": 0.503576731,
    "researchAndDevelopmentExpenses": 450000000,
    "generalAndAdministrativeExpenses": 1493000000,
    "sellingAndMarketingExpenses": 0,
    "sellingGeneralAndAdministrativeExpenses": 1493000000,
    "otherExpenses": 0,
    "operatingExpenses": 1943000000,
    "costAndExpenses": 5621000000,
    "interestIncome": 5000000,
    "interestExpense": 47000000,
    "depreciationAndAmortization": 356000000,
    "ebitda": 2149000000,
    "ebitdaratio": 0.2900526387,
    "operatingIncome": 1788000000,
    "operatingIncomeRatio": 0.2413281145,
    "totalOtherIncomeExpensesNet": -42000000,
    "incomeBeforeTax": 1746000000,
    "incomeBeforeTaxRatio": 0.2356593332,
    "incomeTaxExpense": 468000000,
    "netIncome": 1275000000,
    "netIncomeRatio": 0.1720880011,
    "eps": 2.1,
    "epsdiluted": 2.05,
    "weightedAverageShsOut": 607400000,
    "weightedAverageShsOutDil": 621300000,
    "link": "https://www.sec.gov/Archives/edgar/data/66740/000155837016005213/0001558370-16-005213-index.htm",
    "finalLink": "https://www.sec.gov/Archives/edgar/data/66740/000155837016005213/mmm-20160331x10q.htm"
  },
  {
    "date": "2015-12-31",
    "symbol": "MMM",
    "reportedCurrency": "USD",
    "cik": "0000066740",
    "fillingDate": "2016-02-11",
    "acceptedDate": "2016-02-11 17:16:40",
    "calendarYear": "2015",
    "period": "Q4",
    "revenue": 7298000000,
    "costOfRevenue": 3827000000,
    "grossProfit": 3471000000,
    "grossProfitRatio": 0.4756097561,
    "researchAndDevelopmentExpenses": 433000000,
    "generalAndAdministrativeExpenses": 1538000000,
    "sellingAndMarketingExpenses": 0,
    "sellingGeneralAndAdministrativeExpenses": 1538000000,
    "otherExpenses": 0,
    "operatingExpenses": 1971000000,
    "costAndExpenses": 5798000000,
    "interestIncome": 8000000,
    "interestExpense": 45000000,
    "depreciationAndAmortization": 397000000,
    "ebitda": 1905000000,
    "ebitdaratio": 0.2610304193,
    "operatingIncome": 1500000000,
    "operatingIncomeRatio": 0.2055357632,
    "totalOtherIncomeExpensesNet": -37000000,
    "incomeBeforeTax": 1463000000,
    "incomeBeforeTaxRatio": 0.2004658811,
    "incomeTaxExpense": 424000000,
    "netIncome": 1038000000,
    "netIncomeRatio": 0.1422307482,
    "eps": 1.69,
    "epsdiluted": 1.66,
    "weightedAverageShsOut": 614500000,
    "weightedAverageShsOutDil": 625400000,
    "link": "https://www.sec.gov/Archives/edgar/data/66740/000155837016003162/0001558370-16-003162-index.htm",
    "finalLink": "https://www.sec.gov/Archives/edgar/data/66740/000155837016003162/mmm-20151231x10k.htm"
  },
  {
    "date": "2015-09-30",
    "symbol": "MMM",
    "reportedCurrency": "USD",
    "cik": "0000066740",
    "fillingDate": "2015-10-29",
    "acceptedDate": "2015-10-29 13:40:22",
    "calendarYear": "2015",
    "period": "Q3",
    "revenue": 7712000000,
    "costOfRevenue": 3877000000,
    "grossProfit": 3835000000,
    "grossProfitRatio": 0.497276971,
    "researchAndDevelopmentExpenses": 429000000,
    "generalAndAdministrativeExpenses": 1530000000,
    "sellingAndMarketingExpenses": 0,
    "sellingGeneralAndAdministrativeExpenses": 1530000000,
    "otherExpenses": 0,
    "operatingExpenses": 1959000000,
    "costAndExpenses": 5836000000,
    "interestIncome": 7000000,
    "interestExpense": 38000000,
    "depreciationAndAmortization": 355000000,
    "ebitda": 2238000000,
    "ebitdaratio": 0.2901970954,
    "operatingIncome": 1876000000,
    "operatingIncomeRatio": 0.2432572614,
    "totalOtherIncomeExpensesNet": -31000000,
    "incomeBeforeTax": 1845000000,
    "incomeBeforeTaxRatio": 0.2392375519,
    "incomeTaxExpense": 547000000,
    "netIncome": 1296000000,
    "netIncomeRatio": 0.1680497925,
    "eps": 2.09,
    "epsdiluted": 2.05,
    "weightedAverageShsOut": 620600000,
    "weightedAverageShsOutDil": 631200000,
    "link": "https://www.sec.gov/Archives/edgar/data/66740/000155837015002024/0001558370-15-002024-index.htm",
    "finalLink": "https://www.sec.gov/Archives/edgar/data/66740/000155837015002024/mmm-20150930x10q.htm"
  },
  {
    "date": "2015-06-30",
    "symbol": "MMM",
    "reportedCurrency": "USD",
    "cik": "0000066740",
    "fillingDate": "2015-07-30",
    "acceptedDate": "2015-07-30 14:28:49",
    "calendarYear": "2015",
    "period": "Q2",
    "revenue": 7686000000,
    "costOfRevenue": 3858000000,
    "grossProfit": 3828000000,
    "grossProfitRatio": 0.4980483997,
    "researchAndDevelopmentExpenses": 438000000,
    "generalAndAdministrativeExpenses": 1550000000,
    "sellingAndMarketingExpenses": 0,
    "sellingGeneralAndAdministrativeExpenses": 1550000000,
    "otherExpenses": 0,
    "operatingExpenses": 1988000000,
    "costAndExpenses": 5846000000,
    "interestIncome": 7000000,
    "interestExpense": 35000000,
    "depreciationAndAmortization": 344000000,
    "ebitda": 2191000000,
    "ebitdaratio": 0.2850637523,
    "operatingIncome": 1840000000,
    "operatingIncomeRatio": 0.239396305,
    "totalOtherIncomeExpensesNet": -28000000,
    "incomeBeforeTax": 1812000000,
    "incomeBeforeTaxRatio": 0.2357533177,
    "incomeTaxExpense": 509000000,
    "netIncome": 1300000000,
    "netIncomeRatio": 0.1691386937,
    "eps": 2.06,
    "epsdiluted": 2.02,
    "weightedAverageShsOut": 631300000,
    "weightedAverageShsOutDil": 643000000,
    "link": "https://www.sec.gov/Archives/edgar/data/66740/000110465915054810/0001104659-15-054810-index.htm",
    "finalLink": "https://www.sec.gov/Archives/edgar/data/66740/000110465915054810/a15-12072_110q.htm"
  },
  {
    "date": "2015-03-31",
    "symbol": "MMM",
    "reportedCurrency": "USD",
    "cik": "0000066740",
    "fillingDate": "2015-04-30",
    "acceptedDate": "2015-04-30 12:53:55",
    "calendarYear": "2015",
    "period": "Q1",
    "revenue": 7578000000,
    "costOfRevenue": 3821000000,
    "grossProfit": 3757000000,
    "grossProfitRatio": 0.4957772499,
    "researchAndDevelopmentExpenses": 463000000,
    "generalAndAdministrativeExpenses": 1564000000,
    "sellingAndMarketingExpenses": 0,
    "sellingGeneralAndAdministrativeExpenses": 1564000000,
    "otherExpenses": 0,
    "operatingExpenses": 2027000000,
    "costAndExpenses": 5848000000,
    "interestIncome": 4000000,
    "interestExpense": 31000000,
    "depreciationAndAmortization": 339000000,
    "ebitda": 2073000000,
    "ebitdaratio": 0.2735550277,
    "operatingIncome": 1730000000,
    "operatingIncomeRatio": 0.2282924254,
    "totalOtherIncomeExpensesNet": -27000000,
    "incomeBeforeTax": 1703000000,
    "incomeBeforeTaxRatio": 0.2247294801,
    "incomeTaxExpense": 502000000,
    "netIncome": 1199000000,
    "netIncomeRatio": 0.1582211665,
    "eps": 1.88,
    "epsdiluted": 1.85,
    "weightedAverageShsOut": 636200000,
    "weightedAverageShsOutDil": 649200000,
    "link": "https://www.sec.gov/Archives/edgar/data/66740/000110465915032226/0001104659-15-032226-index.htm",
    "finalLink": "https://www.sec.gov/Archives/edgar/data/66740/000110465915032226/a15-7844_110q.htm"
  },
  {
    "date": "2014-12-31",
    "symbol": "MMM",
    "reportedCurrency": "USD",
    "cik": "0000066740",
    "fillingDate": "2015-02-12",
    "acceptedDate": "2015-02-12 17:09:33",
    "calendarYear": "2014",
    "period": "Q4",
    "revenue": 7719000000,
    "costOfRevenue": 4027000000,
    "grossProfit": 3692000000,
    "grossProfitRatio": 0.478300298,
    "researchAndDevelopmentExpenses": 436000000,
    "generalAndAdministrativeExpenses": 1594000000,
    "sellingAndMarketingExpenses": 0,
    "sellingGeneralAndAdministrativeExpenses": 1594000000,
    "otherExpenses": 0,
    "operatingExpenses": 2030000000,
    "costAndExpenses": 6057000000,
    "interestIncome": 8000000,
    "interestExpense": 32000000,
    "depreciationAndAmortization": 350000000,
    "ebitda": 2020000000,
    "ebitdaratio": 0.261691929,
    "operatingIncome": 1662000000,
    "operatingIncomeRatio": 0.2153128644,
    "totalOtherIncomeExpensesNet": -24000000,
    "incomeBeforeTax": 1638000000,
    "incomeBeforeTaxRatio": 0.2122036533,
    "incomeTaxExpense": 459000000,
    "netIncome": 1179000000,
    "netIncomeRatio": 0.1527399922,
    "eps": 1.85,
    "epsdiluted": 1.81,
    "weightedAverageShsOut": 637900000,
    "weightedAverageShsOutDil": 650900000,
    "link": "https://www.sec.gov/Archives/edgar/data/66740/000110465915009560/0001104659-15-009560-index.htm",
    "finalLink": "https://www.sec.gov/Archives/edgar/data/66740/000110465915009560/a15-1770_110k.htm"
  },
  {
    "date": "2014-09-30",
    "symbol": "MMM",
    "reportedCurrency": "USD",
    "cik": "0000066740",
    "fillingDate": "2014-10-30",
    "acceptedDate": "2014-10-30 17:07:38",
    "calendarYear": "2014",
    "period": "Q3",
    "revenue": 8137000000,
    "costOfRevenue": 4205000000,
    "grossProfit": 3932000000,
    "grossProfitRatio": 0.4832247757,
    "researchAndDevelopmentExpenses": 434000000,
    "generalAndAdministrativeExpenses": 1597000000,
    "sellingAndMarketingExpenses": 0,
    "sellingGeneralAndAdministrativeExpenses": 1597000000,
    "otherExpenses": 0,
    "operatingExpenses": 2031000000,
    "costAndExpenses": 6236000000,
    "interestIncome": 7000000,
    "interestExpense": 28000000,
    "depreciationAndAmortization": 350000000,
    "ebitda": 2258000000,
    "ebitdaratio": 0.2774978493,
    "operatingIncome": 1901000000,
    "operatingIncomeRatio": 0.2336241858,
    "totalOtherIncomeExpensesNet": -21000000,
    "incomeBeforeTax": 1880000000,
    "incomeBeforeTaxRatio": 0.2310433821,
    "incomeTaxExpense": 569000000,
    "netIncome": 1303000000,
    "netIncomeRatio": 0.160132727,
    "eps": 2.02,
    "epsdiluted": 1.98,
    "weightedAverageShsOut": 645300000,
    "weightedAverageShsOutDil": 657900000,
    "link": "https://www.sec.gov/Archives/edgar/data/66740/000110465914075312/0001104659-14-075312-index.htm",
    "finalLink": "https://www.sec.gov/Archives/edgar/data/66740/000110465914075312/a14-19786_110q.htm"
  },
  {
    "date": "2014-06-30",
    "symbol": "MMM",
    "reportedCurrency": "USD",
    "cik": "0000066740",
    "fillingDate": "2014-07-31",
    "acceptedDate": "2014-07-31 17:22:46",
    "calendarYear": "2014",
    "period": "Q2",
    "revenue": 8134000000,
    "costOfRevenue": 4184000000,
    "grossProfit": 3950000000,
    "grossProfitRatio": 0.4856159331,
    "researchAndDevelopmentExpenses": 448000000,
    "generalAndAdministrativeExpenses": 1646000000,
    "sellingAndMarketingExpenses": 0,
    "sellingGeneralAndAdministrativeExpenses": 1646000000,
    "otherExpenses": 0,
    "operatingExpenses": 2094000000,
    "costAndExpenses": 6278000000,
    "interestIncome": 9000000,
    "interestExpense": 45000000,
    "depreciationAndAmortization": 358000000,
    "ebitda": 2223000000,
    "ebitdaratio": 0.2732972707,
    "operatingIncome": 1856000000,
    "operatingIncomeRatio": 0.2281780182,
    "totalOtherIncomeExpensesNet": -36000000,
    "incomeBeforeTax": 1820000000,
    "incomeBeforeTaxRatio": 0.2237521515,
    "incomeTaxExpense": 537000000,
    "netIncome": 1267000000,
    "netIncomeRatio": 0.1557659208,
    "eps": 1.94,
    "epsdiluted": 1.91,
    "weightedAverageShsOut": 652000000,
    "weightedAverageShsOutDil": 664600000,
    "link": "https://www.sec.gov/Archives/edgar/data/66740/000110465914055558/0001104659-14-055558-index.htm",
    "finalLink": "https://www.sec.gov/Archives/edgar/data/66740/000110465914055558/a14-14070_110q.htm"
  },
  {
    "date": "2014-03-31",
    "symbol": "MMM",
    "reportedCurrency": "USD",
    "cik": "0000066740",
    "fillingDate": "2014-05-01",
    "acceptedDate": "2014-05-01 16:10:21",
    "calendarYear": "2014",
    "period": "Q1",
    "revenue": 7831000000,
    "costOfRevenue": 4031000000,
    "grossProfit": 3800000000,
    "grossProfitRatio": 0.4852509258,
    "researchAndDevelopmentExpenses": 452000000,
    "generalAndAdministrativeExpenses": 1632000000,
    "sellingAndMarketingExpenses": 0,
    "sellingGeneralAndAdministrativeExpenses": 1632000000,
    "otherExpenses": 0,
    "operatingExpenses": 2084000000,
    "costAndExpenses": 6115000000,
    "interestIncome": 9000000,
    "interestExpense": 37000000,
    "depreciationAndAmortization": 350000000,
    "ebitda": 2075000000,
    "ebitdaratio": 0.264972545,
    "operatingIncome": 1716000000,
    "operatingIncomeRatio": 0.2191291023,
    "totalOtherIncomeExpensesNet": -28000000,
    "incomeBeforeTax": 1688000000,
    "incomeBeforeTaxRatio": 0.2155535691,
    "incomeTaxExpense": 463000000,
    "netIncome": 1207000000,
    "netIncomeRatio": 0.1541310177,
    "eps": 1.82,
    "epsdiluted": 1.79,
    "weightedAverageShsOut": 661500000,
    "weightedAverageShsOutDil": 674500000,
    "link": "https://www.sec.gov/Archives/edgar/data/66740/000110465914033499/0001104659-14-033499-index.htm",
    "finalLink": "https://www.sec.gov/Archives/edgar/data/66740/000110465914033499/a14-9645_110q.htm"
  },
  {
    "date": "2013-12-31",
    "symbol": "MMM",
    "reportedCurrency": "USD",
    "cik": "0000066740",
    "fillingDate": "2014-02-13",
    "acceptedDate": "2014-02-13 16:16:20",
    "calendarYear": "2013",
    "period": "Q4",
    "revenue": 7569000000,
    "costOfRevenue": 3976000000,
    "grossProfit": 3593000000,
    "grossProfitRatio": 0.4746994319,
    "researchAndDevelopmentExpenses": 438000000,
    "generalAndAdministrativeExpenses": 1576000000,
    "sellingAndMarketingExpenses": 0,
    "sellingGeneralAndAdministrativeExpenses": 1576000000,
    "otherExpenses": 0,
    "operatingExpenses": 2014000000,
    "costAndExpenses": 5990000000,
    "interestIncome": 11000000,
    "interestExpense": 32000000,
    "depreciationAndAmortization": 357000000,
    "ebitda": 1947000000,
    "ebitdaratio": 0.2572334522,
    "operatingIncome": 1579000000,
    "operatingIncomeRatio": 0.2086140838,
    "totalOtherIncomeExpensesNet": -21000000,
    "incomeBeforeTax": 1558000000,
    "incomeBeforeTaxRatio": 0.2058396089,
    "incomeTaxExpense": 442000000,
    "netIncome": 1103000000,
    "netIncomeRatio": 0.1457259876,
    "eps": 1.65,
    "epsdiluted": 1.62,
    "weightedAverageShsOut": 668500000,
    "weightedAverageShsOutDil": 681300000,
    "link": "https://www.sec.gov/Archives/edgar/data/66740/000110465914009773/0001104659-14-009773-index.htm",
    "finalLink": "https://www.sec.gov/Archives/edgar/data/66740/000110465914009773/a14-5644_110k.htm"
  },
  {
    "date": "2013-09-30",
    "symbol": "MMM",
    "reportedCurrency": "USD",
    "cik": "0000066740",
    "fillingDate": "2013-10-31",
    "acceptedDate": "2013-10-31 12:58:37",
    "calendarYear": "2013",
    "period": "Q3",
    "revenue": 7916000000,
    "costOfRevenue": 4148000000,
    "grossProfit": 3768000000,
    "grossProfitRatio": 0.4759979788,
    "researchAndDevelopmentExpenses": 420000000,
    "generalAndAdministrativeExpenses": 1609000000,
    "sellingAndMarketingExpenses": 0,
    "sellingGeneralAndAdministrativeExpenses": 1609000000,
    "otherExpenses": 0,
    "operatingExpenses": 2029000000,
    "costAndExpenses": 6177000000,
    "interestIncome": 10000000,
    "interestExpense": 33000000,
    "depreciationAndAmortization": 343000000,
    "ebitda": 2092000000,
    "ebitdaratio": 0.2642748863,
    "operatingIncome": 1739000000,
    "operatingIncomeRatio": 0.2196816574,
    "totalOtherIncomeExpensesNet": -23000000,
    "incomeBeforeTax": 1716000000,
    "incomeBeforeTaxRatio": 0.2167761496,
    "incomeTaxExpense": 471000000,
    "netIncome": 1230000000,
    "netIncomeRatio": 0.1553815058,
    "eps": 1.81,
    "epsdiluted": 1.78,
    "weightedAverageShsOut": 679800000,
    "weightedAverageShsOutDil": 691800000,
    "link": "https://www.sec.gov/Archives/edgar/data/66740/000110465913079583/0001104659-13-079583-index.htm",
    "finalLink": "https://www.sec.gov/Archives/edgar/data/66740/000110465913079583/a13-19634_110q.htm"
  },
  {
    "date": "2013-06-30",
    "symbol": "MMM",
    "reportedCurrency": "USD",
    "cik": "0000066740",
    "fillingDate": "2013-08-01",
    "acceptedDate": "2013-08-01 16:15:04",
    "calendarYear": "2013",
    "period": "Q2",
    "revenue": 7752000000,
    "costOfRevenue": 4013000000,
    "grossProfit": 3739000000,
    "grossProfitRatio": 0.4823271414,
    "researchAndDevelopmentExpenses": 427000000,
    "generalAndAdministrativeExpenses": 1610000000,
    "sellingAndMarketingExpenses": 0,
    "sellingGeneralAndAdministrativeExpenses": 1610000000,
    "otherExpenses": 0,
    "operatingExpenses": 2037000000,
    "costAndExpenses": 6050000000,
    "interestIncome": 10000000,
    "interestExpense": 41000000,
    "depreciationAndAmortization": 335000000,
    "ebitda": 2047000000,
    "ebitdaratio": 0.2640608875,
    "operatingIncome": 1702000000,
    "operatingIncomeRatio": 0.2195562436,
    "totalOtherIncomeExpensesNet": -31000000,
    "incomeBeforeTax": 1671000000,
    "incomeBeforeTaxRatio": 0.2155572755,
    "incomeTaxExpense": 458000000,
    "netIncome": 1197000000,
    "netIncomeRatio": 0.1544117647,
    "eps": 1.74,
    "epsdiluted": 1.71,
    "weightedAverageShsOut": 688200000,
    "weightedAverageShsOutDil": 699100000,
    "link": "https://www.sec.gov/Archives/edgar/data/66740/000110465913058961/0001104659-13-058961-index.htm",
    "finalLink": "https://www.sec.gov/Archives/edgar/data/66740/000110465913058961/a13-13757_110q.htm"
  },
  {
    "date": "2013-03-31",
    "symbol": "MMM",
    "reportedCurrency": "USD",
    "cik": "0000066740",
    "fillingDate": "2013-05-02",
    "acceptedDate": "2013-05-02 15:57:56",
    "calendarYear": "2013",
    "period": "Q1",
    "revenue": 7634000000,
    "costOfRevenue": 3969000000,
    "grossProfit": 3665000000,
    "grossProfitRatio": 0.4800890752,
    "researchAndDevelopmentExpenses": 430000000,
    "generalAndAdministrativeExpenses": 1589000000,
    "sellingAndMarketingExpenses": 0,
    "sellingGeneralAndAdministrativeExpenses": 1589000000,
    "otherExpenses": 0,
    "operatingExpenses": 2019000000,
    "costAndExpenses": 5988000000,
    "interestIncome": 10000000,
    "interestExpense": 39000000,
    "depreciationAndAmortization": 336000000,
    "ebitda": 1992000000,
    "ebitdaratio": 0.2609379094,
    "operatingIncome": 1646000000,
    "operatingIncomeRatio": 0.2156143568,
    "totalOtherIncomeExpensesNet": -29000000,
    "incomeBeforeTax": 1617000000,
    "incomeBeforeTaxRatio": 0.211815562,
    "incomeTaxExpense": 470000000,
    "netIncome": 1129000000,
    "netIncomeRatio": 0.1478910139,
    "eps": 1.63,
    "epsdiluted": 1.61,
    "weightedAverageShsOut": 691100000,
    "weightedAverageShsOutDil": 702100000,
    "link": "https://www.sec.gov/Archives/edgar/data/66740/000110465913036580/0001104659-13-036580-index.htm",
    "finalLink": "https://www.sec.gov/Archives/edgar/data/66740/000110465913036580/a13-8437_110q.htm"
  },
  {
    "date": "2012-12-31",
    "symbol": "MMM",
    "reportedCurrency": "USD",
    "cik": "0000066740",
    "fillingDate": "2013-02-14",
    "acceptedDate": "2013-02-14 16:28:05",
    "calendarYear": "2012",
    "period": "Q4",
    "revenue": 7387000000,
    "costOfRevenue": 3991000000,
    "grossProfit": 3396000000,
    "grossProfitRatio": 0.4597265466,
    "researchAndDevelopmentExpenses": 418000000,
    "generalAndAdministrativeExpenses": 1535000000,
    "sellingAndMarketingExpenses": 0,
    "sellingGeneralAndAdministrativeExpenses": 1535000000,
    "otherExpenses": 0,
    "operatingExpenses": 1953000000,
    "costAndExpenses": 5944000000,
    "interestIncome": 10000000,
    "interestExpense": 44000000,
    "depreciationAndAmortization": 332000000,
    "ebitda": 1785000000,
    "ebitdaratio": 0.2416407202,
    "operatingIncome": 1443000000,
    "operatingIncomeRatio": 0.1953431704,
    "totalOtherIncomeExpensesNet": -34000000,
    "incomeBeforeTax": 1409000000,
    "incomeBeforeTaxRatio": 0.1907404901,
    "incomeTaxExpense": 405000000,
    "netIncome": 991000000,
    "netIncomeRatio": 0.1341545959,
    "eps": 1.43,
    "epsdiluted": 1.41,
    "weightedAverageShsOut": 691500000,
    "weightedAverageShsOutDil": 701200000,
    "link": "https://www.sec.gov/Archives/edgar/data/66740/000110465913010881/0001104659-13-010881-index.htm",
    "finalLink": "https://www.sec.gov/Archives/edgar/data/66740/000110465913010881/a13-1203_110k.htm"
  },
  {
    "date": "2012-09-30",
    "symbol": "MMM",
    "reportedCurrency": "USD",
    "cik": "0000066740",
    "fillingDate": "2012-11-01",
    "acceptedDate": "2012-11-01 15:38:55",
    "calendarYear": "2012",
    "period": "Q3",
    "revenue": 7497000000,
    "costOfRevenue": 3935000000,
    "grossProfit": 3562000000,
    "grossProfitRatio": 0.4751233827,
    "researchAndDevelopmentExpenses": 397000000,
    "generalAndAdministrativeExpenses": 0,
    "sellingAndMarketingExpenses": 0,
    "sellingGeneralAndAdministrativeExpenses": 1487000000,
    "otherExpenses": 0,
    "operatingExpenses": 1884000000,
    "costAndExpenses": 5819000000,
    "interestIncome": 10000000,
    "interestExpense": 44000000,
    "depreciationAndAmortization": 322000000,
    "ebitda": 2010000000,
    "ebitdaratio": 0.2681072429,
    "operatingIncome": 1678000000,
    "operatingIncomeRatio": 0.2238228625,
    "totalOtherIncomeExpensesNet": -34000000,
    "incomeBeforeTax": 1644000000,
    "incomeBeforeTaxRatio": 0.2192877151,
    "incomeTaxExpense": 464000000,
    "netIncome": 1161000000,
    "netIncomeRatio": 0.1548619448,
    "eps": 1.68,
    "epsdiluted": 1.65,
    "weightedAverageShsOut": 693000000,
    "weightedAverageShsOutDil": 703100000,
    "link": "https://www.sec.gov/Archives/edgar/data/66740/000110465912073165/0001104659-12-073165-index.htm",
    "finalLink": "https://www.sec.gov/Archives/edgar/data/66740/000110465912073165/a12-19916_110q.htm"
  },
  {
    "date": "2012-06-30",
    "symbol": "MMM",
    "reportedCurrency": "USD",
    "cik": "0000066740",
    "fillingDate": "2012-08-02",
    "acceptedDate": "2012-08-02 16:15:12",
    "calendarYear": "2012",
    "period": "Q2",
    "revenue": 7534000000,
    "costOfRevenue": 3870000000,
    "grossProfit": 3664000000,
    "grossProfitRatio": 0.4863286435,
    "researchAndDevelopmentExpenses": 408000000,
    "generalAndAdministrativeExpenses": 0,
    "sellingAndMarketingExpenses": 0,
    "sellingGeneralAndAdministrativeExpenses": 1528000000,
    "otherExpenses": 0,
    "operatingExpenses": 1936000000,
    "costAndExpenses": 5806000000,
    "interestIncome": 10000000,
    "interestExpense": 43000000,
    "depreciationAndAmortization": 321000000,
    "ebitda": 2059000000,
    "ebitdaratio": 0.2732943987,
    "operatingIncome": 1728000000,
    "operatingIncomeRatio": 0.2293602336,
    "totalOtherIncomeExpensesNet": -33000000,
    "incomeBeforeTax": 1695000000,
    "incomeBeforeTaxRatio": 0.2249800903,
    "incomeTaxExpense": 509000000,
    "netIncome": 1167000000,
    "netIncomeRatio": 0.1548977967,
    "eps": 1.68,
    "epsdiluted": 1.66,
    "weightedAverageShsOut": 694300000,
    "weightedAverageShsOutDil": 702600000,
    "link": "https://www.sec.gov/Archives/edgar/data/66740/000110465912053732/0001104659-12-053732-index.htm",
    "finalLink": "https://www.sec.gov/Archives/edgar/data/66740/000110465912053732/a12-13723_110q.htm"
  },
  {
    "date": "2012-03-31",
    "symbol": "MMM",
    "reportedCurrency": "USD",
    "cik": "0000066740",
    "fillingDate": "2012-05-03",
    "acceptedDate": "2012-05-03 12:03:37",
    "calendarYear": "2012",
    "period": "Q1",
    "revenue": 7486000000,
    "costOfRevenue": 3889000000,
    "grossProfit": 3597000000,
    "grossProfitRatio": 0.4804969276,
    "researchAndDevelopmentExpenses": 411000000,
    "generalAndAdministrativeExpenses": 0,
    "sellingAndMarketingExpenses": 0,
    "sellingGeneralAndAdministrativeExpenses": 1552000000,
    "otherExpenses": 0,
    "operatingExpenses": 1963000000,
    "costAndExpenses": 5852000000,
    "interestIncome": 9000000,
    "interestExpense": 40000000,
    "depreciationAndAmortization": 313000000,
    "ebitda": 1956000000,
    "ebitdaratio": 0.2612877371,
    "operatingIncome": 1634000000,
    "operatingIncomeRatio": 0.2182741117,
    "totalOtherIncomeExpensesNet": -31000000,
    "incomeBeforeTax": 1603000000,
    "incomeBeforeTaxRatio": 0.2141330484,
    "incomeTaxExpense": 462000000,
    "netIncome": 1125000000,
    "netIncomeRatio": 0.1502805236,
    "eps": 1.61,
    "epsdiluted": 1.59,
    "weightedAverageShsOut": 696800000,
    "weightedAverageShsOutDil": 706100000,
    "link": "https://www.sec.gov/Archives/edgar/data/66740/000110465912032441/0001104659-12-032441-index.htm",
    "finalLink": "https://www.sec.gov/Archives/edgar/data/66740/000110465912032441/a12-7680_110q.htm"
  },
  {
    "date": "2011-12-31",
    "symbol": "MMM",
    "reportedCurrency": "USD",
    "cik": "0000066740",
    "fillingDate": "2012-02-16",
    "acceptedDate": "2012-02-16 15:42:31",
    "calendarYear": "2011",
    "period": "Q4",
    "revenue": 7089000000,
    "costOfRevenue": 3824000000,
    "grossProfit": 3265000000,
    "grossProfitRatio": 0.4605727183,
    "researchAndDevelopmentExpenses": 379000000,
    "generalAndAdministrativeExpenses": 0,
    "sellingAndMarketingExpenses": 0,
    "sellingGeneralAndAdministrativeExpenses": 1522000000,
    "otherExpenses": 0,
    "operatingExpenses": 1901000000,
    "costAndExpenses": 5725000000,
    "interestIncome": 10000000,
    "interestExpense": 45000000,
    "depreciationAndAmortization": 317000000,
    "ebitda": 1691000000,
    "ebitdaratio": 0.2385385809,
    "operatingIncome": 1364000000,
    "operatingIncomeRatio": 0.1924107773,
    "totalOtherIncomeExpensesNet": -35000000,
    "incomeBeforeTax": 1329000000,
    "incomeBeforeTaxRatio": 0.1874735506,
    "incomeTaxExpense": 355000000,
    "netIncome": 954000000,
    "netIncomeRatio": 0.1345746932,
    "eps": 1.37,
    "epsdiluted": 1.37,
    "weightedAverageShsOut": 696800000,
    "weightedAverageShsOutDil": 696800000,
    "link": "https://www.sec.gov/Archives/edgar/data/66740/000110465912010566/0001104659-12-010566-index.htm",
    "finalLink": "https://www.sec.gov/Archives/edgar/data/66740/000110465912010566/a11-31280_110k.htm"
  },
  {
    "date": "2011-09-30",
    "symbol": "MMM",
    "reportedCurrency": "USD",
    "cik": "0000066740",
    "fillingDate": "2011-11-03",
    "acceptedDate": "2011-11-03 15:42:31",
    "calendarYear": "2011",
    "period": "Q3",
    "revenue": 7531000000,
    "costOfRevenue": 4027000000,
    "grossProfit": 3504000000,
    "grossProfitRatio": 0.4652768557,
    "researchAndDevelopmentExpenses": 389000000,
    "generalAndAdministrativeExpenses": 0,
    "sellingAndMarketingExpenses": 0,
    "sellingGeneralAndAdministrativeExpenses": 1534000000,
    "otherExpenses": 0,
    "operatingExpenses": 1923000000,
    "costAndExpenses": 5950000000,
    "interestIncome": 10000000,
    "interestExpense": 48000000,
    "depreciationAndAmortization": 311000000,
    "ebitda": 1902000000,
    "ebitdaratio": 0.2525561014,
    "operatingIncome": 1581000000,
    "operatingIncomeRatio": 0.2099322799,
    "totalOtherIncomeExpensesNet": -38000000,
    "incomeBeforeTax": 1543000000,
    "incomeBeforeTaxRatio": 0.2048864693,
    "incomeTaxExpense": 440000000,
    "netIncome": 1088000000,
    "netIncomeRatio": 0.144469526,
    "eps": 1.54,
    "epsdiluted": 1.52,
    "weightedAverageShsOut": 707700000,
    "weightedAverageShsOutDil": 715500000,
    "link": "https://www.sec.gov/Archives/edgar/data/66740/000110465911060552/0001104659-11-060552-index.htm",
    "finalLink": "https://www.sec.gov/Archives/edgar/data/66740/000110465911060552/a11-25257_110q.htm"
  },
  {
    "date": "2011-06-30",
    "symbol": "MMM",
    "reportedCurrency": "USD",
    "cik": "0000066740",
    "fillingDate": "2011-08-04",
    "acceptedDate": "2011-08-04 16:39:00",
    "calendarYear": "2011",
    "period": "Q2",
    "revenue": 7680000000,
    "costOfRevenue": 4040000000,
    "grossProfit": 3640000000,
    "grossProfitRatio": 0.4739583333,
    "researchAndDevelopmentExpenses": 404000000,
    "generalAndAdministrativeExpenses": 0,
    "sellingAndMarketingExpenses": 0,
    "sellingGeneralAndAdministrativeExpenses": 1581000000,
    "otherExpenses": 0,
    "operatingExpenses": 1985000000,
    "costAndExpenses": 6025000000,
    "interestIncome": 9000000,
    "interestExpense": 50000000,
    "depreciationAndAmortization": 319000000,
    "ebitda": 1983000000,
    "ebitdaratio": 0.258203125,
    "operatingIncome": 1655000000,
    "operatingIncomeRatio": 0.2154947917,
    "totalOtherIncomeExpensesNet": -41000000,
    "incomeBeforeTax": 1614000000,
    "incomeBeforeTaxRatio": 0.21015625,
    "incomeTaxExpense": 437000000,
    "netIncome": 1160000000,
    "netIncomeRatio": 0.1510416667,
    "eps": 1.63,
    "epsdiluted": 1.6,
    "weightedAverageShsOut": 713400000,
    "weightedAverageShsOutDil": 726500000,
    "link": "https://www.sec.gov/Archives/edgar/data/66740/000110465911043748/0001104659-11-043748-index.htm",
    "finalLink": "https://www.sec.gov/Archives/edgar/data/66740/000110465911043748/a11-13699_110q.htm"
  },
  {
    "date": "2011-03-31",
    "symbol": "MMM",
    "reportedCurrency": "USD",
    "cik": "0000066740",
    "fillingDate": "2011-05-05",
    "acceptedDate": "2011-05-05 13:56:27",
    "calendarYear": "2011",
    "period": "Q1",
    "revenue": 7311000000,
    "costOfRevenue": 3802000000,
    "grossProfit": 3509000000,
    "grossProfitRatio": 0.4799617015,
    "researchAndDevelopmentExpenses": 398000000,
    "generalAndAdministrativeExpenses": 0,
    "sellingAndMarketingExpenses": 0,
    "sellingGeneralAndAdministrativeExpenses": 1533000000,
    "otherExpenses": 0,
    "operatingExpenses": 1931000000,
    "costAndExpenses": 5733000000,
    "interestIncome": 10000000,
    "interestExpense": 43000000,
    "depreciationAndAmortization": 289000000,
    "ebitda": 1877000000,
    "ebitdaratio": 0.2567364246,
    "operatingIncome": 1578000000,
    "operatingIncomeRatio": 0.2158391465,
    "totalOtherIncomeExpensesNet": -33000000,
    "incomeBeforeTax": 1545000000,
    "incomeBeforeTaxRatio": 0.2113254001,
    "incomeTaxExpense": 442000000,
    "netIncome": 1081000000,
    "netIncomeRatio": 0.14785939,
    "eps": 1.52,
    "epsdiluted": 1.49,
    "weightedAverageShsOut": 711500000,
    "weightedAverageShsOutDil": 726400000,
    "link": "https://www.sec.gov/Archives/edgar/data/66740/000110465911026236/0001104659-11-026236-index.htm",
    "finalLink": "https://www.sec.gov/Archives/edgar/data/66740/000110465911026236/a11-8394_110q.htm"
  },
  {
    "date": "2010-12-31",
    "symbol": "MMM",
    "reportedCurrency": "USD",
    "cik": "0000066740",
    "fillingDate": "2011-02-16",
    "acceptedDate": "2011-02-16 17:18:34",
    "calendarYear": "2010",
    "period": "Q4",
    "revenue": 6709000000,
    "costOfRevenue": 3575000000,
    "grossProfit": 3134000000,
    "grossProfitRatio": 0.467133701,
    "researchAndDevelopmentExpenses": 388000000,
    "generalAndAdministrativeExpenses": 0,
    "sellingAndMarketingExpenses": 0,
    "sellingGeneralAndAdministrativeExpenses": 1445000000,
    "otherExpenses": 0,
    "operatingExpenses": 1833000000,
    "costAndExpenses": 5408000000,
    "interestIncome": 11000000,
    "interestExpense": 50000000,
    "depreciationAndAmortization": 283000000,
    "ebitda": 1595000000,
    "ebitdaratio": 0.2377403488,
    "operatingIncome": 1301000000,
    "operatingIncomeRatio": 0.1939186168,
    "totalOtherIncomeExpensesNet": -39000000,
    "incomeBeforeTax": 1262000000,
    "incomeBeforeTaxRatio": 0.1881055299,
    "incomeTaxExpense": 319000000,
    "netIncome": 928000000,
    "netIncomeRatio": 0.1383216575,
    "eps": 1.3,
    "epsdiluted": 1.3,
    "weightedAverageShsOut": 711500000,
    "weightedAverageShsOutDil": 711500000,
    "link": "https://www.sec.gov/Archives/edgar/data/66740/000110465911007845/0001104659-11-007845-index.htm",
    "finalLink": "https://www.sec.gov/Archives/edgar/data/66740/000110465911007845/a11-2060_110k.htm"
  },
  {
    "date": "2010-09-30",
    "symbol": "MMM",
    "reportedCurrency": "USD",
    "cik": "0000066740",
    "fillingDate": "2010-11-05",
    "acceptedDate": "2010-11-05 14:05:57",
    "calendarYear": "2010",
    "period": "Q3",
    "revenue": 6874000000,
    "costOfRevenue": 3583000000,
    "grossProfit": 3291000000,
    "grossProfitRatio": 0.478760547,
    "researchAndDevelopmentExpenses": 354000000,
    "generalAndAdministrativeExpenses": 0,
    "sellingAndMarketingExpenses": 0,
    "sellingGeneralAndAdministrativeExpenses": 1361000000,
    "otherExpenses": 0,
    "operatingExpenses": 1715000000,
    "costAndExpenses": 5298000000,
    "interestIncome": 11000000,
    "interestExpense": 51000000,
    "depreciationAndAmortization": 278000000,
    "ebitda": 1865000000,
    "ebitdaratio": 0.2713121909,
    "operatingIncome": 1576000000,
    "operatingIncomeRatio": 0.229269712,
    "totalOtherIncomeExpensesNet": -40000000,
    "incomeBeforeTax": 1536000000,
    "incomeBeforeTaxRatio": 0.2234506837,
    "incomeTaxExpense": 411000000,
    "netIncome": 1106000000,
    "netIncomeRatio": 0.1608961303,
    "eps": 1.55,
    "epsdiluted": 1.53,
    "weightedAverageShsOut": 714000000,
    "weightedAverageShsOutDil": 725200000,
    "link": "https://www.sec.gov/Archives/edgar/data/66740/000110465910056482/0001104659-10-056482-index.htm",
    "finalLink": "https://www.sec.gov/Archives/edgar/data/66740/000110465910056482/a10-17224_110q.htm"
  },
  {
    "date": "2010-06-30",
    "symbol": "MMM",
    "reportedCurrency": "USD",
    "cik": "0000066740",
    "fillingDate": "2010-08-04",
    "acceptedDate": "2010-08-04 16:54:03",
    "calendarYear": "2010",
    "period": "Q2",
    "revenue": 6731000000,
    "costOfRevenue": 3435000000,
    "grossProfit": 3296000000,
    "grossProfitRatio": 0.4896746397,
    "researchAndDevelopmentExpenses": 350000000,
    "generalAndAdministrativeExpenses": 0,
    "sellingAndMarketingExpenses": 0,
    "sellingGeneralAndAdministrativeExpenses": 1350000000,
    "otherExpenses": 0,
    "operatingExpenses": 1700000000,
    "costAndExpenses": 5135000000,
    "interestIncome": 10000000,
    "interestExpense": 52000000,
    "depreciationAndAmortization": 272000000,
    "ebitda": 1878000000,
    "ebitdaratio": 0.2790075769,
    "operatingIncome": 1596000000,
    "operatingIncomeRatio": 0.2371118705,
    "totalOtherIncomeExpensesNet": -42000000,
    "incomeBeforeTax": 1554000000,
    "incomeBeforeTaxRatio": 0.2308720844,
    "incomeTaxExpense": 414000000,
    "netIncome": 1121000000,
    "netIncomeRatio": 0.1665428614,
    "eps": 1.57,
    "epsdiluted": 1.54,
    "weightedAverageShsOut": 714500000,
    "weightedAverageShsOutDil": 725700000,
    "link": "https://www.sec.gov/Archives/edgar/data/66740/000110465910041912/0001104659-10-041912-index.htm",
    "finalLink": "https://www.sec.gov/Archives/edgar/data/66740/000110465910041912/a10-10544_110q.htm"
  },
  {
    "date": "2010-03-31",
    "symbol": "MMM",
    "reportedCurrency": "USD",
    "cik": "0000066740",
    "fillingDate": "2010-05-05",
    "acceptedDate": "2010-05-05 16:12:10",
    "calendarYear": "2010",
    "period": "Q1",
    "revenue": 6348000000,
    "costOfRevenue": 3238000000,
    "grossProfit": 3110000000,
    "grossProfitRatio": 0.4899180844,
    "researchAndDevelopmentExpenses": 342000000,
    "generalAndAdministrativeExpenses": 0,
    "sellingAndMarketingExpenses": 0,
    "sellingGeneralAndAdministrativeExpenses": 1323000000,
    "otherExpenses": 0,
    "operatingExpenses": 1665000000,
    "costAndExpenses": 4903000000,
    "interestIncome": 6000000,
    "interestExpense": 48000000,
    "depreciationAndAmortization": 287000000,
    "ebitda": 1738000000,
    "ebitdaratio": 0.2737870195,
    "operatingIncome": 1445000000,
    "operatingIncomeRatio": 0.2276307498,
    "totalOtherIncomeExpensesNet": -42000000,
    "incomeBeforeTax": 1403000000,
    "incomeBeforeTaxRatio": 0.2210144928,
    "incomeTaxExpense": 448000000,
    "netIncome": 930000000,
    "netIncomeRatio": 0.1465028355,
    "eps": 1.31,
    "epsdiluted": 1.29,
    "weightedAverageShsOut": 711800000,
    "weightedAverageShsOutDil": 723500000,
    "link": "https://www.sec.gov/Archives/edgar/data/66740/000110465910025776/0001104659-10-025776-index.htm",
    "finalLink": "https://www.sec.gov/Archives/edgar/data/66740/000110465910025776/a10-6037_110q.htm"
  },
  {
    "date": "2009-12-31",
    "symbol": "MMM",
    "reportedCurrency": "USD",
    "cik": "0000066740",
    "fillingDate": "2010-02-16",
    "acceptedDate": "2010-02-16 15:07:30",
    "calendarYear": "2009",
    "period": "Q4",
    "revenue": 6122000000,
    "costOfRevenue": 3189000000,
    "grossProfit": 2933000000,
    "grossProfitRatio": 0.4790918001,
    "researchAndDevelopmentExpenses": 326000000,
    "generalAndAdministrativeExpenses": 0,
    "sellingAndMarketingExpenses": 0,
    "sellingGeneralAndAdministrativeExpenses": 1265000000,
    "otherExpenses": 0,
    "operatingExpenses": 1591000000,
    "costAndExpenses": 4780000000,
    "interestIncome": 11000000,
    "interestExpense": 54000000,
    "depreciationAndAmortization": 298000000,
    "ebitda": 1640000000,
    "ebitdaratio": 0.2678863117,
    "operatingIncome": 1342000000,
    "operatingIncomeRatio": 0.2192094087,
    "totalOtherIncomeExpensesNet": -43000000,
    "incomeBeforeTax": 1299000000,
    "incomeBeforeTaxRatio": 0.2121855603,
    "incomeTaxExpense": 348000000,
    "netIncome": 935000000,
    "netIncomeRatio": 0.1527278667,
    "eps": 1.31,
    "epsdiluted": 1.31,
    "weightedAverageShsOut": 708900000,
    "weightedAverageShsOutDil": 711800000,
    "link": "https://www.sec.gov/Archives/edgar/data/66740/000110465910007295/0001104659-10-007295-index.htm",
    "finalLink": "https://www.sec.gov/Archives/edgar/data/66740/000110465910007295/a09-35783_110k.htm"
  },
  {
    "date": "2009-09-30",
    "symbol": "MMM",
    "reportedCurrency": "USD",
    "cik": "0000066740",
    "fillingDate": "2009-10-30",
    "acceptedDate": "2009-10-30 15:12:41",
    "calendarYear": "2009",
    "period": "Q3",
    "revenue": 6193000000,
    "costOfRevenue": 3171000000,
    "grossProfit": 3022000000,
    "grossProfitRatio": 0.487970289,
    "researchAndDevelopmentExpenses": 335000000,
    "generalAndAdministrativeExpenses": 0,
    "sellingAndMarketingExpenses": 0,
    "sellingGeneralAndAdministrativeExpenses": 1209000000,
    "otherExpenses": 0,
    "operatingExpenses": 1544000000,
    "costAndExpenses": 4715000000,
    "interestIncome": 8000000,
    "interestExpense": 55000000,
    "depreciationAndAmortization": 290000000,
    "ebitda": 1776000000,
    "ebitdaratio": 0.2867753916,
    "operatingIncome": 1478000000,
    "operatingIncomeRatio": 0.2386565477,
    "totalOtherIncomeExpensesNet": -47000000,
    "incomeBeforeTax": 1431000000,
    "incomeBeforeTaxRatio": 0.2310673341,
    "incomeTaxExpense": 460000000,
    "netIncome": 957000000,
    "netIncomeRatio": 0.1545293073,
    "eps": 1.36,
    "epsdiluted": 1.35,
    "weightedAverageShsOut": 702800000,
    "weightedAverageShsOutDil": 710800000,
    "link": "https://www.sec.gov/Archives/edgar/data/66740/000110465909061503/0001104659-09-061503-index.htm",
    "finalLink": "https://www.sec.gov/Archives/edgar/data/66740/000110465909061503/a09-31102_110q.htm"
  },
  {
    "date": "2009-06-30",
    "symbol": "MMM",
    "reportedCurrency": "USD",
    "cik": "0000066740",
    "fillingDate": "2009-07-31",
    "acceptedDate": "2009-07-31 16:21:10",
    "calendarYear": "2009",
    "period": "Q2",
    "revenue": 5719000000,
    "costOfRevenue": 2977000000,
    "grossProfit": 2742000000,
    "grossProfitRatio": 0.4794544501,
    "researchAndDevelopmentExpenses": 309000000,
    "generalAndAdministrativeExpenses": 0,
    "sellingAndMarketingExpenses": 0,
    "sellingGeneralAndAdministrativeExpenses": 1242000000,
    "otherExpenses": 0,
    "operatingExpenses": 1551000000,
    "costAndExpenses": 4528000000,
    "interestIncome": 7000000,
    "interestExpense": 55000000,
    "depreciationAndAmortization": 298000000,
    "ebitda": 1496000000,
    "ebitdaratio": 0.261584193,
    "operatingIncome": 1191000000,
    "operatingIncomeRatio": 0.2082531911,
    "totalOtherIncomeExpensesNet": -48000000,
    "incomeBeforeTax": 1143000000,
    "incomeBeforeTaxRatio": 0.1998601154,
    "incomeTaxExpense": 351000000,
    "netIncome": 783000000,
    "netIncomeRatio": 0.1369120476,
    "eps": 1.12,
    "epsdiluted": 1.12,
    "weightedAverageShsOut": 696800000,
    "weightedAverageShsOutDil": 700300000,
    "link": "https://www.sec.gov/Archives/edgar/data/66740/000110465909046329/0001104659-09-046329-index.htm",
    "finalLink": "https://www.sec.gov/Archives/edgar/data/66740/000110465909046329/a09-18771_110q.htm"
  },
  {
    "date": "2009-03-31",
    "symbol": "MMM",
    "reportedCurrency": "USD",
    "cik": "0000066740",
    "fillingDate": "2009-05-01",
    "acceptedDate": "2009-05-01 14:25:43",
    "calendarYear": "2009",
    "period": "Q1",
    "revenue": 5089000000,
    "costOfRevenue": 2772000000,
    "grossProfit": 2317000000,
    "grossProfitRatio": 0.4552957359,
    "researchAndDevelopmentExpenses": 323000000,
    "generalAndAdministrativeExpenses": 0,
    "sellingAndMarketingExpenses": 0,
    "sellingGeneralAndAdministrativeExpenses": 1191000000,
    "otherExpenses": 0,
    "operatingExpenses": 1514000000,
    "costAndExpenses": 4286000000,
    "interestIncome": 11000000,
    "interestExpense": 55000000,
    "depreciationAndAmortization": 271000000,
    "ebitda": 1085000000,
    "ebitdaratio": 0.2132049519,
    "operatingIncome": 803000000,
    "operatingIncomeRatio": 0.1577913146,
    "totalOtherIncomeExpensesNet": -44000000,
    "incomeBeforeTax": 759000000,
    "incomeBeforeTaxRatio": 0.1491452152,
    "incomeTaxExpense": 229000000,
    "netIncome": 518000000,
    "netIncomeRatio": 0.1017881706,
    "eps": 0.75,
    "epsdiluted": 0.74,
    "weightedAverageShsOut": 693500000,
    "weightedAverageShsOutDil": 695900000,
    "link": "https://www.sec.gov/Archives/edgar/data/66740/000110465909028490/0001104659-09-028490-index.htm",
    "finalLink": "https://www.sec.gov/Archives/edgar/data/66740/000110465909028490/a09-11428_110q.htm"
  },
  {
    "date": "2008-12-31",
    "symbol": "MMM",
    "reportedCurrency": "USD",
    "cik": "0000066740",
    "fillingDate": "2009-02-17",
    "acceptedDate": "2009-02-13 20:17:40",
    "calendarYear": "2008",
    "period": "Q4",
    "revenue": 5509000000,
    "costOfRevenue": 3101000000,
    "grossProfit": 2408000000,
    "grossProfitRatio": 0.4371029225,
    "researchAndDevelopmentExpenses": 346000000,
    "generalAndAdministrativeExpenses": 0,
    "sellingAndMarketingExpenses": 0,
    "sellingGeneralAndAdministrativeExpenses": 1307000000,
    "otherExpenses": 0,
    "operatingExpenses": 1653000000,
    "costAndExpenses": 4754000000,
    "interestIncome": 0,
    "interestExpense": 0,
    "depreciationAndAmortization": 307000000,
    "ebitda": 1144000000,
    "ebitdaratio": 0.2076601924,
    "operatingIncome": 755000000,
    "operatingIncomeRatio": 0.1370484661,
    "totalOtherIncomeExpensesNet": -28000000,
    "incomeBeforeTax": 727000000,
    "incomeBeforeTaxRatio": 0.131965874,
    "incomeTaxExpense": 186000000,
    "netIncome": 536000000,
    "netIncomeRatio": 0.0972953349,
    "eps": 0.77,
    "epsdiluted": 0.77,
    "weightedAverageShsOut": 692900000,
    "weightedAverageShsOutDil": 693500000,
    "link": "https://www.sec.gov/Archives/edgar/data/66740/000110465909009669/0001104659-09-009669-index.htm",
    "finalLink": "https://www.sec.gov/Archives/edgar/data/66740/000110465909009669/a09-1282_110k.htm"
  },
  {
    "date": "2008-09-30",
    "symbol": "MMM",
    "reportedCurrency": "USD",
    "cik": "0000066740",
    "fillingDate": "2008-10-31",
    "acceptedDate": "2008-10-31 16:38:38",
    "calendarYear": "2008",
    "period": "Q3",
    "revenue": 6558000000,
    "costOfRevenue": 3432000000,
    "grossProfit": 3126000000,
    "grossProfitRatio": 0.4766697164,
    "researchAndDevelopmentExpenses": 344000000,
    "generalAndAdministrativeExpenses": 0,
    "sellingAndMarketingExpenses": 0,
    "sellingGeneralAndAdministrativeExpenses": 1269000000,
    "otherExpenses": 0,
    "operatingExpenses": 1613000000,
    "costAndExpenses": 5045000000,
    "interestIncome": 0,
    "interestExpense": 0,
    "depreciationAndAmortization": 293000000,
    "ebitda": 1513000000,
    "ebitdaratio": 0.2307105825,
    "operatingIncome": 1513000000,
    "operatingIncomeRatio": 0.2307105825,
    "totalOtherIncomeExpensesNet": -24000000,
    "incomeBeforeTax": 1489000000,
    "incomeBeforeTaxRatio": 0.2270509302,
    "incomeTaxExpense": 479000000,
    "netIncome": 991000000,
    "netIncomeRatio": 0.1511131443,
    "eps": 1.42,
    "epsdiluted": 1.41,
    "weightedAverageShsOut": 695500000,
    "weightedAverageShsOutDil": 703100000,
    "link": "https://www.sec.gov/Archives/edgar/data/66740/000110465908067346/0001104659-08-067346-index.htm",
    "finalLink": "https://www.sec.gov/Archives/edgar/data/66740/000110465908067346/a08-25778_110q.htm"
  },
  {
    "date": "2008-06-30",
    "symbol": "MMM",
    "reportedCurrency": "USD",
    "cik": "0000066740",
    "fillingDate": "2008-08-01",
    "acceptedDate": "2008-08-01 13:57:11",
    "calendarYear": "2008",
    "period": "Q2",
    "revenue": 6739000000,
    "costOfRevenue": 3510000000,
    "grossProfit": 3229000000,
    "grossProfitRatio": 0.4791512094,
    "researchAndDevelopmentExpenses": 363000000,
    "generalAndAdministrativeExpenses": 0,
    "sellingAndMarketingExpenses": 0,
    "sellingGeneralAndAdministrativeExpenses": 1394000000,
    "otherExpenses": 0,
    "operatingExpenses": 1757000000,
    "costAndExpenses": 5267000000,
    "interestIncome": 18000000,
    "interestExpense": 51000000,
    "depreciationAndAmortization": 285000000,
    "ebitda": 1752000000,
    "ebitdaratio": 0.2599792254,
    "operatingIncome": 1449000000,
    "operatingIncomeRatio": 0.2150170648,
    "totalOtherIncomeExpensesNet": -33000000,
    "incomeBeforeTax": 1416000000,
    "incomeBeforeTaxRatio": 0.2101201959,
    "incomeTaxExpense": 453000000,
    "netIncome": 945000000,
    "netIncomeRatio": 0.1402285206,
    "eps": 1.35,
    "epsdiluted": 1.33,
    "weightedAverageShsOut": 702100000,
    "weightedAverageShsOutDil": 712000000,
    "link": "https://www.sec.gov/Archives/edgar/data/66740/000110465908049209/0001104659-08-049209-index.htm",
    "finalLink": "https://www.sec.gov/Archives/edgar/data/66740/000110465908049209/a08-19149_110q.htm"
  },
  {
    "date": "2008-03-31",
    "symbol": "MMM",
    "reportedCurrency": "USD",
    "cik": "0000066740",
    "fillingDate": "2008-05-02",
    "acceptedDate": "2008-05-02 17:16:12",
    "calendarYear": "2008",
    "period": "Q1",
    "revenue": 6463000000,
    "costOfRevenue": 3336000000,
    "grossProfit": 3127000000,
    "grossProfitRatio": 0.4838310382,
    "researchAndDevelopmentExpenses": 351000000,
    "generalAndAdministrativeExpenses": 0,
    "sellingAndMarketingExpenses": 0,
    "sellingGeneralAndAdministrativeExpenses": 1275000000,
    "otherExpenses": 0,
    "operatingExpenses": 1626000000,
    "costAndExpenses": 4962000000,
    "interestIncome": 30000000,
    "interestExpense": 55000000,
    "depreciationAndAmortization": 268000000,
    "ebitda": 1799000000,
    "ebitdaratio": 0.2783537057,
    "operatingIncome": 1501000000,
    "operatingIncomeRatio": 0.2322450874,
    "totalOtherIncomeExpensesNet": -25000000,
    "incomeBeforeTax": 1476000000,
    "incomeBeforeTaxRatio": 0.2283769147,
    "incomeTaxExpense": 470000000,
    "netIncome": 988000000,
    "netIncomeRatio": 0.1528701841,
    "eps": 1.4,
    "epsdiluted": 1.38,
    "weightedAverageShsOut": 706500000,
    "weightedAverageShsOutDil": 717200000,
    "link": "https://www.sec.gov/Archives/edgar/data/66740/000110465908029551/0001104659-08-029551-index.htm",
    "finalLink": "https://www.sec.gov/Archives/edgar/data/66740/000110465908029551/a08-13152_110q.htm"
  },
  {
    "date": "2007-12-31",
    "symbol": "MMM",
    "reportedCurrency": "USD",
    "cik": "0000066740",
    "fillingDate": "2008-02-15",
    "acceptedDate": "2008-02-15 17:23:33",
    "calendarYear": "2007",
    "period": "Q4",
    "revenue": 6206000000,
    "costOfRevenue": 3298000000,
    "grossProfit": 2908000000,
    "grossProfitRatio": 0.4685787947,
    "researchAndDevelopmentExpenses": 359000000,
    "generalAndAdministrativeExpenses": 0,
    "sellingAndMarketingExpenses": 0,
    "sellingGeneralAndAdministrativeExpenses": 1274000000,
    "otherExpenses": 0,
    "operatingExpenses": 1633000000,
    "costAndExpenses": 4931000000,
    "interestIncome": 0,
    "interestExpense": 0,
    "depreciationAndAmortization": 276000000,
    "ebitda": 1546000000,
    "ebitdaratio": 0.2491137609,
    "operatingIncome": 1270000000,
    "operatingIncomeRatio": 0.2046406703,
    "totalOtherIncomeExpensesNet": -33000000,
    "incomeBeforeTax": 1237000000,
    "incomeBeforeTaxRatio": 0.1993232356,
    "incomeTaxExpense": 378000000,
    "netIncome": 851000000,
    "netIncomeRatio": 0.1371253626,
    "eps": 1.2,
    "epsdiluted": 1.2,
    "weightedAverageShsOut": 706500000,
    "weightedAverageShsOutDil": 706500000,
    "link": "https://www.sec.gov/Archives/edgar/data/66740/000110465908011226/0001104659-08-011226-index.htm",
    "finalLink": "https://www.sec.gov/Archives/edgar/data/66740/000110465908011226/a08-2453_110k.htm"
  },
  {
    "date": "2007-09-30",
    "symbol": "MMM",
    "reportedCurrency": "USD",
    "cik": "0000066740",
    "fillingDate": "2007-10-29",
    "acceptedDate": "2007-10-29 16:11:48",
    "calendarYear": "2007",
    "period": "Q3",
    "revenue": 6177000000,
    "costOfRevenue": 3240000000,
    "grossProfit": 2937000000,
    "grossProfitRatio": 0.4754735308,
    "researchAndDevelopmentExpenses": 338000000,
    "generalAndAdministrativeExpenses": 0,
    "sellingAndMarketingExpenses": 0,
    "sellingGeneralAndAdministrativeExpenses": 1174000000,
    "otherExpenses": 0,
    "operatingExpenses": 1512000000,
    "costAndExpenses": 4752000000,
    "interestIncome": 0,
    "interestExpense": 0,
    "depreciationAndAmortization": 263000000,
    "ebitda": 1425000000,
    "ebitdaratio": 0.2306945119,
    "operatingIncome": 1425000000,
    "operatingIncomeRatio": 0.2306945119,
    "totalOtherIncomeExpensesNet": -16000000,
    "incomeBeforeTax": 1409000000,
    "incomeBeforeTaxRatio": 0.2281042577,
    "incomeTaxExpense": 433000000,
    "netIncome": 960000000,
    "netIncomeRatio": 0.1554152501,
    "eps": 1.34,
    "epsdiluted": 1.32,
    "weightedAverageShsOut": 714500000,
    "weightedAverageShsOutDil": 729900000,
    "link": "https://www.sec.gov/Archives/edgar/data/66740/000110465907077708/0001104659-07-077708-index.htm",
    "finalLink": "https://www.sec.gov/Archives/edgar/data/66740/000110465907077708/a07-25463_110q.htm"
  },
  {
    "date": "2007-06-30",
    "symbol": "MMM",
    "reportedCurrency": "USD",
    "cik": "0000066740",
    "fillingDate": "2007-08-07",
    "acceptedDate": "2007-08-07 15:43:07",
    "calendarYear": "2007",
    "period": "Q2",
    "revenue": 6142000000,
    "costOfRevenue": 3175000000,
    "grossProfit": 2967000000,
    "grossProfitRatio": 0.4830674048,
    "researchAndDevelopmentExpenses": 352000000,
    "generalAndAdministrativeExpenses": 0,
    "sellingAndMarketingExpenses": 0,
    "sellingGeneralAndAdministrativeExpenses": 1286000000,
    "otherExpenses": 0,
    "operatingExpenses": 1638000000,
    "costAndExpenses": 4813000000,
    "interestIncome": 0,
    "interestExpense": 0,
    "depreciationAndAmortization": 279000000,
    "ebitda": 1608000000,
    "ebitdaratio": 0.2618039726,
    "operatingIncome": 1397000000,
    "operatingIncomeRatio": 0.2274503419,
    "totalOtherIncomeExpensesNet": -19000000,
    "incomeBeforeTax": 1378000000,
    "incomeBeforeTaxRatio": 0.224356887,
    "incomeTaxExpense": 445000000,
    "netIncome": 917000000,
    "netIncomeRatio": 0.1492999023,
    "eps": 1.28,
    "epsdiluted": 1.25,
    "weightedAverageShsOut": 718400000,
    "weightedAverageShsOutDil": 731700000,
    "link": "https://www.sec.gov/Archives/edgar/data/66740/000110465907059663/0001104659-07-059663-index.htm",
    "finalLink": "https://www.sec.gov/Archives/edgar/data/66740/000110465907059663/a07-18763_110q.htm"
  },
  {
    "date": "2007-03-31",
    "symbol": "MMM",
    "reportedCurrency": "USD",
    "cik": "0000066740",
    "fillingDate": "2007-05-04",
    "acceptedDate": "2007-05-04 13:11:02",
    "calendarYear": "2007",
    "period": "Q1",
    "revenue": 5937000000,
    "costOfRevenue": 3022000000,
    "grossProfit": 2915000000,
    "grossProfitRatio": 0.4909887148,
    "researchAndDevelopmentExpenses": 319000000,
    "generalAndAdministrativeExpenses": 0,
    "sellingAndMarketingExpenses": 0,
    "sellingGeneralAndAdministrativeExpenses": 1281000000,
    "otherExpenses": 0,
    "operatingExpenses": 1600000000,
    "costAndExpenses": 4622000000,
    "interestIncome": 0,
    "interestExpense": 0,
    "depreciationAndAmortization": 254000000,
    "ebitda": 2355000000,
    "ebitdaratio": 0.3966649823,
    "operatingIncome": 2101000000,
    "operatingIncomeRatio": 0.3538824322,
    "totalOtherIncomeExpensesNet": -10000000,
    "incomeBeforeTax": 2091000000,
    "incomeBeforeTaxRatio": 0.3521980798,
    "incomeTaxExpense": 708000000,
    "netIncome": 1368000000,
    "netIncomeRatio": 0.2304194037,
    "eps": 1.88,
    "epsdiluted": 1.85,
    "weightedAverageShsOut": 729300000,
    "weightedAverageShsOutDil": 741300000,
    "link": "https://www.sec.gov/Archives/edgar/data/66740/000110465907035879/0001104659-07-035879-index.htm",
    "finalLink": "https://www.sec.gov/Archives/edgar/data/66740/000110465907035879/a07-10706_110q.htm"
  },
  {
    "date": "2006-12-31",
    "symbol": "MMM",
    "reportedCurrency": "USD",
    "cik": "0000066740",
    "fillingDate": "2007-02-26",
    "acceptedDate": "2007-02-23 21:35:27",
    "calendarYear": "2006",
    "period": "Q4",
    "revenue": 5782000000,
    "costOfRevenue": 3162000000,
    "grossProfit": 2620000000,
    "grossProfitRatio": 0.4531304047,
    "researchAndDevelopmentExpenses": 509000000,
    "generalAndAdministrativeExpenses": 0,
    "sellingAndMarketingExpenses": 0,
    "sellingGeneralAndAdministrativeExpenses": 1375000000,
    "otherExpenses": 0,
    "operatingExpenses": 1884000000,
    "costAndExpenses": 5046000000,
    "interestIncome": 0,
    "interestExpense": 0,
    "depreciationAndAmortization": 351000000,
    "ebitda": 2161000000,
    "ebitdaratio": 0.3737461086,
    "operatingIncome": 1810000000,
    "operatingIncomeRatio": 0.3130404704,
    "totalOtherIncomeExpensesNet": -22000000,
    "incomeBeforeTax": 1788000000,
    "incomeBeforeTaxRatio": 0.3092355586,
    "incomeTaxExpense": 596000000,
    "netIncome": 1176000000,
    "netIncomeRatio": 0.2033898305,
    "eps": 1.61,
    "epsdiluted": 1.61,
    "weightedAverageShsOut": 729300000,
    "weightedAverageShsOutDil": 729300000,
    "link": "https://www.sec.gov/Archives/edgar/data/66740/000110465907013613/0001104659-07-013613-index.htm",
    "finalLink": "https://www.sec.gov/Archives/edgar/data/66740/000110465907013613/a07-5153_110k.htm"
  },
  {
    "date": "2006-09-30",
    "symbol": "MMM",
    "reportedCurrency": "USD",
    "cik": "0000066740",
    "fillingDate": "2006-10-27",
    "acceptedDate": "2006-10-27 17:22:35",
    "calendarYear": "2006",
    "period": "Q3",
    "revenue": 5858000000,
    "costOfRevenue": 2990000000,
    "grossProfit": 2868000000,
    "grossProfitRatio": 0.4895868897,
    "researchAndDevelopmentExpenses": 340000000,
    "generalAndAdministrativeExpenses": 0,
    "sellingAndMarketingExpenses": 0,
    "sellingGeneralAndAdministrativeExpenses": 1186000000,
    "otherExpenses": 0,
    "operatingExpenses": 1526000000,
    "costAndExpenses": 4516000000,
    "interestIncome": 0,
    "interestExpense": 0,
    "depreciationAndAmortization": 249000000,
    "ebitda": 1342000000,
    "ebitdaratio": 0.2290884261,
    "operatingIncome": 1342000000,
    "operatingIncomeRatio": 0.2290884261,
    "totalOtherIncomeExpensesNet": -24000000,
    "incomeBeforeTax": 1318000000,
    "incomeBeforeTaxRatio": 0.2249914647,
    "incomeTaxExpense": 412000000,
    "netIncome": 894000000,
    "netIncomeRatio": 0.1526118129,
    "eps": 1.2,
    "epsdiluted": 1.18,
    "weightedAverageShsOut": 745200000,
    "weightedAverageShsOutDil": 756200000,
    "link": "https://www.sec.gov/Archives/edgar/data/66740/000110465906069356/0001104659-06-069356-index.htm",
    "finalLink": "https://www.sec.gov/Archives/edgar/data/66740/000110465906069356/a06-21556_110q.htm"
  },
  {
    "date": "2006-06-30",
    "symbol": "MMM",
    "reportedCurrency": "USD",
    "cik": "0000066740",
    "fillingDate": "2006-08-04",
    "acceptedDate": "2006-08-03 20:07:36",
    "calendarYear": "2006",
    "period": "Q2",
    "revenue": 5688000000,
    "costOfRevenue": 2840000000,
    "grossProfit": 2848000000,
    "grossProfitRatio": 0.5007032349,
    "researchAndDevelopmentExpenses": 351000000,
    "generalAndAdministrativeExpenses": 0,
    "sellingAndMarketingExpenses": 0,
    "sellingGeneralAndAdministrativeExpenses": 1322000000,
    "otherExpenses": 0,
    "operatingExpenses": 1673000000,
    "costAndExpenses": 4513000000,
    "interestIncome": 0,
    "interestExpense": 0,
    "depreciationAndAmortization": 233000000,
    "ebitda": 1175000000,
    "ebitdaratio": 0.2065752461,
    "operatingIncome": 1175000000,
    "operatingIncomeRatio": 0.2065752461,
    "totalOtherIncomeExpensesNet": -11000000,
    "incomeBeforeTax": 1164000000,
    "incomeBeforeTaxRatio": 0.2046413502,
    "incomeTaxExpense": 272000000,
    "netIncome": 882000000,
    "netIncomeRatio": 0.1550632911,
    "eps": 1.17,
    "epsdiluted": 1.14,
    "weightedAverageShsOut": 755100000,
    "weightedAverageShsOutDil": 770400000,
    "link": "https://www.sec.gov/Archives/edgar/data/66740/000110465906051282/0001104659-06-051282-index.htm",
    "finalLink": "https://www.sec.gov/Archives/edgar/data/66740/000110465906051282/a06-15203_110q.htm"
  },
  {
    "date": "2006-03-31",
    "symbol": "MMM",
    "reportedCurrency": "USD",
    "cik": "0000066740",
    "fillingDate": "2006-05-02",
    "acceptedDate": "2006-05-01 20:24:28",
    "calendarYear": "2006",
    "period": "Q1",
    "revenue": 5595000000,
    "costOfRevenue": 2721000000,
    "grossProfit": 2874000000,
    "grossProfitRatio": 0.5136729223,
    "researchAndDevelopmentExpenses": 322000000,
    "generalAndAdministrativeExpenses": 0,
    "sellingAndMarketingExpenses": 0,
    "sellingGeneralAndAdministrativeExpenses": 1183000000,
    "otherExpenses": 0,
    "operatingExpenses": 1505000000,
    "costAndExpenses": 4226000000,
    "interestIncome": 0,
    "interestExpense": 0,
    "depreciationAndAmortization": 246000000,
    "ebitda": 1369000000,
    "ebitdaratio": 0.2446827525,
    "operatingIncome": 1369000000,
    "operatingIncomeRatio": 0.2446827525,
    "totalOtherIncomeExpensesNet": -14000000,
    "incomeBeforeTax": 1355000000,
    "incomeBeforeTaxRatio": 0.2421805183,
    "incomeTaxExpense": 443000000,
    "netIncome": 899000000,
    "netIncomeRatio": 0.1606791778,
    "eps": 1.19,
    "epsdiluted": 1.17,
    "weightedAverageShsOut": 754400000,
    "weightedAverageShsOutDil": 768600000,
    "link": "https://www.sec.gov/Archives/edgar/data/66740/000110465906029921/0001104659-06-029921-index.htm",
    "finalLink": "https://www.sec.gov/Archives/edgar/data/66740/000110465906029921/a06-9267_110q.htm"
  },
  {
    "date": "2005-12-31",
    "symbol": "MMM",
    "reportedCurrency": "USD",
    "cik": "0000066740",
    "fillingDate": "2006-02-21",
    "acceptedDate": "2006-02-21 17:18:47",
    "calendarYear": "2005",
    "period": "Q4",
    "revenue": 5325000000,
    "costOfRevenue": 2618000000,
    "grossProfit": 2707000000,
    "grossProfitRatio": 0.5083568075,
    "researchAndDevelopmentExpenses": 360000000,
    "generalAndAdministrativeExpenses": 0,
    "sellingAndMarketingExpenses": 0,
    "sellingGeneralAndAdministrativeExpenses": 1135000000,
    "otherExpenses": 0,
    "operatingExpenses": 1495000000,
    "costAndExpenses": 4113000000,
    "interestIncome": 0,
    "interestExpense": 0,
    "depreciationAndAmortization": 252000000,
    "ebitda": 1464000000,
    "ebitdaratio": 0.2749295775,
    "operatingIncome": 1212000000,
    "operatingIncomeRatio": 0.2276056338,
    "totalOtherIncomeExpensesNet": -12000000,
    "incomeBeforeTax": 1200000000,
    "incomeBeforeTaxRatio": 0.2253521127,
    "incomeTaxExpense": 389000000,
    "netIncome": 761000000,
    "netIncomeRatio": 0.1429107981,
    "eps": 1.01,
    "epsdiluted": 1.01,
    "weightedAverageShsOut": 754400000,
    "weightedAverageShsOutDil": 754400000,
    "link": "https://www.sec.gov/Archives/edgar/data/66740/000110465906010894/0001104659-06-010894-index.htm",
    "finalLink": "https://www.sec.gov/Archives/edgar/data/66740/000110465906010894/a06-1861_110k.htm"
  },
  {
    "date": "2005-09-30",
    "symbol": "MMM",
    "reportedCurrency": "USD",
    "cik": "0000066740",
    "fillingDate": "2005-10-27",
    "acceptedDate": "2005-10-27 16:59:21",
    "calendarYear": "2005",
    "period": "Q3",
    "revenue": 5382000000,
    "costOfRevenue": 2632000000,
    "grossProfit": 2750000000,
    "grossProfitRatio": 0.5109624675,
    "researchAndDevelopmentExpenses": 295000000,
    "generalAndAdministrativeExpenses": 0,
    "sellingAndMarketingExpenses": 0,
    "sellingGeneralAndAdministrativeExpenses": 1165000000,
    "otherExpenses": 0,
    "operatingExpenses": 1460000000,
    "costAndExpenses": 4092000000,
    "interestIncome": 0,
    "interestExpense": 0,
    "depreciationAndAmortization": 255000000,
    "ebitda": 1545000000,
    "ebitdaratio": 0.2870680045,
    "operatingIncome": 1290000000,
    "operatingIncomeRatio": 0.2396878484,
    "totalOtherIncomeExpensesNet": -30000000,
    "incomeBeforeTax": 1283000000,
    "incomeBeforeTaxRatio": 0.2383872166,
    "incomeTaxExpense": 417000000,
    "netIncome": 853000000,
    "netIncomeRatio": 0.1584912672,
    "eps": 1.12,
    "epsdiluted": 1.1,
    "weightedAverageShsOut": 762200000,
    "weightedAverageShsOutDil": 772300000,
    "link": "https://www.sec.gov/Archives/edgar/data/66740/000110465905050675/0001104659-05-050675-index.htm",
    "finalLink": "https://www.sec.gov/Archives/edgar/data/66740/000110465905050675/a05-17965_110q.htm"
  },
  {
    "date": "2005-06-30",
    "symbol": "MMM",
    "reportedCurrency": "USD",
    "cik": "0000066740",
    "fillingDate": "2005-08-03",
    "acceptedDate": "2005-08-03 17:12:31",
    "calendarYear": "2005",
    "period": "Q2",
    "revenue": 5294000000,
    "costOfRevenue": 2594000000,
    "grossProfit": 2700000000,
    "grossProfitRatio": 0.5100113336,
    "researchAndDevelopmentExpenses": 296000000,
    "generalAndAdministrativeExpenses": 0,
    "sellingAndMarketingExpenses": 0,
    "sellingGeneralAndAdministrativeExpenses": 1121000000,
    "otherExpenses": 0,
    "operatingExpenses": 1417000000,
    "costAndExpenses": 4011000000,
    "interestIncome": 0,
    "interestExpense": 0,
    "depreciationAndAmortization": 237000000,
    "ebitda": 1520000000,
    "ebitdaratio": 0.2871174915,
    "operatingIncome": 1283000000,
    "operatingIncomeRatio": 0.24234983,
    "totalOtherIncomeExpensesNet": -3000000,
    "incomeBeforeTax": 1280000000,
    "incomeBeforeTaxRatio": 0.2417831507,
    "incomeTaxExpense": 492000000,
    "netIncome": 776000000,
    "netIncomeRatio": 0.1465810351,
    "eps": 1.01,
    "epsdiluted": 0.99,
    "weightedAverageShsOut": 768000000,
    "weightedAverageShsOutDil": 780200000,
    "link": "https://www.sec.gov/Archives/edgar/data/66740/000110465905036090/0001104659-05-036090-index.htm",
    "finalLink": "https://www.sec.gov/Archives/edgar/data/66740/000110465905036090/a05-12586_110q.htm"
  },
  {
    "date": "2005-03-31",
    "symbol": "MMM",
    "reportedCurrency": "USD",
    "cik": "0000066740",
    "fillingDate": "2005-05-06",
    "acceptedDate": "2005-05-06 17:26:44",
    "calendarYear": "2005",
    "period": "Q1",
    "revenue": 5166000000,
    "costOfRevenue": 2537000000,
    "grossProfit": 2629000000,
    "grossProfitRatio": 0.5089043748,
    "researchAndDevelopmentExpenses": 291000000,
    "generalAndAdministrativeExpenses": 0,
    "sellingAndMarketingExpenses": 0,
    "sellingGeneralAndAdministrativeExpenses": 1114000000,
    "otherExpenses": 0,
    "operatingExpenses": 1405000000,
    "costAndExpenses": 3942000000,
    "interestIncome": 0,
    "interestExpense": 0,
    "depreciationAndAmortization": 242000000,
    "ebitda": 1466000000,
    "ebitdaratio": 0.2837785521,
    "operatingIncome": 1224000000,
    "operatingIncomeRatio": 0.2369337979,
    "totalOtherIncomeExpensesNet": -75000000,
    "incomeBeforeTax": 1220000000,
    "incomeBeforeTaxRatio": 0.2361595045,
    "incomeTaxExpense": 396000000,
    "netIncome": 809000000,
    "netIncomeRatio": 0.1566008517,
    "eps": 1.05,
    "epsdiluted": 1.03,
    "weightedAverageShsOut": 771700000,
    "weightedAverageShsOutDil": 787000000,
    "link": "https://www.sec.gov/Archives/edgar/data/66740/000110465905021272/0001104659-05-021272-index.htm",
    "finalLink": "https://www.sec.gov/Archives/edgar/data/66740/000110465905021272/a05-7853_110q.htm"
  },
  {
    "date": "2004-12-31",
    "symbol": "MMM",
    "reportedCurrency": "USD",
    "cik": "0000066740",
    "fillingDate": "2005-02-24",
    "acceptedDate": "2005-02-24 09:00:19",
    "calendarYear": "2004",
    "period": "Q4",
    "revenue": 5091000000,
    "costOfRevenue": 2613000000,
    "grossProfit": 2478000000,
    "grossProfitRatio": 0.4867413082,
    "researchAndDevelopmentExpenses": 289000000,
    "generalAndAdministrativeExpenses": 0,
    "sellingAndMarketingExpenses": 0,
    "sellingGeneralAndAdministrativeExpenses": 1097000000,
    "otherExpenses": 0,
    "operatingExpenses": 1386000000,
    "costAndExpenses": 3999000000,
    "interestIncome": 0,
    "interestExpense": 0,
    "depreciationAndAmortization": 259000000,
    "ebitda": 1351000000,
    "ebitdaratio": 0.2653702612,
    "operatingIncome": 1092000000,
    "operatingIncomeRatio": 0.2144961697,
    "totalOtherIncomeExpensesNet": -3000000,
    "incomeBeforeTax": 1089000000,
    "incomeBeforeTaxRatio": 0.2139068945,
    "incomeTaxExpense": 359000000,
    "netIncome": 720000000,
    "netIncomeRatio": 0.141426046,
    "eps": 0.93,
    "epsdiluted": 0.93,
    "weightedAverageShsOut": 771700000,
    "weightedAverageShsOutDil": 771700000,
    "link": "https://www.sec.gov/Archives/edgar/data/66740/000110465905008057/0001104659-05-008057-index.htm",
    "finalLink": "https://www.sec.gov/Archives/edgar/data/66740/000110465905008057/a05-3853_110k.htm"
  },
  {
    "date": "2004-09-30",
    "symbol": "MMM",
    "reportedCurrency": "USD",
    "cik": "0000066740",
    "fillingDate": "2004-11-01",
    "acceptedDate": "2004-11-01 16:46:23",
    "calendarYear": "2004",
    "period": "Q3",
    "revenue": 4969000000,
    "costOfRevenue": 2457000000,
    "grossProfit": 2512000000,
    "grossProfitRatio": 0.5055343127,
    "researchAndDevelopmentExpenses": 282000000,
    "generalAndAdministrativeExpenses": 0,
    "sellingAndMarketingExpenses": 0,
    "sellingGeneralAndAdministrativeExpenses": 1047000000,
    "otherExpenses": 0,
    "operatingExpenses": 1329000000,
    "costAndExpenses": 3786000000,
    "interestIncome": 0,
    "interestExpense": 0,
    "depreciationAndAmortization": 243000000,
    "ebitda": 1183000000,
    "ebitdaratio": 0.2380760716,
    "operatingIncome": 1183000000,
    "operatingIncomeRatio": 0.2380760716,
    "totalOtherIncomeExpensesNet": -5000000,
    "incomeBeforeTax": 1178000000,
    "incomeBeforeTaxRatio": 0.237069833,
    "incomeTaxExpense": 389000000,
    "netIncome": 775000000,
    "netIncomeRatio": 0.1559669954,
    "eps": 0.99,
    "epsdiluted": 0.97,
    "weightedAverageShsOut": 780600000,
    "weightedAverageShsOutDil": 796200000,
    "link": "https://www.sec.gov/Archives/edgar/data/66740/000110465904032871/0001104659-04-032871-index.htm",
    "finalLink": "https://www.sec.gov/Archives/edgar/data/66740/000110465904032871/a04-12304_110q.htm"
  },
  {
    "date": "2004-06-30",
    "symbol": "MMM",
    "reportedCurrency": "USD",
    "cik": "0000066740",
    "fillingDate": "2004-08-04",
    "acceptedDate": "2004-08-04 17:22:22",
    "calendarYear": "2004",
    "period": "Q2",
    "revenue": 5012000000,
    "costOfRevenue": 2452000000,
    "grossProfit": 2560000000,
    "grossProfitRatio": 0.5107741421,
    "researchAndDevelopmentExpenses": 290000000,
    "generalAndAdministrativeExpenses": 0,
    "sellingAndMarketingExpenses": 0,
    "sellingGeneralAndAdministrativeExpenses": 1084000000,
    "otherExpenses": 0,
    "operatingExpenses": 1374000000,
    "costAndExpenses": 3826000000,
    "interestIncome": 0,
    "interestExpense": 0,
    "depreciationAndAmortization": 245000000,
    "ebitda": 1186000000,
    "ebitdaratio": 0.236632083,
    "operatingIncome": 1186000000,
    "operatingIncomeRatio": 0.236632083,
    "totalOtherIncomeExpensesNet": -6000000,
    "incomeBeforeTax": 1180000000,
    "incomeBeforeTaxRatio": 0.2354349561,
    "incomeTaxExpense": 389000000,
    "netIncome": 773000000,
    "netIncomeRatio": 0.1542298484,
    "eps": 0.99,
    "epsdiluted": 0.97,
    "weightedAverageShsOut": 782500000,
    "weightedAverageShsOutDil": 799700000,
    "link": "https://www.sec.gov/Archives/edgar/data/66740/000089710104001496/0000897101-04-001496-index.htm",
    "finalLink": "https://www.sec.gov/Archives/edgar/data/66740/000089710104001496/mmm043703_10q.htm"
  },
  {
    "date": "2004-03-31",
    "symbol": "MMM",
    "reportedCurrency": "USD",
    "cik": "0000066740",
    "fillingDate": "2004-05-04",
    "acceptedDate": "2004-05-04 16:25:39",
    "calendarYear": "2004",
    "period": "Q1",
    "revenue": 4939000000,
    "costOfRevenue": 2436000000,
    "grossProfit": 2503000000,
    "grossProfitRatio": 0.5067827495,
    "researchAndDevelopmentExpenses": 282000000,
    "generalAndAdministrativeExpenses": 0,
    "sellingAndMarketingExpenses": 0,
    "sellingGeneralAndAdministrativeExpenses": 1104000000,
    "otherExpenses": 0,
    "operatingExpenses": 1386000000,
    "costAndExpenses": 3822000000,
    "interestIncome": 0,
    "interestExpense": 0,
    "depreciationAndAmortization": 252000000,
    "ebitda": 1117000000,
    "ebitdaratio": 0.2261591415,
    "operatingIncome": 1117000000,
    "operatingIncomeRatio": 0.2261591415,
    "totalOtherIncomeExpensesNet": -9000000,
    "incomeBeforeTax": 1108000000,
    "incomeBeforeTaxRatio": 0.2243369103,
    "incomeTaxExpense": 366000000,
    "netIncome": 722000000,
    "netIncomeRatio": 0.1461834379,
    "eps": 0.92,
    "epsdiluted": 0.9,
    "weightedAverageShsOut": 782900000,
    "weightedAverageShsOutDil": 799500000,
    "link": "https://www.sec.gov/Archives/edgar/data/66740/000089710104000884/0000897101-04-000884-index.htm",
    "finalLink": "https://www.sec.gov/Archives/edgar/data/66740/000089710104000884/mmm042296_10q.htm"
  },
  {
    "date": "2003-12-31",
    "symbol": "MMM",
    "reportedCurrency": "USD",
    "cik": "0000066740",
    "fillingDate": "2004-03-02",
    "acceptedDate": "2004-03-02 17:25:12",
    "calendarYear": "2003",
    "period": "Q4",
    "revenue": 4718000000,
    "costOfRevenue": 2429000000,
    "grossProfit": 2289000000,
    "grossProfitRatio": 0.4851632047,
    "researchAndDevelopmentExpenses": 286000000,
    "generalAndAdministrativeExpenses": 2978000000,
    "sellingAndMarketingExpenses": -1917000000,
    "sellingGeneralAndAdministrativeExpenses": 1061000000,
    "otherExpenses": -93000000,
    "operatingExpenses": 1254000000,
    "costAndExpenses": 3683000000,
    "interestIncome": 0,
    "interestExpense": 0,
    "depreciationAndAmortization": 247000000,
    "ebitda": 1217000000,
    "ebitdaratio": 0.2579482832,
    "operatingIncome": 942000000,
    "operatingIncomeRatio": 0.1996608733,
    "totalOtherIncomeExpensesNet": -4000000,
    "incomeBeforeTax": 938000000,
    "incomeBeforeTaxRatio": 0.1988130564,
    "incomeTaxExpense": 305000000,
    "netIncome": 619000000,
    "netIncomeRatio": 0.1311996609,
    "eps": 0.79,
    "epsdiluted": 0.79,
    "weightedAverageShsOut": 782900000,
    "weightedAverageShsOutDil": 782900000,
    "link": "https://www.sec.gov/Archives/edgar/data/66740/000089710104000425/0000897101-04-000425-index.htm",
    "finalLink": "https://www.sec.gov/Archives/edgar/data/66740/000089710104000425/mmm041053s1_10k.htm"
  },
  {
    "date": "2003-09-30",
    "symbol": "MMM",
    "reportedCurrency": "USD",
    "cik": "0000066740",
    "fillingDate": "2003-11-10",
    "acceptedDate": "2003-11-10 16:33:05",
    "calendarYear": "2003",
    "period": "Q3",
    "revenue": 4616000000,
    "costOfRevenue": 2322000000,
    "grossProfit": 2294000000,
    "grossProfitRatio": 0.4969670711,
    "researchAndDevelopmentExpenses": 270000000,
    "generalAndAdministrativeExpenses": 0,
    "sellingAndMarketingExpenses": 0,
    "sellingGeneralAndAdministrativeExpenses": 994000000,
    "otherExpenses": 0,
    "operatingExpenses": 1264000000,
    "costAndExpenses": 3586000000,
    "interestIncome": 0,
    "interestExpense": 0,
    "depreciationAndAmortization": 242000000,
    "ebitda": 1272000000,
    "ebitdaratio": 0.2755632582,
    "operatingIncome": 1030000000,
    "operatingIncomeRatio": 0.2231369151,
    "totalOtherIncomeExpensesNet": -16000000,
    "incomeBeforeTax": 1014000000,
    "incomeBeforeTaxRatio": 0.2196707106,
    "incomeTaxExpense": 339000000,
    "netIncome": 663000000,
    "netIncomeRatio": 0.1436308492,
    "eps": 0.85,
    "epsdiluted": 0.83,
    "weightedAverageShsOut": 784600000,
    "weightedAverageShsOutDil": 797500000,
    "link": "https://www.sec.gov/Archives/edgar/data/66740/000006674003000124/0000066740-03-000124-index.htm",
    "finalLink": "https://www.sec.gov/Archives/edgar/data/66740/000006674003000124/q30310qmain.txt"
  },
  {
    "date": "2003-06-30",
    "symbol": "MMM",
    "reportedCurrency": "USD",
    "cik": "0000066740",
    "fillingDate": "2003-08-13",
    "acceptedDate": "2003-08-13 16:06:25",
    "calendarYear": "2003",
    "period": "Q2",
    "revenue": 4580000000,
    "costOfRevenue": 2323000000,
    "grossProfit": 2257000000,
    "grossProfitRatio": 0.4927947598,
    "researchAndDevelopmentExpenses": 276000000,
    "generalAndAdministrativeExpenses": 0,
    "sellingAndMarketingExpenses": 0,
    "sellingGeneralAndAdministrativeExpenses": 1021000000,
    "otherExpenses": 0,
    "operatingExpenses": 1297000000,
    "costAndExpenses": 3620000000,
    "interestIncome": 0,
    "interestExpense": 0,
    "depreciationAndAmortization": 241000000,
    "ebitda": 1201000000,
    "ebitdaratio": 0.2622270742,
    "operatingIncome": 960000000,
    "operatingIncomeRatio": 0.2096069869,
    "totalOtherIncomeExpensesNet": -19000000,
    "incomeBeforeTax": 941000000,
    "incomeBeforeTaxRatio": 0.2054585153,
    "incomeTaxExpense": 310000000,
    "netIncome": 619000000,
    "netIncomeRatio": 0.1351528384,
    "eps": 0.79,
    "epsdiluted": 0.78,
    "weightedAverageShsOut": 781800000,
    "weightedAverageShsOutDil": 792400000,
    "link": "https://www.sec.gov/Archives/edgar/data/66740/000006674003000063/0000066740-03-000063-index.htm",
    "finalLink": "https://www.sec.gov/Archives/edgar/data/66740/000006674003000063/q20310qmain.txt"
  },
  {
    "date": "2003-03-31",
    "symbol": "MMM",
    "reportedCurrency": "USD",
    "cik": "0000066740",
    "fillingDate": "2003-05-14",
    "acceptedDate": "2003-05-14 16:34:44",
    "calendarYear": "2003",
    "period": "Q1",
    "revenue": 4318000000,
    "costOfRevenue": 2211000000,
    "grossProfit": 2107000000,
    "grossProfitRatio": 0.4879573877,
    "researchAndDevelopmentExpenses": 270000000,
    "generalAndAdministrativeExpenses": 0,
    "sellingAndMarketingExpenses": 0,
    "sellingGeneralAndAdministrativeExpenses": 963000000,
    "otherExpenses": 0,
    "operatingExpenses": 1326000000,
    "costAndExpenses": 3537000000,
    "interestIncome": 0,
    "interestExpense": 0,
    "depreciationAndAmortization": 234000000,
    "ebitda": 1015000000,
    "ebitdaratio": 0.2350625289,
    "operatingIncome": 781000000,
    "operatingIncomeRatio": 0.1808707735,
    "totalOtherIncomeExpensesNet": -17000000,
    "incomeBeforeTax": 764000000,
    "incomeBeforeTaxRatio": 0.1769337656,
    "incomeTaxExpense": 248000000,
    "netIncome": 502000000,
    "netIncomeRatio": 0.1162575266,
    "eps": 0.64,
    "epsdiluted": 0.63,
    "weightedAverageShsOut": 780000000,
    "weightedAverageShsOutDil": 790600000,
    "link": "https://www.sec.gov/Archives/edgar/data/66740/000006674003000010/0000066740-03-000010-index.htm",
    "finalLink": "https://www.sec.gov/Archives/edgar/data/66740/000006674003000010/q10310q.txt"
  },
  {
    "date": "2002-12-31",
    "symbol": "MMM",
    "reportedCurrency": "USD",
    "cik": "0000066740",
    "fillingDate": "2003-03-10",
    "acceptedDate": "2003-03-10 17:21:08",
    "calendarYear": "2002",
    "period": "Q4",
    "revenue": 4138000000,
    "costOfRevenue": 2114000000,
    "grossProfit": 2024000000,
    "grossProfitRatio": 0.4891251812,
    "researchAndDevelopmentExpenses": 273000000,
    "generalAndAdministrativeExpenses": 0,
    "sellingAndMarketingExpenses": 0,
    "sellingGeneralAndAdministrativeExpenses": 955000000,
    "otherExpenses": 0,
    "operatingExpenses": 1228000000,
    "costAndExpenses": 3342000000,
    "interestIncome": 0,
    "interestExpense": 0,
    "depreciationAndAmortization": 226000000,
    "ebitda": 1022000000,
    "ebitdaratio": 0.246979217,
    "operatingIncome": 796000000,
    "operatingIncomeRatio": 0.1923634606,
    "totalOtherIncomeExpensesNet": -10000000,
    "incomeBeforeTax": 786000000,
    "incomeBeforeTaxRatio": 0.1899468342,
    "incomeTaxExpense": 255000000,
    "netIncome": 511000000,
    "netIncomeRatio": 0.1234896085,
    "eps": 0.66,
    "epsdiluted": 0.66,
    "weightedAverageShsOut": 780000000,
    "weightedAverageShsOutDil": 780000000,
    "link": "https://www.sec.gov/Archives/edgar/data/66740/000006674003000005/0000066740-03-000005-index.htm",
    "finalLink": "https://www.sec.gov/Archives/edgar/data/66740/000006674003000005/q410kbodyv1.txt"
  },
  {
    "date": "2002-09-30",
    "symbol": "MMM",
    "reportedCurrency": "USD",
    "cik": "0000066740",
    "fillingDate": "2002-11-14",
    "acceptedDate": "2002-11-14 17:58:48",
    "calendarYear": "2002",
    "period": "Q3",
    "revenue": 4143000000,
    "costOfRevenue": 2115000000,
    "grossProfit": 2028000000,
    "grossProfitRatio": 0.4895003621,
    "researchAndDevelopmentExpenses": 264000000,
    "generalAndAdministrativeExpenses": 0,
    "sellingAndMarketingExpenses": 0,
    "sellingGeneralAndAdministrativeExpenses": 913000000,
    "otherExpenses": 0,
    "operatingExpenses": 1177000000,
    "costAndExpenses": 3292000000,
    "interestIncome": 0,
    "interestExpense": 0,
    "depreciationAndAmortization": 232000000,
    "ebitda": 1083000000,
    "ebitdaratio": 0.2614047791,
    "operatingIncome": 851000000,
    "operatingIncomeRatio": 0.2054067101,
    "totalOtherIncomeExpensesNet": -10000000,
    "incomeBeforeTax": 841000000,
    "incomeBeforeTaxRatio": 0.2029930002,
    "incomeTaxExpense": 274000000,
    "netIncome": 545000000,
    "netIncomeRatio": 0.131547188,
    "eps": 0.7,
    "epsdiluted": 0.69,
    "weightedAverageShsOut": 779600000,
    "weightedAverageShsOutDil": 790000000,
    "link": "https://www.sec.gov/Archives/edgar/data/66740/000006674002000025/0000066740-02-000025-index.htm",
    "finalLink": "https://www.sec.gov/Archives/edgar/data/66740/000006674002000025/q310qmain.txt"
  },
  {
    "date": "2002-06-30",
    "symbol": "MMM",
    "reportedCurrency": "USD",
    "cik": "0000066740",
    "fillingDate": "2002-08-12",
    "acceptedDate": "2002-08-12 12:34:48",
    "calendarYear": "2002",
    "period": "Q2",
    "revenue": 4161000000,
    "costOfRevenue": 2231000000,
    "grossProfit": 1930000000,
    "grossProfitRatio": 0.4638308099,
    "researchAndDevelopmentExpenses": 269000000,
    "generalAndAdministrativeExpenses": 0,
    "sellingAndMarketingExpenses": 0,
    "sellingGeneralAndAdministrativeExpenses": 975000000,
    "otherExpenses": 0,
    "operatingExpenses": 1244000000,
    "costAndExpenses": 3475000000,
    "interestIncome": 0,
    "interestExpense": 0,
    "depreciationAndAmortization": 246000000,
    "ebitda": 932000000,
    "ebitdaratio": 0.2239846191,
    "operatingIncome": 686000000,
    "operatingIncomeRatio": 0.1648642153,
    "totalOtherIncomeExpensesNet": -11000000,
    "incomeBeforeTax": 675000000,
    "incomeBeforeTaxRatio": 0.16222062,
    "incomeTaxExpense": 210000000,
    "netIncome": 466000000,
    "netIncomeRatio": 0.1119923095,
    "eps": 0.6,
    "epsdiluted": 0.59,
    "weightedAverageShsOut": 780000000,
    "weightedAverageShsOutDil": 792200000,
    "link": "https://www.sec.gov/Archives/edgar/data/66740/000006674002000014/0000066740-02-000014-index.htm",
    "finalLink": "https://www.sec.gov/Archives/edgar/data/66740/000006674002000014/q210qmain.txt"
  },
  {
    "date": "2002-03-31",
    "symbol": "MMM",
    "reportedCurrency": "USD",
    "cik": "0000066740",
    "fillingDate": "2002-05-01",
    "acceptedDate": "2002-05-01 11:26:41",
    "calendarYear": "2002",
    "period": "Q1",
    "revenue": 3890000000,
    "costOfRevenue": 2036000000,
    "grossProfit": 1854000000,
    "grossProfitRatio": 0.4766066838,
    "researchAndDevelopmentExpenses": 264000000,
    "generalAndAdministrativeExpenses": 0,
    "sellingAndMarketingExpenses": 0,
    "sellingGeneralAndAdministrativeExpenses": 877000000,
    "otherExpenses": 0,
    "operatingExpenses": 1141000000,
    "costAndExpenses": 3177000000,
    "interestIncome": 0,
    "interestExpense": 0,
    "depreciationAndAmortization": 250000000,
    "ebitda": 963000000,
    "ebitdaratio": 0.2475578406,
    "operatingIncome": 713000000,
    "operatingIncomeRatio": 0.1832904884,
    "totalOtherIncomeExpensesNet": -10000000,
    "incomeBeforeTax": 703000000,
    "incomeBeforeTaxRatio": 0.1807197943,
    "incomeTaxExpense": 227000000,
    "netIncome": 452000000,
    "netIncomeRatio": 0.1161953728,
    "eps": 0.58,
    "epsdiluted": 0.57,
    "weightedAverageShsOut": 779800000,
    "weightedAverageShsOutDil": 790400000,
    "link": "https://www.sec.gov/Archives/edgar/data/66740/000006674002000010/0000066740-02-000010-index.htm",
    "finalLink": "https://www.sec.gov/Archives/edgar/data/66740/000006674002000010/q10210qprimary.txt"
  },
  {
    "date": "2001-12-31",
    "symbol": "MMM",
    "reportedCurrency": "USD",
    "cik": "0000066740",
    "fillingDate": "2002-03-11",
    "acceptedDate": "2002-03-11 00:00:00",
    "calendarYear": "2001",
    "period": "Q4",
    "revenue": 3863000000,
    "costOfRevenue": 2131000000,
    "grossProfit": 1732000000,
    "grossProfitRatio": 0.4483561998,
    "researchAndDevelopmentExpenses": 262000000,
    "generalAndAdministrativeExpenses": 0,
    "sellingAndMarketingExpenses": 0,
    "sellingGeneralAndAdministrativeExpenses": 976000000,
    "otherExpenses": 0,
    "operatingExpenses": 1150000000,
    "costAndExpenses": 3281000000,
    "interestIncome": 0,
    "interestExpense": 0,
    "depreciationAndAmortization": 291000000,
    "ebitda": 873000000,
    "ebitdaratio": 0.2259901631,
    "operatingIncome": 582000000,
    "operatingIncomeRatio": 0.1506601087,
    "totalOtherIncomeExpensesNet": -16000000,
    "incomeBeforeTax": 566000000,
    "incomeBeforeTaxRatio": 0.1465182501,
    "incomeTaxExpense": 175000000,
    "netIncome": 381000000,
    "netIncomeRatio": 0.0986280093,
    "eps": 0.49,
    "epsdiluted": 0.49,
    "weightedAverageShsOut": 779800000,
    "weightedAverageShsOutDil": 779800000,
    "link": "https://www.sec.gov/Archives/edgar/data/66740/000006674002000006/0000066740-02-000006-index.htm",
    "finalLink": "https://www.sec.gov/Archives/edgar/data/66740/000006674002000006/q40110kprimary6.txt"
  },
  {
    "date": "2001-09-30",
    "symbol": "MMM",
    "reportedCurrency": "USD",
    "cik": "0000066740",
    "fillingDate": "2001-11-13",
    "acceptedDate": "2001-11-13 00:00:00",
    "calendarYear": "2001",
    "period": "Q3",
    "revenue": 3967000000,
    "costOfRevenue": 2156000000,
    "grossProfit": 1811000000,
    "grossProfitRatio": 0.4565162591,
    "researchAndDevelopmentExpenses": 261000000,
    "generalAndAdministrativeExpenses": 0,
    "sellingAndMarketingExpenses": 0,
    "sellingGeneralAndAdministrativeExpenses": 930000000,
    "otherExpenses": 0,
    "operatingExpenses": 1191000000,
    "costAndExpenses": 3347000000,
    "interestIncome": 0,
    "interestExpense": 0,
    "depreciationAndAmortization": 295000000,
    "ebitda": 915000000,
    "ebitdaratio": 0.2306528863,
    "operatingIncome": 620000000,
    "operatingIncomeRatio": 0.1562893874,
    "totalOtherIncomeExpensesNet": -21000000,
    "incomeBeforeTax": 599000000,
    "incomeBeforeTaxRatio": 0.1509957146,
    "incomeTaxExpense": 195000000,
    "netIncome": 394000000,
    "netIncomeRatio": 0.0993193849,
    "eps": 0.5,
    "epsdiluted": 0.49,
    "weightedAverageShsOut": 787000000,
    "weightedAverageShsOutDil": 796800000,
    "link": "https://www.sec.gov/Archives/edgar/data/66740/000006674001500015/0000066740-01-500015-index.htm",
    "finalLink": "https://www.sec.gov/Archives/edgar/data/66740/000006674001500015/q30110qprimary.txt"
  },
  {
    "date": "2001-06-30",
    "symbol": "MMM",
    "reportedCurrency": "USD",
    "cik": "0000066740",
    "fillingDate": "2001-08-01",
    "acceptedDate": "2001-08-01 00:00:00",
    "calendarYear": "2001",
    "period": "Q2",
    "revenue": 4079000000,
    "costOfRevenue": 2266000000,
    "grossProfit": 1813000000,
    "grossProfitRatio": 0.4444716842,
    "researchAndDevelopmentExpenses": 283000000,
    "generalAndAdministrativeExpenses": 0,
    "sellingAndMarketingExpenses": 0,
    "sellingGeneralAndAdministrativeExpenses": 1196000000,
    "otherExpenses": 0,
    "operatingExpenses": 1479000000,
    "costAndExpenses": 3745000000,
    "interestIncome": 0,
    "interestExpense": 0,
    "depreciationAndAmortization": 256000000,
    "ebitda": 590000000,
    "ebitdaratio": 0.1446432949,
    "operatingIncome": 334000000,
    "operatingIncomeRatio": 0.0818828144,
    "totalOtherIncomeExpensesNet": -24000000,
    "incomeBeforeTax": 310000000,
    "incomeBeforeTaxRatio": 0.0759990194,
    "incomeTaxExpense": 94000000,
    "netIncome": 202000000,
    "netIncomeRatio": 0.0495219417,
    "eps": 0.26,
    "epsdiluted": 0.25,
    "weightedAverageShsOut": 791800000,
    "weightedAverageShsOutDil": 804400000,
    "link": "https://www.sec.gov/Archives/edgar/data/66740/000006674001500008/0000066740-01-500008-index.htm",
    "finalLink": "https://www.sec.gov/Archives/edgar/data/66740/000006674001500008/q201qprimaryfinal2.txt"
  },
  {
    "date": "2001-03-31",
    "symbol": "MMM",
    "reportedCurrency": "USD",
    "cik": "0000066740",
    "fillingDate": "2001-05-01",
    "acceptedDate": "2001-05-01 00:00:00",
    "calendarYear": "2001",
    "period": "Q1",
    "revenue": 4170000000,
    "costOfRevenue": 2196000000,
    "grossProfit": 1974000000,
    "grossProfitRatio": 0.473381295,
    "researchAndDevelopmentExpenses": 278000000,
    "generalAndAdministrativeExpenses": 0,
    "sellingAndMarketingExpenses": 0,
    "sellingGeneralAndAdministrativeExpenses": 959000000,
    "otherExpenses": 0,
    "operatingExpenses": 1237000000,
    "costAndExpenses": 3433000000,
    "interestIncome": 0,
    "interestExpense": 0,
    "depreciationAndAmortization": 247000000,
    "ebitda": 984000000,
    "ebitdaratio": 0.235971223,
    "operatingIncome": 737000000,
    "operatingIncomeRatio": 0.1767386091,
    "totalOtherIncomeExpensesNet": -26000000,
    "incomeBeforeTax": 711000000,
    "incomeBeforeTaxRatio": 0.1705035971,
    "incomeTaxExpense": 238000000,
    "netIncome": 453000000,
    "netIncomeRatio": 0.1086330935,
    "eps": 0.57,
    "epsdiluted": 0.56,
    "weightedAverageShsOut": 792600000,
    "weightedAverageShsOutDil": 804800000,
    "link": "https://www.sec.gov/Archives/edgar/data/66740/000089710101500224/0000897101-01-500224-index.htm",
    "finalLink": "https://www.sec.gov/Archives/edgar/data/66740/000089710101500224/mn-mining011238_10q.txt"
  },
  {
    "date": "2000-12-31",
    "symbol": "MMM",
    "reportedCurrency": "USD",
    "cik": "0000066740",
    "fillingDate": "2001-02-20",
    "acceptedDate": "2001-02-20 00:00:00",
    "calendarYear": "2000",
    "period": "Q4",
    "revenue": 4196000000,
    "costOfRevenue": 1663000000,
    "grossProfit": 2533000000,
    "grossProfitRatio": 0.6036701621,
    "researchAndDevelopmentExpenses": 0,
    "generalAndAdministrativeExpenses": 0,
    "sellingAndMarketingExpenses": 0,
    "sellingGeneralAndAdministrativeExpenses": 801000000,
    "otherExpenses": 0,
    "operatingExpenses": 1886000000,
    "costAndExpenses": 3549000000,
    "interestIncome": 0,
    "interestExpense": 0,
    "depreciationAndAmortization": 288000000,
    "ebitda": 935000000,
    "ebitdaratio": 0.2228312679,
    "operatingIncome": 647000000,
    "operatingIncomeRatio": 0.1541944709,
    "totalOtherIncomeExpensesNet": 50000000,
    "incomeBeforeTax": 697000000,
    "incomeBeforeTaxRatio": 0.1661105815,
    "incomeTaxExpense": 204000000,
    "netIncome": 326000000,
    "netIncomeRatio": 0.077693041,
    "eps": 0.41,
    "epsdiluted": 0.41,
    "weightedAverageShsOut": 789000000,
    "weightedAverageShsOutDil": 792600000,
    "link": "https://www.sec.gov/Archives/edgar/data/66740/000006674001000003/0000066740-01-000003-index.htm",
    "finalLink": "https://www.sec.gov/Archives/edgar/data/66740/000006674001000003/0000066740-01-000003-0001.txt"
  },
  {
    "date": "2000-09-30",
    "symbol": "MMM",
    "reportedCurrency": "USD",
    "cik": "0000066740",
    "fillingDate": "2000-11-01",
    "acceptedDate": "2000-11-01 00:00:00",
    "calendarYear": "2000",
    "period": "Q3",
    "revenue": 4252000000,
    "costOfRevenue": 2479000000,
    "grossProfit": 1773000000,
    "grossProfitRatio": 0.4169802446,
    "researchAndDevelopmentExpenses": 0,
    "generalAndAdministrativeExpenses": 0,
    "sellingAndMarketingExpenses": 0,
    "sellingGeneralAndAdministrativeExpenses": 1073000000,
    "otherExpenses": 0,
    "operatingExpenses": 954000000,
    "costAndExpenses": 3433000000,
    "interestIncome": 0,
    "interestExpense": 0,
    "depreciationAndAmortization": 280000000,
    "ebitda": 1099000000,
    "ebitdaratio": 0.258466604,
    "operatingIncome": 819000000,
    "operatingIncomeRatio": 0.1926152399,
    "totalOtherIncomeExpensesNet": -46000000,
    "incomeBeforeTax": 773000000,
    "incomeBeforeTaxRatio": 0.1817968015,
    "incomeTaxExpense": 274000000,
    "netIncome": 499000000,
    "netIncomeRatio": 0.1173565381,
    "eps": 0.63,
    "epsdiluted": 0.63,
    "weightedAverageShsOut": 790200000,
    "weightedAverageShsOutDil": 798000000,
    "link": "https://www.sec.gov/Archives/edgar/data/66740/000006674000000017/0000066740-00-000017-index.htm",
    "finalLink": "https://www.sec.gov/Archives/edgar/data/66740/000006674000000017/0000066740-00-000017-0001.txt"
  },
  {
    "date": "2000-06-30",
    "symbol": "MMM",
    "reportedCurrency": "USD",
    "cik": "0000066740",
    "fillingDate": "2000-08-04",
    "acceptedDate": "2000-08-04 00:00:00",
    "calendarYear": "2000",
    "period": "Q2",
    "revenue": 4224000000,
    "costOfRevenue": 2379000000,
    "grossProfit": 1845000000,
    "grossProfitRatio": 0.4367897727,
    "researchAndDevelopmentExpenses": 0,
    "generalAndAdministrativeExpenses": 0,
    "sellingAndMarketingExpenses": 0,
    "sellingGeneralAndAdministrativeExpenses": 1068000000,
    "otherExpenses": 0,
    "operatingExpenses": 1068000000,
    "costAndExpenses": 3447000000,
    "interestIncome": 0,
    "interestExpense": 0,
    "depreciationAndAmortization": 229000000,
    "ebitda": 1006000000,
    "ebitdaratio": 0.2381628788,
    "operatingIncome": 777000000,
    "operatingIncomeRatio": 0.1839488636,
    "totalOtherIncomeExpensesNet": -20000000,
    "incomeBeforeTax": 757000000,
    "incomeBeforeTaxRatio": 0.1792140152,
    "incomeTaxExpense": 265000000,
    "netIncome": 470000000,
    "netIncomeRatio": 0.1112689394,
    "eps": 0.59,
    "epsdiluted": 0.59,
    "weightedAverageShsOut": 791200000,
    "weightedAverageShsOutDil": 798400000,
    "link": "https://www.sec.gov/Archives/edgar/data/66740/000006674000000013/0000066740-00-000013-index.htm",
    "finalLink": "https://www.sec.gov/Archives/edgar/data/66740/000006674000000013/0000066740-00-000013-0001.txt"
  },
  {
    "date": "2000-03-31",
    "symbol": "MMM",
    "reportedCurrency": "USD",
    "cik": "0000066740",
    "fillingDate": "2000-05-08",
    "acceptedDate": "2000-05-08 00:00:00",
    "calendarYear": "2000",
    "period": "Q1",
    "revenue": 4052000000,
    "costOfRevenue": 2266000000,
    "grossProfit": 1786000000,
    "grossProfitRatio": 0.4407699901,
    "researchAndDevelopmentExpenses": 0,
    "generalAndAdministrativeExpenses": 0,
    "sellingAndMarketingExpenses": 0,
    "sellingGeneralAndAdministrativeExpenses": 1021000000,
    "otherExpenses": 0,
    "operatingExpenses": 971000000,
    "costAndExpenses": 3237000000,
    "interestIncome": 0,
    "interestExpense": 0,
    "depreciationAndAmortization": 228000000,
    "ebitda": 1043000000,
    "ebitdaratio": 0.2574037512,
    "operatingIncome": 815000000,
    "operatingIncomeRatio": 0.2011352419,
    "totalOtherIncomeExpensesNet": -20000000,
    "incomeBeforeTax": 795000000,
    "incomeBeforeTaxRatio": 0.1961994077,
    "incomeTaxExpense": 282000000,
    "netIncome": 487000000,
    "netIncomeRatio": 0.1201875617,
    "eps": 0.61,
    "epsdiluted": 0.61,
    "weightedAverageShsOut": 795400000,
    "weightedAverageShsOutDil": 803800000,
    "link": "https://www.sec.gov/Archives/edgar/data/66740/000006674000000006/0000066740-00-000006-index.html",
    "finalLink": "https://www.sec.gov/Archives/edgar/data/66740/000006674000000006/"
  },
  {
    "date": "1999-12-31",
    "symbol": "MMM",
    "reportedCurrency": "USD",
    "cik": "0000066740",
    "fillingDate": "2000-02-18",
    "acceptedDate": "2000-02-18 00:00:00",
    "calendarYear": "1999",
    "period": "Q4",
    "revenue": 4023000000,
    "costOfRevenue": 2249000000,
    "grossProfit": 1774000000,
    "grossProfitRatio": 0.4409644544,
    "researchAndDevelopmentExpenses": 0,
    "generalAndAdministrativeExpenses": 0,
    "sellingAndMarketingExpenses": 0,
    "sellingGeneralAndAdministrativeExpenses": 1034000000,
    "otherExpenses": 0,
    "operatingExpenses": 1034000000,
    "costAndExpenses": 3283000000,
    "interestIncome": 0,
    "interestExpense": 0,
    "depreciationAndAmortization": 231000000,
    "ebitda": 973000000,
    "ebitdaratio": 0.241859309,
    "operatingIncome": 742000000,
    "operatingIncomeRatio": 0.184439473,
    "totalOtherIncomeExpensesNet": -15000000,
    "incomeBeforeTax": 727000000,
    "incomeBeforeTaxRatio": 0.1807109123,
    "incomeTaxExpense": 256000000,
    "netIncome": 444000000,
    "netIncomeRatio": 0.110365399,
    "eps": 0.56,
    "epsdiluted": 0.56,
    "weightedAverageShsOut": 795400000,
    "weightedAverageShsOutDil": 795400000,
    "link": "https://www.sec.gov/Archives/edgar/data/66740/000006674000000005/0000066740-00-000005-index.html",
    "finalLink": "https://www.sec.gov/Archives/edgar/data/66740/000006674000000005/"
  },
  {
    "date": "1999-09-30",
    "symbol": "MMM",
    "reportedCurrency": "USD",
    "cik": "0000066740",
    "fillingDate": "1999-11-05",
    "acceptedDate": "1999-11-05 00:00:00",
    "calendarYear": "1999",
    "period": "Q3",
    "revenue": 3997000000,
    "costOfRevenue": 2253000000,
    "grossProfit": 1744000000,
    "grossProfitRatio": 0.4363272454,
    "researchAndDevelopmentExpenses": 0,
    "generalAndAdministrativeExpenses": 0,
    "sellingAndMarketingExpenses": 0,
    "sellingGeneralAndAdministrativeExpenses": 1009000000,
    "otherExpenses": 0,
    "operatingExpenses": 1009000000,
    "costAndExpenses": 3262000000,
    "interestIncome": 0,
    "interestExpense": 0,
    "depreciationAndAmortization": 220000000,
    "ebitda": 981000000,
    "ebitdaratio": 0.2454340756,
    "operatingIncome": 761000000,
    "operatingIncomeRatio": 0.1903927946,
    "totalOtherIncomeExpensesNet": -42000000,
    "incomeBeforeTax": 742000000,
    "incomeBeforeTaxRatio": 0.1856392294,
    "incomeTaxExpense": 260000000,
    "netIncome": 459000000,
    "netIncomeRatio": 0.1148361271,
    "eps": 0.57,
    "epsdiluted": 0.56,
    "weightedAverageShsOut": 804200000,
    "weightedAverageShsOutDil": 813600000,
    "link": "https://www.sec.gov/Archives/edgar/data/66740/000006674099000012/0000066740-99-000012-index.html",
    "finalLink": "https://www.sec.gov/Archives/edgar/data/66740/000006674099000012/"
  },
  {
    "date": "1999-06-30",
    "symbol": "MMM",
    "reportedCurrency": "USD",
    "cik": "0000066740",
    "fillingDate": "1999-08-05",
    "acceptedDate": "1999-08-05 00:00:00",
    "calendarYear": "1999",
    "period": "Q2",
    "revenue": 3863000000,
    "costOfRevenue": 2188000000,
    "grossProfit": 1675000000,
    "grossProfitRatio": 0.4336008284,
    "researchAndDevelopmentExpenses": 0,
    "generalAndAdministrativeExpenses": 0,
    "sellingAndMarketingExpenses": 0,
    "sellingGeneralAndAdministrativeExpenses": 871000000,
    "otherExpenses": 0,
    "operatingExpenses": 871000000,
    "costAndExpenses": 3059000000,
    "interestIncome": 0,
    "interestExpense": 0,
    "depreciationAndAmortization": 226000000,
    "ebitda": 1030000000,
    "ebitdaratio": 0.2666321512,
    "operatingIncome": 804000000,
    "operatingIncomeRatio": 0.2081283976,
    "totalOtherIncomeExpensesNet": -19000000,
    "incomeBeforeTax": 785000000,
    "incomeBeforeTaxRatio": 0.2032099405,
    "incomeTaxExpense": 291000000,
    "netIncome": 476000000,
    "netIncomeRatio": 0.1232202951,
    "eps": 0.59,
    "epsdiluted": 0.58,
    "weightedAverageShsOut": 806400000,
    "weightedAverageShsOutDil": 814800000,
    "link": "https://www.sec.gov/Archives/edgar/data/66740/000006674099000011/0000066740-99-000011-index.html",
    "finalLink": "https://www.sec.gov/Archives/edgar/data/66740/000006674099000011/"
  },
  {
    "date": "1999-03-31",
    "symbol": "MMM",
    "reportedCurrency": "USD",
    "cik": "0000066740",
    "fillingDate": "1999-05-10",
    "acceptedDate": "1999-05-10 00:00:00",
    "calendarYear": "1999",
    "period": "Q1",
    "revenue": 3776000000,
    "costOfRevenue": 2162000000,
    "grossProfit": 1614000000,
    "grossProfitRatio": 0.4274364407,
    "researchAndDevelopmentExpenses": 0,
    "generalAndAdministrativeExpenses": 0,
    "sellingAndMarketingExpenses": 0,
    "sellingGeneralAndAdministrativeExpenses": 965000000,
    "otherExpenses": 0,
    "operatingExpenses": 965000000,
    "costAndExpenses": 3127000000,
    "interestIncome": 0,
    "interestExpense": 0,
    "depreciationAndAmortization": 223000000,
    "ebitda": 872000000,
    "ebitdaratio": 0.2309322034,
    "operatingIncome": 649000000,
    "operatingIncomeRatio": 0.171875,
    "totalOtherIncomeExpensesNet": -23000000,
    "incomeBeforeTax": 626000000,
    "incomeBeforeTaxRatio": 0.1657838983,
    "incomeTaxExpense": 225000000,
    "netIncome": 384000000,
    "netIncomeRatio": 0.1016949153,
    "eps": 0.48,
    "epsdiluted": 0.47,
    "weightedAverageShsOut": 804600000,
    "weightedAverageShsOutDil": 811800000,
    "link": "https://www.sec.gov/Archives/edgar/data/66740/000006674099000009/0000066740-99-000009-index.html",
    "finalLink": "https://www.sec.gov/Archives/edgar/data/66740/"
  },
  {
    "date": "1998-12-31",
    "symbol": "MMM",
    "reportedCurrency": "USD",
    "cik": "0000066740",
    "fillingDate": "1999-02-12",
    "acceptedDate": "1999-02-12 00:00:00",
    "calendarYear": "1998",
    "period": "Q4",
    "revenue": 3785000000,
    "costOfRevenue": 2257000000,
    "grossProfit": 1528000000,
    "grossProfitRatio": 0.4036988111,
    "researchAndDevelopmentExpenses": 0,
    "generalAndAdministrativeExpenses": 0,
    "sellingAndMarketingExpenses": 0,
    "sellingGeneralAndAdministrativeExpenses": 946000000,
    "otherExpenses": 0,
    "operatingExpenses": 946000000,
    "costAndExpenses": 3203000000,
    "interestIncome": 0,
    "interestExpense": 0,
    "depreciationAndAmortization": 222000000,
    "ebitda": 643000000,
    "ebitdaratio": 0.1698811096,
    "operatingIncome": 421000000,
    "operatingIncomeRatio": 0.1112285337,
    "totalOtherIncomeExpensesNet": -24000000,
    "incomeBeforeTax": 397000000,
    "incomeBeforeTaxRatio": 0.1048877147,
    "incomeTaxExpense": 133000000,
    "netIncome": 211000000,
    "netIncomeRatio": 0.0557463672,
    "eps": 0.26,
    "epsdiluted": 0.26,
    "weightedAverageShsOut": 804600000,
    "weightedAverageShsOutDil": 804600000,
    "link": "https://www.sec.gov/Archives/edgar/data/66740/000006674099000002/0000066740-99-000002-index.html",
    "finalLink": "https://www.sec.gov/Archives/edgar/data/66740/"
  },
  {
    "date": "1998-09-30",
    "symbol": "MMM",
    "reportedCurrency": "USD",
    "cik": "0000066740",
    "fillingDate": "1998-11-06",
    "acceptedDate": "1998-11-06 00:00:00",
    "calendarYear": "1998",
    "period": "Q3",
    "revenue": 3766000000,
    "costOfRevenue": 2190000000,
    "grossProfit": 1576000000,
    "grossProfitRatio": 0.4184811471,
    "researchAndDevelopmentExpenses": 0,
    "generalAndAdministrativeExpenses": 0,
    "sellingAndMarketingExpenses": 0,
    "sellingGeneralAndAdministrativeExpenses": 947000000,
    "otherExpenses": 0,
    "operatingExpenses": 947000000,
    "costAndExpenses": 3137000000,
    "interestIncome": 0,
    "interestExpense": 0,
    "depreciationAndAmortization": 217000000,
    "ebitda": 514000000,
    "ebitdaratio": 0.1364843335,
    "operatingIncome": 297000000,
    "operatingIncomeRatio": 0.0788635157,
    "totalOtherIncomeExpensesNet": -16000000,
    "incomeBeforeTax": 281000000,
    "incomeBeforeTaxRatio": 0.0746149761,
    "incomeTaxExpense": 96000000,
    "netIncome": 178000000,
    "netIncomeRatio": 0.0472650027,
    "eps": 0.22,
    "epsdiluted": 0.22,
    "weightedAverageShsOut": 805400000,
    "weightedAverageShsOutDil": 813400000,
    "link": "https://www.sec.gov/Archives/edgar/data/66740/000006674098000013/0000066740-98-000013-index.html",
    "finalLink": "https://www.sec.gov/Archives/edgar/data/66740/"
  },
  {
    "date": "1998-06-30",
    "symbol": "MMM",
    "reportedCurrency": "USD",
    "cik": "0000066740",
    "fillingDate": "1998-08-04",
    "acceptedDate": "1998-08-04 00:00:00",
    "calendarYear": "1998",
    "period": "Q2",
    "revenue": 3770000000,
    "costOfRevenue": 2162000000,
    "grossProfit": 1608000000,
    "grossProfitRatio": 0.4265251989,
    "researchAndDevelopmentExpenses": 0,
    "generalAndAdministrativeExpenses": 0,
    "sellingAndMarketingExpenses": 0,
    "sellingGeneralAndAdministrativeExpenses": 967000000,
    "otherExpenses": 0,
    "operatingExpenses": 967000000,
    "costAndExpenses": 3129000000,
    "interestIncome": 0,
    "interestExpense": 0,
    "depreciationAndAmortization": 214000000,
    "ebitda": 855000000,
    "ebitdaratio": 0.2267904509,
    "operatingIncome": 641000000,
    "operatingIncomeRatio": 0.1700265252,
    "totalOtherIncomeExpensesNet": -24000000,
    "incomeBeforeTax": 617000000,
    "incomeBeforeTaxRatio": 0.1636604775,
    "incomeTaxExpense": 219000000,
    "netIncome": 386000000,
    "netIncomeRatio": 0.1023872679,
    "eps": 0.48,
    "epsdiluted": 0.47,
    "weightedAverageShsOut": 808600000,
    "weightedAverageShsOutDil": 820000000,
    "link": "https://www.sec.gov/Archives/edgar/data/66740/000006674098000010/0000066740-98-000010-index.html",
    "finalLink": "https://www.sec.gov/Archives/edgar/data/66740/"
  },
  {
    "date": "1998-03-31",
    "symbol": "MMM",
    "reportedCurrency": "USD",
    "cik": "0000066740",
    "fillingDate": "1998-05-05",
    "acceptedDate": "1998-05-05 00:00:00",
    "calendarYear": "1998",
    "period": "Q1",
    "revenue": 3700000000,
    "costOfRevenue": 2096000000,
    "grossProfit": 1604000000,
    "grossProfitRatio": 0.4335135135,
    "researchAndDevelopmentExpenses": 0,
    "generalAndAdministrativeExpenses": 0,
    "sellingAndMarketingExpenses": 0,
    "sellingGeneralAndAdministrativeExpenses": 924000000,
    "otherExpenses": 0,
    "operatingExpenses": 924000000,
    "costAndExpenses": 3020000000,
    "interestIncome": 0,
    "interestExpense": 0,
    "depreciationAndAmortization": 213000000,
    "ebitda": 893000000,
    "ebitdaratio": 0.2413513514,
    "operatingIncome": 680000000,
    "operatingIncomeRatio": 0.1837837838,
    "totalOtherIncomeExpensesNet": -23000000,
    "incomeBeforeTax": 657000000,
    "incomeBeforeTaxRatio": 0.1775675676,
    "incomeTaxExpense": 237000000,
    "netIncome": 400000000,
    "netIncomeRatio": 0.1081081081,
    "eps": 0.49,
    "epsdiluted": 0.49,
    "weightedAverageShsOut": 808800000,
    "weightedAverageShsOutDil": 820000000,
    "link": "https://www.sec.gov/Archives/edgar/data/66740/000006674098000005/0000066740-98-000005-index.html",
    "finalLink": "https://www.sec.gov/Archives/edgar/data/66740/"
  },
  {
    "date": "1997-12-31",
    "symbol": "MMM",
    "reportedCurrency": "USD",
    "cik": "0000066740",
    "fillingDate": "1998-03-10",
    "acceptedDate": "1998-03-10 00:00:00",
    "calendarYear": "1997",
    "period": "Q4",
    "revenue": 3713000000,
    "costOfRevenue": 2162000000,
    "grossProfit": 1551000000,
    "grossProfitRatio": 0.417721519,
    "researchAndDevelopmentExpenses": 0,
    "generalAndAdministrativeExpenses": 0,
    "sellingAndMarketingExpenses": 0,
    "sellingGeneralAndAdministrativeExpenses": 954000000,
    "otherExpenses": 0,
    "operatingExpenses": 954000000,
    "costAndExpenses": 3116000000,
    "interestIncome": 0,
    "interestExpense": 0,
    "depreciationAndAmortization": 216000000,
    "ebitda": 813000000,
    "ebitdaratio": 0.2189604094,
    "operatingIncome": 597000000,
    "operatingIncomeRatio": 0.1607864261,
    "totalOtherIncomeExpensesNet": -8000000,
    "incomeBeforeTax": 589000000,
    "incomeBeforeTaxRatio": 0.1586318341,
    "incomeTaxExpense": 206000000,
    "netIncome": 366000000,
    "netIncomeRatio": 0.0985725828,
    "eps": 0.45,
    "epsdiluted": 0.45,
    "weightedAverageShsOut": 808800000,
    "weightedAverageShsOutDil": 808800000,
    "link": "https://www.sec.gov/Archives/edgar/data/66740/000006674098000002/0000066740-98-000002-index.html",
    "finalLink": "https://www.sec.gov/Archives/edgar/data/66740/"
  },
  {
    "date": "1997-09-30",
    "symbol": "MMM",
    "reportedCurrency": "USD",
    "cik": "0000066740",
    "fillingDate": "1997-10-29",
    "acceptedDate": "1997-10-29 00:00:00",
    "calendarYear": "1997",
    "period": "Q3",
    "revenue": 3826000000,
    "costOfRevenue": 2173000000,
    "grossProfit": 1653000000,
    "grossProfitRatio": 0.4320439101,
    "researchAndDevelopmentExpenses": 0,
    "generalAndAdministrativeExpenses": 0,
    "sellingAndMarketingExpenses": 0,
    "sellingGeneralAndAdministrativeExpenses": 952000000,
    "otherExpenses": 0,
    "operatingExpenses": 952000000,
    "costAndExpenses": 3125000000,
    "interestIncome": 0,
    "interestExpense": 0,
    "depreciationAndAmortization": 220000000,
    "ebitda": 921000000,
    "ebitdaratio": 0.24072138,
    "operatingIncome": 701000000,
    "operatingIncomeRatio": 0.1832200732,
    "totalOtherIncomeExpensesNet": 793000000,
    "incomeBeforeTax": 1494000000,
    "incomeBeforeTaxRatio": 0.3904861474,
    "incomeTaxExpense": 549000000,
    "netIncome": 927000000,
    "netIncomeRatio": 0.2422895975,
    "eps": 1.12,
    "epsdiluted": 1.11,
    "weightedAverageShsOut": 825084000,
    "weightedAverageShsOutDil": 838430000,
    "link": "https://www.sec.gov/Archives/edgar/data/66740/000006674097000019/0000066740-97-000019-index.html",
    "finalLink": "https://www.sec.gov/Archives/edgar/data/66740/"
  },
  {
    "date": "1997-06-30",
    "symbol": "MMM",
    "reportedCurrency": "USD",
    "cik": "0000066740",
    "fillingDate": "1997-08-13",
    "acceptedDate": "1997-08-13 00:00:00",
    "calendarYear": "1997",
    "period": "Q2",
    "revenue": 3817000000,
    "costOfRevenue": 2156000000,
    "grossProfit": 1661000000,
    "grossProfitRatio": 0.4351585014,
    "researchAndDevelopmentExpenses": 0,
    "generalAndAdministrativeExpenses": 0,
    "sellingAndMarketingExpenses": 0,
    "sellingGeneralAndAdministrativeExpenses": 972000000,
    "otherExpenses": 0,
    "operatingExpenses": 972000000,
    "costAndExpenses": 3128000000,
    "interestIncome": 0,
    "interestExpense": 0,
    "depreciationAndAmortization": 217000000,
    "ebitda": 906000000,
    "ebitdaratio": 0.2373591826,
    "operatingIncome": 689000000,
    "operatingIncomeRatio": 0.1805082526,
    "totalOtherIncomeExpensesNet": -9000000,
    "incomeBeforeTax": 680000000,
    "incomeBeforeTaxRatio": 0.1781503799,
    "incomeTaxExpense": 242000000,
    "netIncome": 418000000,
    "netIncomeRatio": 0.1095100865,
    "eps": 0.5,
    "epsdiluted": 0.5,
    "weightedAverageShsOut": 831092000,
    "weightedAverageShsOutDil": 843880000,
    "link": "https://www.sec.gov/Archives/edgar/data/66740/000006674097000015/0000066740-97-000015-index.html",
    "finalLink": "https://www.sec.gov/Archives/edgar/data/66740/"
  },
  {
    "date": "1997-03-31",
    "symbol": "MMM",
    "reportedCurrency": "USD",
    "cik": "0000066740",
    "fillingDate": "1997-04-22",
    "acceptedDate": "1997-04-22 00:00:00",
    "calendarYear": "1997",
    "period": "Q1",
    "revenue": 3714000000,
    "costOfRevenue": 2089000000,
    "grossProfit": 1625000000,
    "grossProfitRatio": 0.4375336564,
    "researchAndDevelopmentExpenses": 0,
    "generalAndAdministrativeExpenses": 0,
    "sellingAndMarketingExpenses": 0,
    "sellingGeneralAndAdministrativeExpenses": 937000000,
    "otherExpenses": 0,
    "operatingExpenses": 937000000,
    "costAndExpenses": 3026000000,
    "interestIncome": 0,
    "interestExpense": 0,
    "depreciationAndAmortization": 217000000,
    "ebitda": 905000000,
    "ebitdaratio": 0.2436725902,
    "operatingIncome": 688000000,
    "operatingIncomeRatio": 0.1852450188,
    "totalOtherIncomeExpensesNet": -11000000,
    "incomeBeforeTax": 677000000,
    "incomeBeforeTaxRatio": 0.1822832526,
    "incomeTaxExpense": 244000000,
    "netIncome": 410000000,
    "netIncomeRatio": 0.1103931072,
    "eps": 0.49,
    "epsdiluted": 0.48,
    "weightedAverageShsOut": 833212000,
    "weightedAverageShsOutDil": 846154000,
    "link": "https://www.sec.gov/Archives/edgar/data/66740/000006674097000006/0000066740-97-000006-index.html",
    "finalLink": "https://www.sec.gov/Archives/edgar/data/66740/"
  },
  {
    "date": "1996-12-31",
    "symbol": "MMM",
    "reportedCurrency": "USD",
    "cik": "0000066740",
    "fillingDate": "1997-03-11",
    "acceptedDate": "1997-03-11 00:00:00",
    "calendarYear": "1996",
    "period": "Q4",
    "revenue": 3623000000,
    "costOfRevenue": 2054000000,
    "grossProfit": 1569000000,
    "grossProfitRatio": 0.4330665195,
    "researchAndDevelopmentExpenses": 0,
    "generalAndAdministrativeExpenses": 0,
    "sellingAndMarketingExpenses": 0,
    "sellingGeneralAndAdministrativeExpenses": 940000000,
    "otherExpenses": 0,
    "operatingExpenses": 940000000,
    "costAndExpenses": 2994000000,
    "interestIncome": 0,
    "interestExpense": 0,
    "depreciationAndAmortization": 224000000,
    "ebitda": 853000000,
    "ebitdaratio": 0.2354402429,
    "operatingIncome": 629000000,
    "operatingIncomeRatio": 0.1736130279,
    "totalOtherIncomeExpensesNet": -38000000,
    "incomeBeforeTax": 591000000,
    "incomeBeforeTaxRatio": 0.1631244825,
    "incomeTaxExpense": 216000000,
    "netIncome": 385000000,
    "netIncomeRatio": 0.1062655258,
    "eps": 0.46,
    "epsdiluted": 0.46,
    "weightedAverageShsOut": 833212000,
    "weightedAverageShsOutDil": 833212000,
    "link": "https://www.sec.gov/Archives/edgar/data/66740/000006674097000003/0000066740-97-000003-index.html",
    "finalLink": "https://www.sec.gov/Archives/edgar/data/66740/"
  },
  {
    "date": "1996-09-30",
    "symbol": "MMM",
    "reportedCurrency": "USD",
    "cik": "0000066740",
    "fillingDate": "1996-10-25",
    "acceptedDate": "1996-10-25 00:00:00",
    "calendarYear": "1996",
    "period": "Q3",
    "revenue": 3623000000,
    "costOfRevenue": 2069000000,
    "grossProfit": 1554000000,
    "grossProfitRatio": 0.4289263042,
    "researchAndDevelopmentExpenses": 0,
    "generalAndAdministrativeExpenses": 0,
    "sellingAndMarketingExpenses": 0,
    "sellingGeneralAndAdministrativeExpenses": 916000000,
    "otherExpenses": 0,
    "operatingExpenses": 916000000,
    "costAndExpenses": 2985000000,
    "interestIncome": 0,
    "interestExpense": 0,
    "depreciationAndAmortization": 219000000,
    "ebitda": 857000000,
    "ebitdaratio": 0.2365443003,
    "operatingIncome": 638000000,
    "operatingIncomeRatio": 0.1760971571,
    "totalOtherIncomeExpensesNet": -19000000,
    "incomeBeforeTax": 619000000,
    "incomeBeforeTaxRatio": 0.1708528843,
    "incomeTaxExpense": 221000000,
    "netIncome": 398000000,
    "netIncomeRatio": 0.1098537124,
    "eps": 0.48,
    "epsdiluted": 0.47,
    "weightedAverageShsOut": 836658000,
    "weightedAverageShsOutDil": 852088000,
    "link": "https://www.sec.gov/Archives/edgar/data/66740/000006674096000014/0000066740-96-000014-index.html",
    "finalLink": "https://www.sec.gov/Archives/edgar/data/66740/"
  },
  {
    "date": "1996-06-30",
    "symbol": "MMM",
    "reportedCurrency": "USD",
    "cik": "0000066740",
    "fillingDate": "1996-07-29",
    "acceptedDate": "1996-07-29 00:00:00",
    "calendarYear": "1996",
    "period": "Q2",
    "revenue": 3522000000,
    "costOfRevenue": 1986000000,
    "grossProfit": 1536000000,
    "grossProfitRatio": 0.4361158433,
    "researchAndDevelopmentExpenses": 0,
    "generalAndAdministrativeExpenses": 0,
    "sellingAndMarketingExpenses": 0,
    "sellingGeneralAndAdministrativeExpenses": 908000000,
    "otherExpenses": 0,
    "operatingExpenses": 908000000,
    "costAndExpenses": 2894000000,
    "interestIncome": 0,
    "interestExpense": 0,
    "depreciationAndAmortization": 223000000,
    "ebitda": 851000000,
    "ebitdaratio": 0.2416240772,
    "operatingIncome": 628000000,
    "operatingIncomeRatio": 0.1783077797,
    "totalOtherIncomeExpensesNet": -16000000,
    "incomeBeforeTax": 612000000,
    "incomeBeforeTaxRatio": 0.1737649063,
    "incomeTaxExpense": 231000000,
    "netIncome": 381000000,
    "netIncomeRatio": 0.1081771721,
    "eps": 0.45,
    "epsdiluted": 0.45,
    "weightedAverageShsOut": 837716000,
    "weightedAverageShsOutDil": 851150000,
    "link": "https://www.sec.gov/Archives/edgar/data/66740/000006674096000012/0000066740-96-000012-index.html",
    "finalLink": "https://www.sec.gov/Archives/edgar/data/66740/"
  },
  {
    "date": "1996-03-31",
    "symbol": "MMM",
    "reportedCurrency": "USD",
    "cik": "0000066740",
    "fillingDate": "1996-05-09",
    "acceptedDate": "1996-05-09 00:00:00",
    "calendarYear": "1996",
    "period": "Q1",
    "revenue": 3468000000,
    "costOfRevenue": 1990000000,
    "grossProfit": 1478000000,
    "grossProfitRatio": 0.4261822376,
    "researchAndDevelopmentExpenses": 0,
    "generalAndAdministrativeExpenses": 0,
    "sellingAndMarketingExpenses": 0,
    "sellingGeneralAndAdministrativeExpenses": 882000000,
    "otherExpenses": 0,
    "operatingExpenses": 882000000,
    "costAndExpenses": 2872000000,
    "interestIncome": 0,
    "interestExpense": 0,
    "depreciationAndAmortization": 217000000,
    "ebitda": 813000000,
    "ebitdaratio": 0.2344290657,
    "operatingIncome": 596000000,
    "operatingIncomeRatio": 0.1718569781,
    "totalOtherIncomeExpensesNet": -16000000,
    "incomeBeforeTax": 580000000,
    "incomeBeforeTaxRatio": 0.1672433679,
    "incomeTaxExpense": 218000000,
    "netIncome": 362000000,
    "netIncomeRatio": 0.1043829296,
    "eps": 0.43,
    "epsdiluted": 0.43,
    "weightedAverageShsOut": 837090000,
    "weightedAverageShsOutDil": 849256000,
    "link": "https://www.sec.gov/Archives/edgar/data/66740/000006674096000010/0000066740-96-000010-index.html",
    "finalLink": "https://www.sec.gov/Archives/edgar/data/66740/"
  },
  {
    "date": "1995-12-31",
    "symbol": "MMM",
    "reportedCurrency": "USD",
    "cik": "0000066740",
    "fillingDate": "1996-03-11",
    "acceptedDate": "1996-03-11 00:00:00",
    "calendarYear": "1995",
    "period": "Q4",
    "revenue": 1169000000,
    "costOfRevenue": 335000000,
    "grossProfit": 834000000,
    "grossProfitRatio": 0.7134302823,
    "researchAndDevelopmentExpenses": 0,
    "generalAndAdministrativeExpenses": 0,
    "sellingAndMarketingExpenses": 0,
    "sellingGeneralAndAdministrativeExpenses": 355000000,
    "otherExpenses": 0,
    "operatingExpenses": 355000000,
    "costAndExpenses": 690000000,
    "interestIncome": 0,
    "interestExpense": 0,
    "depreciationAndAmortization": 32000000,
    "ebitda": 432000000,
    "ebitdaratio": 0.369546621,
    "operatingIncome": 400000000,
    "operatingIncomeRatio": 0.3421727973,
    "totalOtherIncomeExpensesNet": -28000000,
    "incomeBeforeTax": 372000000,
    "incomeBeforeTaxRatio": 0.3182207015,
    "incomeTaxExpense": 139000000,
    "netIncome": -97000000,
    "netIncomeRatio": -0.0829769033,
    "eps": -0.12,
    "epsdiluted": -0.12,
    "weightedAverageShsOut": 837090000,
    "weightedAverageShsOutDil": 837090000,
    "link": "https://www.sec.gov/Archives/edgar/data/66740/000006674096000005/0000066740-96-000005-index.html",
    "finalLink": "https://www.sec.gov/Archives/edgar/data/66740/"
  },
  {
    "date": "1995-09-30",
    "symbol": "MMM",
    "reportedCurrency": "USD",
    "cik": "0000066740",
    "fillingDate": "1995-11-13",
    "acceptedDate": "1995-11-13 00:00:00",
    "calendarYear": "1995",
    "period": "Q3",
    "revenue": 4069000000,
    "costOfRevenue": 2474000000,
    "grossProfit": 1595000000,
    "grossProfitRatio": 0.3919882035,
    "researchAndDevelopmentExpenses": 0,
    "generalAndAdministrativeExpenses": 0,
    "sellingAndMarketingExpenses": 0,
    "sellingGeneralAndAdministrativeExpenses": 1009000000,
    "otherExpenses": 0,
    "operatingExpenses": 1009000000,
    "costAndExpenses": 3483000000,
    "interestIncome": 0,
    "interestExpense": 0,
    "depreciationAndAmortization": 273000000,
    "ebitda": 859000000,
    "ebitdaratio": 0.2111083804,
    "operatingIncome": 586000000,
    "operatingIncomeRatio": 0.1440157287,
    "totalOtherIncomeExpensesNet": -37000000,
    "incomeBeforeTax": 547000000,
    "incomeBeforeTaxRatio": 0.1344310641,
    "incomeTaxExpense": 203000000,
    "netIncome": 344000000,
    "netIncomeRatio": 0.0845416564,
    "eps": 0.41,
    "epsdiluted": 0.41,
    "weightedAverageShsOut": 839846000,
    "weightedAverageShsOutDil": 847662000,
    "link": "https://www.sec.gov/Archives/edgar/data/66740/000006674095000017/0000066740-95-000017-index.html",
    "finalLink": "https://www.sec.gov/Archives/edgar/data/66740/"
  }
]