[
  {
    "date": "2025-06-30",
    "symbol": "MNST",
    "reportedCurrency": "USD",
    "cik": "0000865752",
    "fillingDate": "2025-08-08",
    "acceptedDate": "2025-08-07 20:04:18",
    "calendarYear": "2025",
    "period": "Q2",
    "revenue": 2111593000,
    "costOfRevenue": 935180000,
    "grossProfit": 1176413000,
    "grossProfitRatio": 0.5571210929,
    "researchAndDevelopmentExpenses": 0,
    "generalAndAdministrativeExpenses": 0,
    "sellingAndMarketingExpenses": 0,
    "sellingGeneralAndAdministrativeExpenses": 0,
    "otherExpenses": 544791000,
    "operatingExpenses": 544791000,
    "costAndExpenses": 1479971000,
    "interestIncome": 18100000,
    "interestExpense": 1800000,
    "depreciationAndAmortization": 27557000,
    "ebitda": 676044000,
    "ebitdaratio": 0.3201582881,
    "operatingIncome": 631622000,
    "operatingIncomeRatio": 0.2991210901,
    "totalOtherIncomeExpensesNet": 15065000,
    "incomeBeforeTax": 646687000,
    "incomeBeforeTaxRatio": 0.3062555142,
    "incomeTaxExpense": 157893000,
    "netIncome": 488794000,
    "netIncomeRatio": 0.2314811614,
    "eps": 0.5,
    "epsdiluted": 0.5,
    "weightedAverageShsOut": 975749000,
    "weightedAverageShsOutDil": 983997000,
    "link": "https://www.sec.gov/Archives/edgar/data/865752/000141057825001620/0001410578-25-001620-index.htm",
    "finalLink": "https://www.sec.gov/Archives/edgar/data/865752/000141057825001620/mnst-20250630x10q.htm"
  },
  {
    "date": "2025-03-31",
    "symbol": "MNST",
    "reportedCurrency": "USD",
    "cik": "0000865752",
    "fillingDate": "2025-05-09",
    "acceptedDate": "2025-05-08 21:04:07",
    "calendarYear": "2025",
    "period": "Q1",
    "revenue": 1854558000,
    "costOfRevenue": 806596000,
    "grossProfit": 1047962000,
    "grossProfitRatio": 0.5650737265,
    "researchAndDevelopmentExpenses": 0,
    "generalAndAdministrativeExpenses": 0,
    "sellingAndMarketingExpenses": 0,
    "sellingGeneralAndAdministrativeExpenses": 0,
    "otherExpenses": 478217000,
    "operatingExpenses": 478217000,
    "costAndExpenses": 1284813000,
    "interestIncome": 16800000,
    "interestExpense": 4000000,
    "depreciationAndAmortization": 24848000,
    "ebitda": 606865000,
    "ebitdaratio": 0.3272289138,
    "operatingIncome": 569745000,
    "operatingIncomeRatio": 0.307213363,
    "totalOtherIncomeExpensesNet": 8272000,
    "incomeBeforeTax": 578017000,
    "incomeBeforeTaxRatio": 0.311673725,
    "incomeTaxExpense": 135024000,
    "netIncome": 442993000,
    "netIncomeRatio": 0.2388671586,
    "eps": 0.46,
    "epsdiluted": 0.45,
    "weightedAverageShsOut": 973622000,
    "weightedAverageShsOutDil": 981282000,
    "link": "https://www.sec.gov/Archives/edgar/data/865752/000141057825001122/0001410578-25-001122-index.htm",
    "finalLink": "https://www.sec.gov/Archives/edgar/data/865752/000141057825001122/mnst-20250331x10q.htm"
  },
  {
    "date": "2024-12-31",
    "symbol": "MNST",
    "reportedCurrency": "USD",
    "cik": "0000865752",
    "fillingDate": "2025-02-28",
    "acceptedDate": "2025-02-28 17:19:05",
    "calendarYear": "2024",
    "period": "Q4",
    "revenue": 1812041000,
    "costOfRevenue": 809596000,
    "grossProfit": 1002445000,
    "grossProfitRatio": 0.5532131999,
    "researchAndDevelopmentExpenses": 0,
    "generalAndAdministrativeExpenses": -285879000,
    "sellingAndMarketingExpenses": 780000000,
    "sellingGeneralAndAdministrativeExpenses": 494121000,
    "otherExpenses": 127100000,
    "operatingExpenses": 621221000,
    "costAndExpenses": 1430817000,
    "interestIncome": 17500000,
    "interestExpense": 10400000,
    "depreciationAndAmortization": 20612000,
    "ebitda": 401836000,
    "ebitdaratio": 0.2217587792,
    "operatingIncome": 381224000,
    "operatingIncomeRatio": 0.2103837606,
    "totalOtherIncomeExpensesNet": 4854000,
    "incomeBeforeTax": 386078000,
    "incomeBeforeTaxRatio": 0.213062508,
    "incomeTaxExpense": 115367000,
    "netIncome": 270711000,
    "netIncomeRatio": 0.1493956263,
    "eps": 0.28,
    "epsdiluted": 0.28,
    "weightedAverageShsOut": 972742000,
    "weightedAverageShsOutDil": 980942000,
    "link": "https://www.sec.gov/Archives/edgar/data/865752/000141057825000248/0001410578-25-000248-index.htm",
    "finalLink": "https://www.sec.gov/Archives/edgar/data/865752/000141057825000248/mnst-20241231x10k.htm"
  },
  {
    "date": "2024-09-30",
    "symbol": "MNST",
    "reportedCurrency": "USD",
    "cik": "0000865752",
    "fillingDate": "2024-11-08",
    "acceptedDate": "2024-11-07 20:57:56",
    "calendarYear": "2024",
    "period": "Q3",
    "revenue": 1880973000,
    "costOfRevenue": 881174000,
    "grossProfit": 999799000,
    "grossProfitRatio": 0.5315328822,
    "researchAndDevelopmentExpenses": 0,
    "generalAndAdministrativeExpenses": 509983000,
    "sellingAndMarketingExpenses": 9900000,
    "sellingGeneralAndAdministrativeExpenses": 519883000,
    "otherExpenses": 0,
    "operatingExpenses": 519883000,
    "costAndExpenses": 1401057000,
    "interestIncome": 18100000,
    "interestExpense": 12500000,
    "depreciationAndAmortization": 19909000,
    "ebitda": 499825000,
    "ebitdaratio": 0.2657268339,
    "operatingIncome": 479916000,
    "operatingIncomeRatio": 0.2551424183,
    "totalOtherIncomeExpensesNet": -5820000,
    "incomeBeforeTax": 474096000,
    "incomeBeforeTaxRatio": 0.252048275,
    "incomeTaxExpense": 103177000,
    "netIncome": 370919000,
    "netIncomeRatio": 0.1971952814,
    "eps": 0.38,
    "epsdiluted": 0.38,
    "weightedAverageShsOut": 975841000,
    "weightedAverageShsOutDil": 983171000,
    "link": "https://www.sec.gov/Archives/edgar/data/865752/000141057824001818/0001410578-24-001818-index.htm",
    "finalLink": "https://www.sec.gov/Archives/edgar/data/865752/000141057824001818/mnst-20240930x10q.htm"
  },
  {
    "date": "2024-06-30",
    "symbol": "MNST",
    "reportedCurrency": "USD",
    "cik": "0000865752",
    "fillingDate": "2024-08-08",
    "acceptedDate": "2024-08-08 16:38:31",
    "calendarYear": "2024",
    "period": "Q2",
    "revenue": 1900597000,
    "costOfRevenue": 881091000,
    "grossProfit": 1019506000,
    "grossProfitRatio": 0.5364135585,
    "researchAndDevelopmentExpenses": 0,
    "generalAndAdministrativeExpenses": 0,
    "sellingAndMarketingExpenses": 0,
    "sellingGeneralAndAdministrativeExpenses": 0,
    "otherExpenses": 492343000,
    "operatingExpenses": 492343000,
    "costAndExpenses": 1373434000,
    "interestIncome": 38200000,
    "interestExpense": 4900000,
    "depreciationAndAmortization": 19438000,
    "ebitda": 546601000,
    "ebitdaratio": 0.2875943717,
    "operatingIncome": 527163000,
    "operatingIncomeRatio": 0.2773670589,
    "totalOtherIncomeExpensesNet": 24376000,
    "incomeBeforeTax": 551539000,
    "incomeBeforeTaxRatio": 0.2901925027,
    "incomeTaxExpense": 126170000,
    "netIncome": 425369000,
    "netIncomeRatio": 0.2238080982,
    "eps": 0.41,
    "epsdiluted": 0.41,
    "weightedAverageShsOut": 1029268000,
    "weightedAverageShsOutDil": 1037377999,
    "link": "https://www.sec.gov/Archives/edgar/data/865752/000141057824001239/0001410578-24-001239-index.htm",
    "finalLink": "https://www.sec.gov/Archives/edgar/data/865752/000141057824001239/mnst-20240630x10q.htm"
  },
  {
    "date": "2024-03-31",
    "symbol": "MNST",
    "reportedCurrency": "USD",
    "cik": "0000865752",
    "fillingDate": "2024-05-07",
    "acceptedDate": "2024-05-07 15:24:10",
    "calendarYear": "2024",
    "period": "Q1",
    "revenue": 1899098000,
    "costOfRevenue": 871969000,
    "grossProfit": 1027129000,
    "grossProfitRatio": 0.5408509724,
    "researchAndDevelopmentExpenses": 0,
    "generalAndAdministrativeExpenses": 0,
    "sellingAndMarketingExpenses": 0,
    "sellingGeneralAndAdministrativeExpenses": 0,
    "otherExpenses": 485138000,
    "operatingExpenses": 485138000,
    "costAndExpenses": 1357107000,
    "interestIncome": 41200000,
    "interestExpense": 0,
    "depreciationAndAmortization": 20475000,
    "ebitda": 598320000,
    "ebitdaratio": 0.3150548313,
    "operatingIncome": 541991000,
    "operatingIncomeRatio": 0.2853939081,
    "totalOtherIncomeExpensesNet": 35754000,
    "incomeBeforeTax": 577745000,
    "incomeBeforeTaxRatio": 0.3042207406,
    "incomeTaxExpense": 135696000,
    "netIncome": 442049000,
    "netIncomeRatio": 0.2327678719,
    "eps": 0.42,
    "epsdiluted": 0.42,
    "weightedAverageShsOut": 1041080999,
    "weightedAverageShsOutDil": 1051281999,
    "link": "https://www.sec.gov/Archives/edgar/data/865752/000141057824000605/0001410578-24-000605-index.htm",
    "finalLink": "https://www.sec.gov/Archives/edgar/data/865752/000141057824000605/mnst-20240331x10q.htm"
  },
  {
    "date": "2023-12-31",
    "symbol": "MNST",
    "reportedCurrency": "USD",
    "cik": "0000865752",
    "fillingDate": "2024-02-29",
    "acceptedDate": "2024-02-29 16:55:57",
    "calendarYear": "2023",
    "period": "Q4",
    "revenue": 1730108000,
    "costOfRevenue": 791735000,
    "grossProfit": 938373000,
    "grossProfitRatio": 0.5423782793,
    "researchAndDevelopmentExpenses": 0,
    "generalAndAdministrativeExpenses": -245986000,
    "sellingAndMarketingExpenses": 726800000,
    "sellingGeneralAndAdministrativeExpenses": 480814000,
    "otherExpenses": 23600000,
    "operatingExpenses": 504414000,
    "costAndExpenses": 1296149000,
    "interestIncome": 37900000,
    "interestExpense": 0,
    "depreciationAndAmortization": 18534000,
    "ebitda": 452493000,
    "ebitdaratio": 0.26154032,
    "operatingIncome": 433959000,
    "operatingIncomeRatio": 0.250827694,
    "totalOtherIncomeExpensesNet": 16117000,
    "incomeBeforeTax": 450076000,
    "incomeBeforeTaxRatio": 0.2601432974,
    "incomeTaxExpense": 83097000,
    "netIncome": 366979000,
    "netIncomeRatio": 0.2121133478,
    "eps": 0.35,
    "epsdiluted": 0.35,
    "weightedAverageShsOut": 1040584000,
    "weightedAverageShsOutDil": 1052524000,
    "link": "https://www.sec.gov/Archives/edgar/data/865752/000110465924029425/0001104659-24-029425-index.htm",
    "finalLink": "https://www.sec.gov/Archives/edgar/data/865752/000110465924029425/mnst-20231231x10k.htm"
  },
  {
    "date": "2023-09-30",
    "symbol": "MNST",
    "reportedCurrency": "USD",
    "cik": "0000865752",
    "fillingDate": "2023-11-06",
    "acceptedDate": "2023-11-06 16:46:23",
    "calendarYear": "2023",
    "period": "Q3",
    "revenue": 1856028000,
    "costOfRevenue": 872265000,
    "grossProfit": 983763000,
    "grossProfitRatio": 0.5300367236,
    "researchAndDevelopmentExpenses": 0,
    "generalAndAdministrativeExpenses": 456436000,
    "sellingAndMarketingExpenses": 8800000,
    "sellingGeneralAndAdministrativeExpenses": 465236000,
    "otherExpenses": 8000000,
    "operatingExpenses": 473236000,
    "costAndExpenses": 1345501000,
    "interestIncome": 39300000,
    "interestExpense": 0,
    "depreciationAndAmortization": 17980000,
    "ebitda": 528507000,
    "ebitdaratio": 0.2847516309,
    "operatingIncome": 510527000,
    "operatingIncomeRatio": 0.275064277,
    "totalOtherIncomeExpensesNet": 71357000,
    "incomeBeforeTax": 581884000,
    "incomeBeforeTaxRatio": 0.3135103565,
    "incomeTaxExpense": 129190000,
    "netIncome": 452694000,
    "netIncomeRatio": 0.2439047256,
    "eps": 0.43,
    "epsdiluted": 0.43,
    "weightedAverageShsOut": 1047015000,
    "weightedAverageShsOutDil": 1059966000,
    "link": "https://www.sec.gov/Archives/edgar/data/865752/000110465923114789/0001104659-23-114789-index.htm",
    "finalLink": "https://www.sec.gov/Archives/edgar/data/865752/000110465923114789/mnst-20230930x10q.htm"
  },
  {
    "date": "2023-06-30",
    "symbol": "MNST",
    "reportedCurrency": "USD",
    "cik": "0000865752",
    "fillingDate": "2023-08-04",
    "acceptedDate": "2023-08-04 17:24:00",
    "calendarYear": "2023",
    "period": "Q2",
    "revenue": 1854961000,
    "costOfRevenue": 880739000,
    "grossProfit": 974222000,
    "grossProfitRatio": 0.5251981039,
    "researchAndDevelopmentExpenses": 0,
    "generalAndAdministrativeExpenses": 0,
    "sellingAndMarketingExpenses": 0,
    "sellingGeneralAndAdministrativeExpenses": 0,
    "otherExpenses": 450417000,
    "operatingExpenses": 450417000,
    "costAndExpenses": 1331156000,
    "interestIncome": 29400000,
    "interestExpense": 0,
    "depreciationAndAmortization": 15576000,
    "ebitda": 539381000,
    "ebitdaratio": 0.290777542,
    "operatingIncome": 523805000,
    "operatingIncomeRatio": 0.2823805999,
    "totalOtherIncomeExpensesNet": 15159000,
    "incomeBeforeTax": 538964000,
    "incomeBeforeTaxRatio": 0.2905527394,
    "incomeTaxExpense": 125093000,
    "netIncome": 413871000,
    "netIncomeRatio": 0.2231157421,
    "eps": 0.4,
    "epsdiluted": 0.39,
    "weightedAverageShsOut": 1047065000,
    "weightedAverageShsOutDil": 1060093000,
    "link": "https://www.sec.gov/Archives/edgar/data/865752/000110465923087927/0001104659-23-087927-index.htm",
    "finalLink": "https://www.sec.gov/Archives/edgar/data/865752/000110465923087927/mnst-20230630x10q.htm"
  },
  {
    "date": "2023-03-31",
    "symbol": "MNST",
    "reportedCurrency": "USD",
    "cik": "0000865752",
    "fillingDate": "2023-05-05",
    "acceptedDate": "2023-05-05 16:01:23",
    "calendarYear": "2023",
    "period": "Q1",
    "revenue": 1698930000,
    "costOfRevenue": 801081000,
    "grossProfit": 897849000,
    "grossProfitRatio": 0.5284791016,
    "researchAndDevelopmentExpenses": 0,
    "generalAndAdministrativeExpenses": 0,
    "sellingAndMarketingExpenses": 0,
    "sellingGeneralAndAdministrativeExpenses": 0,
    "otherExpenses": 412785000,
    "operatingExpenses": 412785000,
    "costAndExpenses": 1213866000,
    "interestIncome": 23500000,
    "interestExpense": 0,
    "depreciationAndAmortization": 16808000,
    "ebitda": 501872000,
    "ebitdaratio": 0.2954047548,
    "operatingIncome": 485064000,
    "operatingIncomeRatio": 0.285511469,
    "totalOtherIncomeExpensesNet": 12496000,
    "incomeBeforeTax": 497560000,
    "incomeBeforeTaxRatio": 0.2928666867,
    "incomeTaxExpense": 100116000,
    "netIncome": 397444000,
    "netIncomeRatio": 0.2339378315,
    "eps": 0.38,
    "epsdiluted": 0.38,
    "weightedAverageShsOut": 1044909000,
    "weightedAverageShsOutDil": 1059069000,
    "link": "https://www.sec.gov/Archives/edgar/data/865752/000110465923056507/0001104659-23-056507-index.htm",
    "finalLink": "https://www.sec.gov/Archives/edgar/data/865752/000110465923056507/mnst-20230331x10q.htm"
  },
  {
    "date": "2022-12-31",
    "symbol": "MNST",
    "reportedCurrency": "USD",
    "cik": "0000865752",
    "fillingDate": "2023-03-01",
    "acceptedDate": "2023-03-01 13:56:13",
    "calendarYear": "2022",
    "period": "Q4",
    "revenue": 1512931000,
    "costOfRevenue": 728616000,
    "grossProfit": 784315000,
    "grossProfitRatio": 0.5184076471,
    "researchAndDevelopmentExpenses": 0,
    "generalAndAdministrativeExpenses": 0,
    "sellingAndMarketingExpenses": 0,
    "sellingGeneralAndAdministrativeExpenses": 0,
    "otherExpenses": 389963000,
    "operatingExpenses": 389963000,
    "costAndExpenses": 1118579000,
    "interestIncome": 14900000,
    "interestExpense": 0,
    "depreciationAndAmortization": 15201000,
    "ebitda": 409553000,
    "ebitdaratio": 0.2707017042,
    "operatingIncome": 394352000,
    "operatingIncomeRatio": 0.2606543193,
    "totalOtherIncomeExpensesNet": -825000,
    "incomeBeforeTax": 393527000,
    "incomeBeforeTaxRatio": 0.2601090202,
    "incomeTaxExpense": 91853000,
    "netIncome": 301674000,
    "netIncomeRatio": 0.1993970644,
    "eps": 0.29,
    "epsdiluted": 0.29,
    "weightedAverageShsOut": 1044746000,
    "weightedAverageShsOutDil": 1058310000,
    "link": "https://www.sec.gov/Archives/edgar/data/865752/000110465923027245/0001104659-23-027245-index.htm",
    "finalLink": "https://www.sec.gov/Archives/edgar/data/865752/000110465923027245/mnst-20221231x10k.htm"
  },
  {
    "date": "2022-09-30",
    "symbol": "MNST",
    "reportedCurrency": "USD",
    "cik": "0000865752",
    "fillingDate": "2022-11-04",
    "acceptedDate": "2022-11-04 15:01:33",
    "calendarYear": "2022",
    "period": "Q3",
    "revenue": 1624286000,
    "costOfRevenue": 790561000,
    "grossProfit": 833725000,
    "grossProfitRatio": 0.5132870689,
    "researchAndDevelopmentExpenses": 0,
    "generalAndAdministrativeExpenses": 0,
    "sellingAndMarketingExpenses": 0,
    "sellingGeneralAndAdministrativeExpenses": 0,
    "otherExpenses": 415795000,
    "operatingExpenses": 415795000,
    "costAndExpenses": 1206356000,
    "interestIncome": 9600000,
    "interestExpense": 0,
    "depreciationAndAmortization": 15608000,
    "ebitda": 433538000,
    "ebitdaratio": 0.2669098915,
    "operatingIncome": 417930000,
    "operatingIncomeRatio": 0.2573007463,
    "totalOtherIncomeExpensesNet": 2149000,
    "incomeBeforeTax": 420079000,
    "incomeBeforeTaxRatio": 0.2586237892,
    "incomeTaxExpense": 97692000,
    "netIncome": 322387000,
    "netIncomeRatio": 0.1984792087,
    "eps": 0.31,
    "epsdiluted": 0.3,
    "weightedAverageShsOut": 1053594000,
    "weightedAverageShsOutDil": 1066600000,
    "link": "https://www.sec.gov/Archives/edgar/data/865752/000110465922114849/0001104659-22-114849-index.htm",
    "finalLink": "https://www.sec.gov/Archives/edgar/data/865752/000110465922114849/mnst-20220930x10q.htm"
  },
  {
    "date": "2022-06-30",
    "symbol": "MNST",
    "reportedCurrency": "USD",
    "cik": "0000865752",
    "fillingDate": "2022-08-05",
    "acceptedDate": "2022-08-05 16:44:49",
    "calendarYear": "2022",
    "period": "Q2",
    "revenue": 1655260000,
    "costOfRevenue": 875399000,
    "grossProfit": 779861000,
    "grossProfitRatio": 0.4711410896,
    "researchAndDevelopmentExpenses": 0,
    "generalAndAdministrativeExpenses": 0,
    "sellingAndMarketingExpenses": 0,
    "sellingGeneralAndAdministrativeExpenses": 0,
    "otherExpenses": 406910000,
    "operatingExpenses": 406910000,
    "costAndExpenses": 1282309000,
    "interestIncome": 3800000,
    "interestExpense": 0,
    "depreciationAndAmortization": 15833000,
    "ebitda": 388784000,
    "ebitdaratio": 0.2348779044,
    "operatingIncome": 372951000,
    "operatingIncomeRatio": 0.2253126397,
    "totalOtherIncomeExpensesNet": -6781000,
    "incomeBeforeTax": 366170000,
    "incomeBeforeTaxRatio": 0.2212160023,
    "incomeTaxExpense": 92810000,
    "netIncome": 273360000,
    "netIncomeRatio": 0.165146261,
    "eps": 0.26,
    "epsdiluted": 0.26,
    "weightedAverageShsOut": 1057233000,
    "weightedAverageShsOutDil": 1069622000,
    "link": "https://www.sec.gov/Archives/edgar/data/865752/000110465922086741/0001104659-22-086741-index.htm",
    "finalLink": "https://www.sec.gov/Archives/edgar/data/865752/000110465922086741/mnst-20220630x10q.htm"
  },
  {
    "date": "2022-03-31",
    "symbol": "MNST",
    "reportedCurrency": "USD",
    "cik": "0000865752",
    "fillingDate": "2022-05-06",
    "acceptedDate": "2022-05-06 16:45:53",
    "calendarYear": "2022",
    "period": "Q1",
    "revenue": 1518574000,
    "costOfRevenue": 741907000,
    "grossProfit": 776667000,
    "grossProfitRatio": 0.5114449477,
    "researchAndDevelopmentExpenses": 0,
    "generalAndAdministrativeExpenses": 0,
    "sellingAndMarketingExpenses": 0,
    "sellingGeneralAndAdministrativeExpenses": 0,
    "otherExpenses": 377178000,
    "operatingExpenses": 377178000,
    "costAndExpenses": 1119085000,
    "interestIncome": 1500000,
    "interestExpense": 0,
    "depreciationAndAmortization": 14599000,
    "ebitda": 414088000,
    "ebitdaratio": 0.2726821347,
    "operatingIncome": 399489000,
    "operatingIncomeRatio": 0.2630685103,
    "totalOtherIncomeExpensesNet": -7300000,
    "incomeBeforeTax": 392189000,
    "incomeBeforeTaxRatio": 0.2582613689,
    "incomeTaxExpense": 97986000,
    "netIncome": 294203000,
    "netIncomeRatio": 0.1937363606,
    "eps": 0.28,
    "epsdiluted": 0.27,
    "weightedAverageShsOut": 1058810000,
    "weightedAverageShsOutDil": 1071108000,
    "link": "https://www.sec.gov/Archives/edgar/data/865752/000110465922057028/0001104659-22-057028-index.htm",
    "finalLink": "https://www.sec.gov/Archives/edgar/data/865752/000110465922057028/mnst-20220331x10q.htm"
  },
  {
    "date": "2021-12-31",
    "symbol": "MNST",
    "reportedCurrency": "USD",
    "cik": "0000865752",
    "fillingDate": "2022-02-28",
    "acceptedDate": "2022-02-28 17:24:06",
    "calendarYear": "2021",
    "period": "Q4",
    "revenue": 1425044000,
    "costOfRevenue": 657464000,
    "grossProfit": 767580000,
    "grossProfitRatio": 0.538636,
    "researchAndDevelopmentExpenses": 0,
    "generalAndAdministrativeExpenses": 0,
    "sellingAndMarketingExpenses": 0,
    "sellingGeneralAndAdministrativeExpenses": 0,
    "otherExpenses": 354700000,
    "operatingExpenses": 354700000,
    "costAndExpenses": 1012164000,
    "interestIncome": 1100000,
    "interestExpense": 0,
    "depreciationAndAmortization": 9439000,
    "ebitda": 422319000,
    "ebitdaratio": 0.2963550599,
    "operatingIncome": 412880000,
    "operatingIncomeRatio": 0.2897314048,
    "totalOtherIncomeExpensesNet": 6131000,
    "incomeBeforeTax": 419011000,
    "incomeBeforeTaxRatio": 0.2940337281,
    "incomeTaxExpense": 97697000,
    "netIncome": 321314000,
    "netIncomeRatio": 0.2254765467,
    "eps": 0.3,
    "epsdiluted": 0.3,
    "weightedAverageShsOut": 1058386000,
    "weightedAverageShsOutDil": 1071494000,
    "link": "https://www.sec.gov/Archives/edgar/data/865752/000110465922028182/0001104659-22-028182-index.htm",
    "finalLink": "https://www.sec.gov/Archives/edgar/data/865752/000110465922028182/mnst-20211231x10k.htm"
  },
  {
    "date": "2021-09-30",
    "symbol": "MNST",
    "reportedCurrency": "USD",
    "cik": "0000865752",
    "fillingDate": "2021-11-05",
    "acceptedDate": "2021-11-05 17:19:24",
    "calendarYear": "2021",
    "period": "Q3",
    "revenue": 1410557000,
    "costOfRevenue": 621399000,
    "grossProfit": 789158000,
    "grossProfitRatio": 0.5594655161,
    "researchAndDevelopmentExpenses": 0,
    "generalAndAdministrativeExpenses": 0,
    "sellingAndMarketingExpenses": 0,
    "sellingGeneralAndAdministrativeExpenses": 0,
    "otherExpenses": 344694000,
    "operatingExpenses": 344694000,
    "costAndExpenses": 966093000,
    "interestIncome": 800000,
    "interestExpense": 0,
    "depreciationAndAmortization": 12355000,
    "ebitda": 456819000,
    "ebitdaratio": 0.3238571713,
    "operatingIncome": 444464000,
    "operatingIncomeRatio": 0.3150982201,
    "totalOtherIncomeExpensesNet": -2290000,
    "incomeBeforeTax": 442174000,
    "incomeBeforeTaxRatio": 0.3134747479,
    "incomeTaxExpense": 104969000,
    "netIncome": 337205000,
    "netIncomeRatio": 0.2390580459,
    "eps": 0.32,
    "epsdiluted": 0.32,
    "weightedAverageShsOut": 1057994000,
    "weightedAverageShsOutDil": 1071830000,
    "link": "https://www.sec.gov/Archives/edgar/data/865752/000110465921135130/0001104659-21-135130-index.htm",
    "finalLink": "https://www.sec.gov/Archives/edgar/data/865752/000110465921135130/mnst-20210930x10q.htm"
  },
  {
    "date": "2021-06-30",
    "symbol": "MNST",
    "reportedCurrency": "USD",
    "cik": "0000865752",
    "fillingDate": "2021-08-09",
    "acceptedDate": "2021-08-06 17:33:13",
    "calendarYear": "2021",
    "period": "Q2",
    "revenue": 1461934000,
    "costOfRevenue": 625096000,
    "grossProfit": 836838000,
    "grossProfitRatio": 0.5724184539,
    "researchAndDevelopmentExpenses": 0,
    "generalAndAdministrativeExpenses": 0,
    "sellingAndMarketingExpenses": 0,
    "sellingGeneralAndAdministrativeExpenses": 0,
    "otherExpenses": 310863000,
    "operatingExpenses": 310863000,
    "costAndExpenses": 935959000,
    "interestIncome": 1100000,
    "interestExpense": 0,
    "depreciationAndAmortization": 12674000,
    "ebitda": 538649000,
    "ebitdaratio": 0.3684496017,
    "operatingIncome": 525975000,
    "operatingIncomeRatio": 0.3597802637,
    "totalOtherIncomeExpensesNet": 872000,
    "incomeBeforeTax": 526847000,
    "incomeBeforeTaxRatio": 0.3603767338,
    "incomeTaxExpense": 123085000,
    "netIncome": 403762000,
    "netIncomeRatio": 0.2761834666,
    "eps": 0.38,
    "epsdiluted": 0.38,
    "weightedAverageShsOut": 1057306000,
    "weightedAverageShsOutDil": 1071114000,
    "link": "https://www.sec.gov/Archives/edgar/data/865752/000110465921101583/0001104659-21-101583-index.htm",
    "finalLink": "https://www.sec.gov/Archives/edgar/data/865752/000110465921101583/mnst-20210630x10q.htm"
  },
  {
    "date": "2021-03-31",
    "symbol": "MNST",
    "reportedCurrency": "USD",
    "cik": "0000865752",
    "fillingDate": "2021-05-07",
    "acceptedDate": "2021-05-07 17:21:00",
    "calendarYear": "2021",
    "period": "Q1",
    "revenue": 1243816000,
    "costOfRevenue": 528881000,
    "grossProfit": 714935000,
    "grossProfitRatio": 0.574791609,
    "researchAndDevelopmentExpenses": 0,
    "generalAndAdministrativeExpenses": 0,
    "sellingAndMarketingExpenses": 0,
    "sellingGeneralAndAdministrativeExpenses": 0,
    "otherExpenses": 300789000,
    "operatingExpenses": 300789000,
    "costAndExpenses": 829670000,
    "interestIncome": 1100000,
    "interestExpense": 0,
    "depreciationAndAmortization": 12825000,
    "ebitda": 426971000,
    "ebitdaratio": 0.3432750503,
    "operatingIncome": 414146000,
    "operatingIncomeRatio": 0.3329640397,
    "totalOtherIncomeExpensesNet": -759000,
    "incomeBeforeTax": 413387000,
    "incomeBeforeTaxRatio": 0.3323538208,
    "incomeTaxExpense": 98193000,
    "netIncome": 315194000,
    "netIncomeRatio": 0.2534088643,
    "eps": 0.3,
    "epsdiluted": 0.3,
    "weightedAverageShsOut": 1056390000,
    "weightedAverageShsOutDil": 1069964000,
    "link": "https://www.sec.gov/Archives/edgar/data/865752/000110465921063189/0001104659-21-063189-index.htm",
    "finalLink": "https://www.sec.gov/Archives/edgar/data/865752/000110465921063189/mnst-20210331x10q.htm"
  },
  {
    "date": "2020-12-31",
    "symbol": "MNST",
    "reportedCurrency": "USD",
    "cik": "0000865752",
    "fillingDate": "2021-03-01",
    "acceptedDate": "2021-03-01 15:46:40",
    "calendarYear": "2020",
    "period": "Q4",
    "revenue": 1196283000,
    "costOfRevenue": 505598000,
    "grossProfit": 690685000,
    "grossProfitRatio": 0.5773592035,
    "researchAndDevelopmentExpenses": 0,
    "generalAndAdministrativeExpenses": 0,
    "sellingAndMarketingExpenses": 0,
    "sellingGeneralAndAdministrativeExpenses": 0,
    "otherExpenses": 288384000,
    "operatingExpenses": 288384000,
    "costAndExpenses": 793982000,
    "interestIncome": 1200000,
    "interestExpense": 0,
    "depreciationAndAmortization": 15094000,
    "ebitda": 417395000,
    "ebitdaratio": 0.3489099151,
    "operatingIncome": 402301000,
    "operatingIncomeRatio": 0.3362924994,
    "totalOtherIncomeExpensesNet": -1505000,
    "incomeBeforeTax": 400796000,
    "incomeBeforeTaxRatio": 0.3350344358,
    "incomeTaxExpense": -70940000,
    "netIncome": 471736000,
    "netIncomeRatio": 0.3943347853,
    "eps": 0.45,
    "epsdiluted": 0.44,
    "weightedAverageShsOut": 1055972000,
    "weightedAverageShsOutDil": 1068398000,
    "link": "https://www.sec.gov/Archives/edgar/data/865752/000110465921029943/0001104659-21-029943-index.htm",
    "finalLink": "https://www.sec.gov/Archives/edgar/data/865752/000110465921029943/mnst-20201231x10k.htm"
  },
  {
    "date": "2020-09-30",
    "symbol": "MNST",
    "reportedCurrency": "USD",
    "cik": "0000865752",
    "fillingDate": "2020-11-06",
    "acceptedDate": "2020-11-06 17:29:38",
    "calendarYear": "2020",
    "period": "Q3",
    "revenue": 1246362000,
    "costOfRevenue": 509831000,
    "grossProfit": 736531000,
    "grossProfitRatio": 0.5909446854,
    "researchAndDevelopmentExpenses": 0,
    "generalAndAdministrativeExpenses": 0,
    "sellingAndMarketingExpenses": 0,
    "sellingGeneralAndAdministrativeExpenses": 0,
    "otherExpenses": 277930000,
    "operatingExpenses": 277930000,
    "costAndExpenses": 787761000,
    "interestIncome": 1500000,
    "interestExpense": 0,
    "depreciationAndAmortization": 13822000,
    "ebitda": 472423000,
    "ebitdaratio": 0.3790415626,
    "operatingIncome": 458601000,
    "operatingIncomeRatio": 0.3679516866,
    "totalOtherIncomeExpensesNet": -4568000,
    "incomeBeforeTax": 454033000,
    "incomeBeforeTaxRatio": 0.3642866198,
    "incomeTaxExpense": 106379000,
    "netIncome": 347654000,
    "netIncomeRatio": 0.2789350125,
    "eps": 0.33,
    "epsdiluted": 0.33,
    "weightedAverageShsOut": 1055274000,
    "weightedAverageShsOutDil": 1066526000,
    "link": "https://www.sec.gov/Archives/edgar/data/865752/000110465920122598/0001104659-20-122598-index.htm",
    "finalLink": "https://www.sec.gov/Archives/edgar/data/865752/000110465920122598/mnst-20200930x10q.htm"
  },
  {
    "date": "2020-06-30",
    "symbol": "MNST",
    "reportedCurrency": "USD",
    "cik": "0000865752",
    "fillingDate": "2020-08-06",
    "acceptedDate": "2020-08-06 15:17:30",
    "calendarYear": "2020",
    "period": "Q2",
    "revenue": 1093896000,
    "costOfRevenue": 434427000,
    "grossProfit": 659469000,
    "grossProfitRatio": 0.6028626122,
    "researchAndDevelopmentExpenses": 0,
    "generalAndAdministrativeExpenses": 0,
    "sellingAndMarketingExpenses": 0,
    "sellingGeneralAndAdministrativeExpenses": 0,
    "otherExpenses": 252205000,
    "operatingExpenses": 252205000,
    "costAndExpenses": 686632000,
    "interestIncome": 900000,
    "interestExpense": 0,
    "depreciationAndAmortization": 15511000,
    "ebitda": 422775000,
    "ebitdaratio": 0.3864855526,
    "operatingIncome": 407264000,
    "operatingIncomeRatio": 0.3723059596,
    "totalOtherIncomeExpensesNet": -1796000,
    "incomeBeforeTax": 405468000,
    "incomeBeforeTaxRatio": 0.3706641216,
    "incomeTaxExpense": 94099000,
    "netIncome": 311369000,
    "netIncomeRatio": 0.2846422329,
    "eps": 0.3,
    "epsdiluted": 0.3,
    "weightedAverageShsOut": 1053822000,
    "weightedAverageShsOutDil": 1062382000,
    "link": "https://www.sec.gov/Archives/edgar/data/865752/000110465920091376/0001104659-20-091376-index.htm",
    "finalLink": "https://www.sec.gov/Archives/edgar/data/865752/000110465920091376/mnst-20200630x10q.htm"
  },
  {
    "date": "2020-03-31",
    "symbol": "MNST",
    "reportedCurrency": "USD",
    "cik": "0000865752",
    "fillingDate": "2020-05-11",
    "acceptedDate": "2020-05-08 18:16:17",
    "calendarYear": "2020",
    "period": "Q1",
    "revenue": 1062097000,
    "costOfRevenue": 424901000,
    "grossProfit": 637196000,
    "grossProfitRatio": 0.5999414366,
    "researchAndDevelopmentExpenses": 0,
    "generalAndAdministrativeExpenses": 0,
    "sellingAndMarketingExpenses": 0,
    "sellingGeneralAndAdministrativeExpenses": 0,
    "otherExpenses": 272208000,
    "operatingExpenses": 272208000,
    "costAndExpenses": 697109000,
    "interestIncome": 4500000,
    "interestExpense": 0,
    "depreciationAndAmortization": 16546000,
    "ebitda": 381534000,
    "ebitdaratio": 0.3592270762,
    "operatingIncome": 364988000,
    "operatingIncomeRatio": 0.3436484615,
    "totalOtherIncomeExpensesNet": 872000,
    "incomeBeforeTax": 365860000,
    "incomeBeforeTaxRatio": 0.3444694788,
    "incomeTaxExpense": 87025000,
    "netIncome": 278835000,
    "netIncomeRatio": 0.2625325182,
    "eps": 0.26,
    "epsdiluted": 0.26,
    "weightedAverageShsOut": 1072122000,
    "weightedAverageShsOutDil": 1081036000,
    "link": "https://www.sec.gov/Archives/edgar/data/865752/000110465920058939/0001104659-20-058939-index.htm",
    "finalLink": "https://www.sec.gov/Archives/edgar/data/865752/000110465920058939/mnst-20200331x10q.htm"
  },
  {
    "date": "2019-12-31",
    "symbol": "MNST",
    "reportedCurrency": "USD",
    "cik": "0000865752",
    "fillingDate": "2020-02-28",
    "acceptedDate": "2020-02-28 17:05:10",
    "calendarYear": "2019",
    "period": "Q4",
    "revenue": 1017206000,
    "costOfRevenue": 406438000,
    "grossProfit": 610768000,
    "grossProfitRatio": 0.600436883,
    "researchAndDevelopmentExpenses": 0,
    "generalAndAdministrativeExpenses": 0,
    "sellingAndMarketingExpenses": 0,
    "sellingGeneralAndAdministrativeExpenses": 0,
    "otherExpenses": 293723000,
    "operatingExpenses": 293723000,
    "costAndExpenses": 700161000,
    "interestIncome": 4300000,
    "interestExpense": 0,
    "depreciationAndAmortization": 16971000,
    "ebitda": 334016000,
    "ebitdaratio": 0.3283661323,
    "operatingIncome": 317045000,
    "operatingIncomeRatio": 0.3116821961,
    "totalOtherIncomeExpensesNet": 4188000,
    "incomeBeforeTax": 321233000,
    "incomeBeforeTaxRatio": 0.3157993563,
    "incomeTaxExpense": 66279000,
    "netIncome": 254954000,
    "netIncomeRatio": 0.250641463,
    "eps": 0.24,
    "epsdiluted": 0.24,
    "weightedAverageShsOut": 1074806000,
    "weightedAverageShsOutDil": 1082490000,
    "link": "https://www.sec.gov/Archives/edgar/data/865752/000110465920027209/0001104659-20-027209-index.htm",
    "finalLink": "https://www.sec.gov/Archives/edgar/data/865752/000110465920027209/mnst-20191231x10kb9432b.htm"
  },
  {
    "date": "2019-09-30",
    "symbol": "MNST",
    "reportedCurrency": "USD",
    "cik": "0000865752",
    "fillingDate": "2019-11-08",
    "acceptedDate": "2019-11-07 20:03:21",
    "calendarYear": "2019",
    "period": "Q3",
    "revenue": 1133577000,
    "costOfRevenue": 460575000,
    "grossProfit": 673002000,
    "grossProfitRatio": 0.5936976491,
    "researchAndDevelopmentExpenses": 0,
    "generalAndAdministrativeExpenses": 0,
    "sellingAndMarketingExpenses": 0,
    "sellingGeneralAndAdministrativeExpenses": 0,
    "otherExpenses": 277559000,
    "operatingExpenses": 277559000,
    "costAndExpenses": 738134000,
    "interestIncome": 6100000,
    "interestExpense": 0,
    "depreciationAndAmortization": 15399000,
    "ebitda": 410842000,
    "ebitdaratio": 0.3624297247,
    "operatingIncome": 395443000,
    "operatingIncomeRatio": 0.3488452924,
    "totalOtherIncomeExpensesNet": 3121000,
    "incomeBeforeTax": 398564000,
    "incomeBeforeTaxRatio": 0.351598524,
    "incomeTaxExpense": 99641000,
    "netIncome": 298923000,
    "netIncomeRatio": 0.263698893,
    "eps": 0.28,
    "epsdiluted": 0.28,
    "weightedAverageShsOut": 1088938000,
    "weightedAverageShsOutDil": 1096844000,
    "link": "https://www.sec.gov/Archives/edgar/data/865752/000110465919061273/0001104659-19-061273-index.htm",
    "finalLink": "https://www.sec.gov/Archives/edgar/data/865752/000110465919061273/mnst-20190930x10qd1f63d.htm"
  },
  {
    "date": "2019-06-30",
    "symbol": "MNST",
    "reportedCurrency": "USD",
    "cik": "0000865752",
    "fillingDate": "2019-08-08",
    "acceptedDate": "2019-08-08 16:43:46",
    "calendarYear": "2019",
    "period": "Q2",
    "revenue": 1104045000,
    "costOfRevenue": 442762000,
    "grossProfit": 661283000,
    "grossProfitRatio": 0.5989638104,
    "researchAndDevelopmentExpenses": 0,
    "generalAndAdministrativeExpenses": 0,
    "sellingAndMarketingExpenses": 0,
    "sellingGeneralAndAdministrativeExpenses": 0,
    "otherExpenses": 282293000,
    "operatingExpenses": 282293000,
    "costAndExpenses": 725055000,
    "interestIncome": 4099999,
    "interestExpense": 0,
    "depreciationAndAmortization": 17574000,
    "ebitda": 396564000,
    "ebitdaratio": 0.3591918808,
    "operatingIncome": 378990000,
    "operatingIncomeRatio": 0.3432740513,
    "totalOtherIncomeExpensesNet": 2973000,
    "incomeBeforeTax": 381963000,
    "incomeBeforeTaxRatio": 0.3459668764,
    "incomeTaxExpense": 89490000,
    "netIncome": 292473000,
    "netIncomeRatio": 0.2649103977,
    "eps": 0.27,
    "epsdiluted": 0.27,
    "weightedAverageShsOut": 1088312000,
    "weightedAverageShsOutDil": 1096436000,
    "link": "https://www.sec.gov/Archives/edgar/data/865752/000141057819000733/0001410578-19-000733-index.htm",
    "finalLink": "https://www.sec.gov/Archives/edgar/data/865752/000141057819000733/mnst-20190630x10q.htm"
  },
  {
    "date": "2019-03-31",
    "symbol": "MNST",
    "reportedCurrency": "USD",
    "cik": "0000865752",
    "fillingDate": "2019-05-03",
    "acceptedDate": "2019-05-03 14:49:55",
    "calendarYear": "2019",
    "period": "Q1",
    "revenue": 945991000,
    "costOfRevenue": 372459000,
    "grossProfit": 573532000,
    "grossProfitRatio": 0.6062763811,
    "researchAndDevelopmentExpenses": 0,
    "generalAndAdministrativeExpenses": 0,
    "sellingAndMarketingExpenses": 0,
    "sellingGeneralAndAdministrativeExpenses": 0,
    "otherExpenses": 262071000,
    "operatingExpenses": 262071000,
    "costAndExpenses": 634530000,
    "interestIncome": 3000000,
    "interestExpense": 0,
    "depreciationAndAmortization": 14870000,
    "ebitda": 326331000,
    "ebitdaratio": 0.3449620557,
    "operatingIncome": 311461000,
    "operatingIncomeRatio": 0.3292430901,
    "totalOtherIncomeExpensesNet": 2742000,
    "incomeBeforeTax": 314203000,
    "incomeBeforeTaxRatio": 0.3321416377,
    "incomeTaxExpense": 52718000,
    "netIncome": 261485000,
    "netIncomeRatio": 0.2764138348,
    "eps": 0.24,
    "epsdiluted": 0.24,
    "weightedAverageShsOut": 1085536000,
    "weightedAverageShsOutDil": 1096546000,
    "link": "https://www.sec.gov/Archives/edgar/data/865752/000110465919026789/0001104659-19-026789-index.htm",
    "finalLink": "https://www.sec.gov/Archives/edgar/data/865752/000110465919026789/a19-7742_110q.htm"
  },
  {
    "date": "2018-12-31",
    "symbol": "MNST",
    "reportedCurrency": "USD",
    "cik": "0000865752",
    "fillingDate": "2019-02-28",
    "acceptedDate": "2019-02-28 16:47:15",
    "calendarYear": "2018",
    "period": "Q4",
    "revenue": 924230000,
    "costOfRevenue": 372028000,
    "grossProfit": 552202000,
    "grossProfitRatio": 0.5974724906,
    "researchAndDevelopmentExpenses": 0,
    "generalAndAdministrativeExpenses": 0,
    "sellingAndMarketingExpenses": 0,
    "sellingGeneralAndAdministrativeExpenses": 0,
    "otherExpenses": 245691000,
    "operatingExpenses": 245691000,
    "costAndExpenses": 617719000,
    "interestIncome": 4700000,
    "interestExpense": 0,
    "depreciationAndAmortization": 14510000,
    "ebitda": 321021000,
    "ebitdaratio": 0.3473388659,
    "operatingIncome": 306511000,
    "operatingIncomeRatio": 0.3316393106,
    "totalOtherIncomeExpensesNet": 4384000,
    "incomeBeforeTax": 310895000,
    "incomeBeforeTaxRatio": 0.3363827186,
    "incomeTaxExpense": 71788000,
    "netIncome": 239107000,
    "netIncomeRatio": 0.2587094122,
    "eps": 0.22,
    "epsdiluted": 0.22,
    "weightedAverageShsOut": 1100648000,
    "weightedAverageShsOutDil": 1113332000,
    "link": "https://www.sec.gov/Archives/edgar/data/865752/000110465919011581/0001104659-19-011581-index.htm",
    "finalLink": "https://www.sec.gov/Archives/edgar/data/865752/000110465919011581/a19-30117_110k.htm"
  },
  {
    "date": "2018-09-30",
    "symbol": "MNST",
    "reportedCurrency": "USD",
    "cik": "0000865752",
    "fillingDate": "2018-11-08",
    "acceptedDate": "2018-11-08 14:21:06",
    "calendarYear": "2018",
    "period": "Q3",
    "revenue": 1016160000,
    "costOfRevenue": 408501000,
    "grossProfit": 607659000,
    "grossProfitRatio": 0.5979953944,
    "researchAndDevelopmentExpenses": 0,
    "generalAndAdministrativeExpenses": 0,
    "sellingAndMarketingExpenses": 0,
    "sellingGeneralAndAdministrativeExpenses": 0,
    "otherExpenses": 268086000,
    "operatingExpenses": 268086000,
    "costAndExpenses": 676587000,
    "interestIncome": 3400000,
    "interestExpense": 0,
    "depreciationAndAmortization": 14284000,
    "ebitda": 353857000,
    "ebitdaratio": 0.3482296095,
    "operatingIncome": 339573000,
    "operatingIncomeRatio": 0.3341727681,
    "totalOtherIncomeExpensesNet": 2988000,
    "incomeBeforeTax": 342561000,
    "incomeBeforeTaxRatio": 0.3371132499,
    "incomeTaxExpense": 74828000,
    "netIncome": 267733000,
    "netIncomeRatio": 0.2634752401,
    "eps": 0.24,
    "epsdiluted": 0.24,
    "weightedAverageShsOut": 1105388000,
    "weightedAverageShsOutDil": 1119910000,
    "link": "https://www.sec.gov/Archives/edgar/data/865752/000110465918066941/0001104659-18-066941-index.htm",
    "finalLink": "https://www.sec.gov/Archives/edgar/data/865752/000110465918066941/a18-19036_110q.htm"
  },
  {
    "date": "2018-06-30",
    "symbol": "MNST",
    "reportedCurrency": "USD",
    "cik": "0000865752",
    "fillingDate": "2018-08-09",
    "acceptedDate": "2018-08-09 13:07:30",
    "calendarYear": "2018",
    "period": "Q2",
    "revenue": 1015873000,
    "costOfRevenue": 395615000,
    "grossProfit": 620258000,
    "grossProfitRatio": 0.6105664783,
    "researchAndDevelopmentExpenses": 0,
    "generalAndAdministrativeExpenses": 0,
    "sellingAndMarketingExpenses": 0,
    "sellingGeneralAndAdministrativeExpenses": 0,
    "otherExpenses": 262637000,
    "operatingExpenses": 262637000,
    "costAndExpenses": 658252000,
    "interestIncome": 2700000,
    "interestExpense": 0,
    "depreciationAndAmortization": 14194000,
    "ebitda": 371815000,
    "ebitdaratio": 0.3660053963,
    "operatingIncome": 357621000,
    "operatingIncomeRatio": 0.3520331774,
    "totalOtherIncomeExpensesNet": 476000,
    "incomeBeforeTax": 358097000,
    "incomeBeforeTaxRatio": 0.3525017399,
    "incomeTaxExpense": 87981000,
    "netIncome": 270116000,
    "netIncomeRatio": 0.2658954417,
    "eps": 0.24,
    "epsdiluted": 0.24,
    "weightedAverageShsOut": 1119734000,
    "weightedAverageShsOutDil": 1132704000,
    "link": "https://www.sec.gov/Archives/edgar/data/865752/000110465918050877/0001104659-18-050877-index.htm",
    "finalLink": "https://www.sec.gov/Archives/edgar/data/865752/000110465918050877/a18-14096_110q.htm"
  },
  {
    "date": "2018-03-31",
    "symbol": "MNST",
    "reportedCurrency": "USD",
    "cik": "0000865752",
    "fillingDate": "2018-05-10",
    "acceptedDate": "2018-05-10 12:16:42",
    "calendarYear": "2018",
    "period": "Q1",
    "revenue": 850921000,
    "costOfRevenue": 335664000,
    "grossProfit": 515257000,
    "grossProfitRatio": 0.6055285978,
    "researchAndDevelopmentExpenses": 0,
    "generalAndAdministrativeExpenses": 0,
    "sellingAndMarketingExpenses": 0,
    "sellingGeneralAndAdministrativeExpenses": 0,
    "otherExpenses": 235342000,
    "operatingExpenses": 235342000,
    "costAndExpenses": 571006000,
    "interestIncome": 3000000,
    "interestExpense": 0,
    "depreciationAndAmortization": 13991000,
    "ebitda": 293906000,
    "ebitdaratio": 0.3453975163,
    "operatingIncome": 279915000,
    "operatingIncomeRatio": 0.3289553319,
    "totalOtherIncomeExpensesNet": 1805000,
    "incomeBeforeTax": 281720000,
    "incomeBeforeTaxRatio": 0.3310765629,
    "incomeTaxExpense": 65670000,
    "netIncome": 216050000,
    "netIncomeRatio": 0.253901361,
    "eps": 0.19,
    "epsdiluted": 0.19,
    "weightedAverageShsOut": 1132000000,
    "weightedAverageShsOutDil": 1148258000,
    "link": "https://www.sec.gov/Archives/edgar/data/865752/000110465918032034/0001104659-18-032034-index.htm",
    "finalLink": "https://www.sec.gov/Archives/edgar/data/865752/000110465918032034/a18-8672_110q.htm"
  },
  {
    "date": "2017-12-31",
    "symbol": "MNST",
    "reportedCurrency": "USD",
    "cik": "0000865752",
    "fillingDate": "2018-03-01",
    "acceptedDate": "2018-03-01 15:20:56",
    "calendarYear": "2017",
    "period": "Q4",
    "revenue": 810355000,
    "costOfRevenue": 306745000,
    "grossProfit": 503610000,
    "grossProfitRatio": 0.6214683688,
    "researchAndDevelopmentExpenses": 0,
    "generalAndAdministrativeExpenses": 0,
    "sellingAndMarketingExpenses": 0,
    "sellingGeneralAndAdministrativeExpenses": 0,
    "otherExpenses": 236498000,
    "operatingExpenses": 236498000,
    "costAndExpenses": 543243000,
    "interestIncome": 1400000,
    "interestExpense": 0,
    "depreciationAndAmortization": 13783000,
    "ebitda": 280895000,
    "ebitdaratio": 0.3466320316,
    "operatingIncome": 267112000,
    "operatingIncomeRatio": 0.3296234366,
    "totalOtherIncomeExpensesNet": 733000,
    "incomeBeforeTax": 267845000,
    "incomeBeforeTaxRatio": 0.3305279785,
    "incomeTaxExpense": 66523000,
    "netIncome": 201322000,
    "netIncomeRatio": 0.2484367962,
    "eps": 0.18,
    "epsdiluted": 0.18,
    "weightedAverageShsOut": 1129000000,
    "weightedAverageShsOutDil": 1150072000,
    "link": "https://www.sec.gov/Archives/edgar/data/865752/000110465918014057/0001104659-18-014057-index.htm",
    "finalLink": "https://www.sec.gov/Archives/edgar/data/865752/000110465918014057/a18-1123_110k.htm"
  },
  {
    "date": "2017-09-30",
    "symbol": "MNST",
    "reportedCurrency": "USD",
    "cik": "0000865752",
    "fillingDate": "2017-11-09",
    "acceptedDate": "2017-11-08 19:28:35",
    "calendarYear": "2017",
    "period": "Q3",
    "revenue": 909476000,
    "costOfRevenue": 339767000,
    "grossProfit": 569709000,
    "grossProfitRatio": 0.6264145508,
    "researchAndDevelopmentExpenses": 0,
    "generalAndAdministrativeExpenses": 0,
    "sellingAndMarketingExpenses": 0,
    "sellingGeneralAndAdministrativeExpenses": 252337000,
    "otherExpenses": 0,
    "operatingExpenses": 252337000,
    "costAndExpenses": 592104000,
    "interestIncome": 2300000,
    "interestExpense": 0,
    "depreciationAndAmortization": 12329000,
    "ebitda": 329701000,
    "ebitdaratio": 0.3625175376,
    "operatingIncome": 317372000,
    "operatingIncomeRatio": 0.34896138,
    "totalOtherIncomeExpensesNet": 3996000,
    "incomeBeforeTax": 321368000,
    "incomeBeforeTaxRatio": 0.3533551188,
    "incomeTaxExpense": 102624000,
    "netIncome": 218744000,
    "netIncomeRatio": 0.2405165172,
    "eps": 0.2,
    "epsdiluted": 0.19,
    "weightedAverageShsOut": 1135756000,
    "weightedAverageShsOutDil": 1156736000,
    "link": "https://www.sec.gov/Archives/edgar/data/865752/000110465917067073/0001104659-17-067073-index.htm",
    "finalLink": "https://www.sec.gov/Archives/edgar/data/865752/000110465917067073/a17-20652_110q.htm"
  },
  {
    "date": "2017-06-30",
    "symbol": "MNST",
    "reportedCurrency": "USD",
    "cik": "0000865752",
    "fillingDate": "2017-08-09",
    "acceptedDate": "2017-08-08 18:12:30",
    "calendarYear": "2017",
    "period": "Q2",
    "revenue": 907068000,
    "costOfRevenue": 323571000,
    "grossProfit": 583497000,
    "grossProfitRatio": 0.6432781225,
    "researchAndDevelopmentExpenses": 0,
    "generalAndAdministrativeExpenses": 0,
    "sellingAndMarketingExpenses": 0,
    "sellingGeneralAndAdministrativeExpenses": 0,
    "otherExpenses": 233456000,
    "operatingExpenses": 233456000,
    "costAndExpenses": 557027000,
    "interestIncome": 1400000,
    "interestExpense": 0,
    "depreciationAndAmortization": 11592000,
    "ebitda": 361633000,
    "ebitdaratio": 0.3986834504,
    "operatingIncome": 350041000,
    "operatingIncomeRatio": 0.3859038132,
    "totalOtherIncomeExpensesNet": -2551000,
    "incomeBeforeTax": 347490000,
    "incomeBeforeTaxRatio": 0.3830914551,
    "incomeTaxExpense": 124857000,
    "netIncome": 222633000,
    "netIncomeRatio": 0.2454424586,
    "eps": 0.2,
    "epsdiluted": 0.2,
    "weightedAverageShsOut": 1135820000,
    "weightedAverageShsOutDil": 1156040000,
    "link": "https://www.sec.gov/Archives/edgar/data/865752/000110465917050342/0001104659-17-050342-index.htm",
    "finalLink": "https://www.sec.gov/Archives/edgar/data/865752/000110465917050342/a17-13376_110q.htm"
  },
  {
    "date": "2017-03-31",
    "symbol": "MNST",
    "reportedCurrency": "USD",
    "cik": "0000865752",
    "fillingDate": "2017-05-08",
    "acceptedDate": "2017-05-05 18:38:09",
    "calendarYear": "2017",
    "period": "Q1",
    "revenue": 742146000,
    "costOfRevenue": 261272000,
    "grossProfit": 480874000,
    "grossProfitRatio": 0.6479506728,
    "researchAndDevelopmentExpenses": 0,
    "generalAndAdministrativeExpenses": 0,
    "sellingAndMarketingExpenses": 0,
    "sellingGeneralAndAdministrativeExpenses": 0,
    "otherExpenses": 216612000,
    "operatingExpenses": 216612000,
    "costAndExpenses": 477884000,
    "interestIncome": 800000,
    "interestExpense": 0,
    "depreciationAndAmortization": 11183000,
    "ebitda": 275445000,
    "ebitdaratio": 0.3711466477,
    "operatingIncome": 264262000,
    "operatingIncomeRatio": 0.3560781841,
    "totalOtherIncomeExpensesNet": 658000,
    "incomeBeforeTax": 264920000,
    "incomeBeforeTaxRatio": 0.3569648021,
    "incomeTaxExpense": 86940000,
    "netIncome": 177980000,
    "netIncomeRatio": 0.2398180412,
    "eps": 0.16,
    "epsdiluted": 0.16,
    "weightedAverageShsOut": 1143156000,
    "weightedAverageShsOutDil": 1164064000,
    "link": "https://www.sec.gov/Archives/edgar/data/865752/000110465917030369/0001104659-17-030369-index.htm",
    "finalLink": "https://www.sec.gov/Archives/edgar/data/865752/000110465917030369/a17-8936_110q.htm"
  },
  {
    "date": "2016-12-31",
    "symbol": "MNST",
    "reportedCurrency": "USD",
    "cik": "0000865752",
    "fillingDate": "2017-03-01",
    "acceptedDate": "2017-03-01 16:19:57",
    "calendarYear": "2016",
    "period": "Q4",
    "revenue": 753765000,
    "costOfRevenue": 255652000,
    "grossProfit": 498113000,
    "grossProfitRatio": 0.6608332836,
    "researchAndDevelopmentExpenses": 0,
    "generalAndAdministrativeExpenses": 0,
    "sellingAndMarketingExpenses": 0,
    "sellingGeneralAndAdministrativeExpenses": 0,
    "otherExpenses": 246385000,
    "operatingExpenses": 246385000,
    "costAndExpenses": 502037000,
    "interestIncome": 500000,
    "interestExpense": 0,
    "depreciationAndAmortization": 10971000,
    "ebitda": 262699000,
    "ebitdaratio": 0.3485157841,
    "operatingIncome": 251728000,
    "operatingIncomeRatio": 0.3339608499,
    "totalOtherIncomeExpensesNet": -5002000,
    "incomeBeforeTax": 246726000,
    "incomeBeforeTaxRatio": 0.3273248294,
    "incomeTaxExpense": 73779000,
    "netIncome": 172947000,
    "netIncomeRatio": 0.2294441902,
    "eps": 0.15,
    "epsdiluted": 0.15,
    "weightedAverageShsOut": 1137950000,
    "weightedAverageShsOutDil": 1161038000,
    "link": "https://www.sec.gov/Archives/edgar/data/865752/000110465917013048/0001104659-17-013048-index.htm",
    "finalLink": "https://www.sec.gov/Archives/edgar/data/865752/000110465917013048/a17-4132_110k.htm"
  },
  {
    "date": "2016-09-30",
    "symbol": "MNST",
    "reportedCurrency": "USD",
    "cik": "0000865752",
    "fillingDate": "2016-11-07",
    "acceptedDate": "2016-11-07 15:21:49",
    "calendarYear": "2016",
    "period": "Q3",
    "revenue": 787954000,
    "costOfRevenue": 284979000,
    "grossProfit": 502975000,
    "grossProfitRatio": 0.6383304102,
    "researchAndDevelopmentExpenses": 0,
    "generalAndAdministrativeExpenses": 0,
    "sellingAndMarketingExpenses": 0,
    "sellingGeneralAndAdministrativeExpenses": 0,
    "otherExpenses": 212600000,
    "operatingExpenses": 212600000,
    "costAndExpenses": 497579000,
    "interestIncome": 400000,
    "interestExpense": 0,
    "depreciationAndAmortization": 10545000,
    "ebitda": 300920000,
    "ebitdaratio": 0.3819004663,
    "operatingIncome": 290375000,
    "operatingIncomeRatio": 0.3685177053,
    "totalOtherIncomeExpensesNet": -1037000,
    "incomeBeforeTax": 289338000,
    "incomeBeforeTaxRatio": 0.3672016387,
    "incomeTaxExpense": 97695000,
    "netIncome": 191643000,
    "netIncomeRatio": 0.2432159745,
    "eps": 0.17,
    "epsdiluted": 0.17,
    "weightedAverageShsOut": 1142274000,
    "weightedAverageShsOutDil": 1166586000,
    "link": "https://www.sec.gov/Archives/edgar/data/865752/000110465916155163/0001104659-16-155163-index.htm",
    "finalLink": "https://www.sec.gov/Archives/edgar/data/865752/000110465916155163/a16-20895_110q.htm"
  },
  {
    "date": "2016-06-30",
    "symbol": "MNST",
    "reportedCurrency": "USD",
    "cik": "0000865752",
    "fillingDate": "2016-08-05",
    "acceptedDate": "2016-08-05 13:44:20",
    "calendarYear": "2016",
    "period": "Q2",
    "revenue": 827488000,
    "costOfRevenue": 309674000,
    "grossProfit": 517814000,
    "grossProfitRatio": 0.6257661743,
    "researchAndDevelopmentExpenses": 0,
    "generalAndAdministrativeExpenses": 0,
    "sellingAndMarketingExpenses": 0,
    "sellingGeneralAndAdministrativeExpenses": 0,
    "otherExpenses": 229291000,
    "operatingExpenses": 229291000,
    "costAndExpenses": 538965000,
    "interestIncome": 0,
    "interestExpense": 0,
    "depreciationAndAmortization": 10305000,
    "ebitda": 298828000,
    "ebitdaratio": 0.361126687,
    "operatingIncome": 288523000,
    "operatingIncomeRatio": 0.3486733342,
    "totalOtherIncomeExpensesNet": -222000,
    "incomeBeforeTax": 288301000,
    "incomeBeforeTaxRatio": 0.3484050524,
    "incomeTaxExpense": 104082000,
    "netIncome": 184219000,
    "netIncomeRatio": 0.2226243764,
    "eps": 0.15,
    "epsdiluted": 0.15,
    "weightedAverageShsOut": 1205874000,
    "weightedAverageShsOutDil": 1229808000,
    "link": "https://www.sec.gov/Archives/edgar/data/865752/000110465916137481/0001104659-16-137481-index.htm",
    "finalLink": "https://www.sec.gov/Archives/edgar/data/865752/000110465916137481/a16-15122_110q.htm"
  },
  {
    "date": "2016-03-31",
    "symbol": "MNST",
    "reportedCurrency": "USD",
    "cik": "0000865752",
    "fillingDate": "2016-05-02",
    "acceptedDate": "2016-04-29 21:59:25",
    "calendarYear": "2016",
    "period": "Q1",
    "revenue": 680186000,
    "costOfRevenue": 257088000,
    "grossProfit": 423098000,
    "grossProfitRatio": 0.6220327969,
    "researchAndDevelopmentExpenses": 0,
    "generalAndAdministrativeExpenses": 0,
    "sellingAndMarketingExpenses": 0,
    "sellingGeneralAndAdministrativeExpenses": 0,
    "otherExpenses": 168385000,
    "operatingExpenses": 168385000,
    "costAndExpenses": 425473000,
    "interestIncome": 608000,
    "interestExpense": 0,
    "depreciationAndAmortization": 9024000,
    "ebitda": 263737000,
    "ebitdaratio": 0.3877424704,
    "operatingIncome": 254713000,
    "operatingIncomeRatio": 0.3744755111,
    "totalOtherIncomeExpensesNet": 608000,
    "incomeBeforeTax": 255321000,
    "incomeBeforeTaxRatio": 0.3753693843,
    "incomeTaxExpense": 91444000,
    "netIncome": 163877000,
    "netIncomeRatio": 0.2409296869,
    "eps": 0.14,
    "epsdiluted": 0.13,
    "weightedAverageShsOut": 1217676000,
    "weightedAverageShsOutDil": 1241448000,
    "link": "https://www.sec.gov/Archives/edgar/data/865752/000110465916116437/0001104659-16-116437-index.htm",
    "finalLink": "https://www.sec.gov/Archives/edgar/data/865752/000110465916116437/a16-8977_110q.htm"
  },
  {
    "date": "2015-12-31",
    "symbol": "MNST",
    "reportedCurrency": "USD",
    "cik": "0000865752",
    "fillingDate": "2016-02-29",
    "acceptedDate": "2016-02-29 15:09:11",
    "calendarYear": "2015",
    "period": "Q4",
    "revenue": 645433000,
    "costOfRevenue": 242072000,
    "grossProfit": 403361000,
    "grossProfitRatio": 0.6249463538,
    "researchAndDevelopmentExpenses": 0,
    "generalAndAdministrativeExpenses": 0,
    "sellingAndMarketingExpenses": 0,
    "sellingGeneralAndAdministrativeExpenses": 0,
    "otherExpenses": 174913000,
    "operatingExpenses": 174913000,
    "costAndExpenses": 416985000,
    "interestIncome": 1039000,
    "interestExpense": 0,
    "depreciationAndAmortization": 9103000,
    "ebitda": 237551000,
    "ebitdaratio": 0.3680490461,
    "operatingIncome": 228448000,
    "operatingIncomeRatio": 0.3539453359,
    "totalOtherIncomeExpensesNet": 1039000,
    "incomeBeforeTax": 229487000,
    "incomeBeforeTaxRatio": 0.355555108,
    "incomeTaxExpense": 90745000,
    "netIncome": 138742000,
    "netIncomeRatio": 0.2149595698,
    "eps": 0.11,
    "epsdiluted": 0.11,
    "weightedAverageShsOut": 1216896000,
    "weightedAverageShsOutDil": 1234788000,
    "link": "https://www.sec.gov/Archives/edgar/data/865752/000110465916100960/0001104659-16-100960-index.htm",
    "finalLink": "https://www.sec.gov/Archives/edgar/data/865752/000110465916100960/a15-23471_110k.htm"
  },
  {
    "date": "2015-09-30",
    "symbol": "MNST",
    "reportedCurrency": "USD",
    "cik": "0000865752",
    "fillingDate": "2015-11-06",
    "acceptedDate": "2015-11-06 16:02:49",
    "calendarYear": "2015",
    "period": "Q3",
    "revenue": 756619000,
    "costOfRevenue": 291143000,
    "grossProfit": 465476000,
    "grossProfitRatio": 0.615205275,
    "researchAndDevelopmentExpenses": 0,
    "generalAndAdministrativeExpenses": 0,
    "sellingAndMarketingExpenses": 0,
    "sellingGeneralAndAdministrativeExpenses": 0,
    "otherExpenses": 174038000,
    "operatingExpenses": 174038000,
    "costAndExpenses": 465181000,
    "interestIncome": 0,
    "interestExpense": 0,
    "depreciationAndAmortization": 8508000,
    "ebitda": 299946000,
    "ebitdaratio": 0.3964293786,
    "operatingIncome": 291438000,
    "operatingIncomeRatio": 0.3851846174,
    "totalOtherIncomeExpensesNet": -3362000,
    "incomeBeforeTax": 288076000,
    "incomeBeforeTaxRatio": 0.3807411656,
    "incomeTaxExpense": 113502000,
    "netIncome": 174574000,
    "netIncomeRatio": 0.2307290724,
    "eps": 0.14,
    "epsdiluted": 0.14,
    "weightedAverageShsOut": 1230306000,
    "weightedAverageShsOutDil": 1248564000,
    "link": "https://www.sec.gov/Archives/edgar/data/865752/000110465915076694/0001104659-15-076694-index.htm",
    "finalLink": "https://www.sec.gov/Archives/edgar/data/865752/000110465915076694/a15-17885_110q.htm"
  },
  {
    "date": "2015-06-30",
    "symbol": "MNST",
    "reportedCurrency": "USD",
    "cik": "0000865752",
    "fillingDate": "2015-08-10",
    "acceptedDate": "2015-08-10 16:04:56",
    "calendarYear": "2015",
    "period": "Q2",
    "revenue": 693722000,
    "costOfRevenue": 299214000,
    "grossProfit": 394508000,
    "grossProfitRatio": 0.5686831324,
    "researchAndDevelopmentExpenses": 0,
    "generalAndAdministrativeExpenses": 0,
    "sellingAndMarketingExpenses": 0,
    "sellingGeneralAndAdministrativeExpenses": 0,
    "otherExpenses": 28369000,
    "operatingExpenses": 28369000,
    "costAndExpenses": 327583000,
    "interestIncome": 0,
    "interestExpense": 0,
    "depreciationAndAmortization": 6779000,
    "ebitda": 211448000,
    "ebitdaratio": 0.3048022118,
    "operatingIncome": 366139000,
    "operatingIncomeRatio": 0.5277892297,
    "totalOtherIncomeExpensesNet": -1015000,
    "incomeBeforeTax": 365124000,
    "incomeBeforeTaxRatio": 0.5263261076,
    "incomeTaxExpense": 136120000,
    "netIncome": 229004000,
    "netIncomeRatio": 0.3301091792,
    "eps": 0.22,
    "epsdiluted": 0.21,
    "weightedAverageShsOut": 1061910000,
    "weightedAverageShsOutDil": 1088502000,
    "link": "https://www.sec.gov/Archives/edgar/data/865752/000110465915058216/0001104659-15-058216-index.htm",
    "finalLink": "https://www.sec.gov/Archives/edgar/data/865752/000110465915058216/a15-11963_110q.htm"
  },
  {
    "date": "2015-03-31",
    "symbol": "MNST",
    "reportedCurrency": "USD",
    "cik": "0000865752",
    "fillingDate": "2015-05-11",
    "acceptedDate": "2015-05-11 15:55:39",
    "calendarYear": "2015",
    "period": "Q1",
    "revenue": 626791000,
    "costOfRevenue": 257834000,
    "grossProfit": 329196000,
    "grossProfitRatio": 0.5252085623,
    "researchAndDevelopmentExpenses": 0,
    "generalAndAdministrativeExpenses": 0,
    "sellingAndMarketingExpenses": 0,
    "sellingGeneralAndAdministrativeExpenses": 0,
    "otherExpenses": 361328000,
    "operatingExpenses": 361328000,
    "costAndExpenses": 619162000,
    "interestIncome": 1233000,
    "interestExpense": 0,
    "depreciationAndAmortization": 6470000,
    "ebitda": 14099000,
    "ebitdaratio": 0.0224939414,
    "operatingIncome": 7629000,
    "operatingIncomeRatio": 0.0121715213,
    "totalOtherIncomeExpensesNet": 1233000,
    "incomeBeforeTax": 8862000,
    "incomeBeforeTaxRatio": 0.0141386842,
    "incomeTaxExpense": 4448000,
    "netIncome": 4414000,
    "netIncomeRatio": 0.0070422198,
    "eps": 0.11,
    "epsdiluted": 0.1,
    "weightedAverageShsOut": 1019226000,
    "weightedAverageShsOutDil": 1042668000,
    "link": "https://www.sec.gov/Archives/edgar/data/865752/000110465915036794/0001104659-15-036794-index.htm",
    "finalLink": "https://www.sec.gov/Archives/edgar/data/865752/000110465915036794/a15-7180_110q.htm"
  },
  {
    "date": "2014-12-31",
    "symbol": "MNST",
    "reportedCurrency": "USD",
    "cik": "0000865752",
    "fillingDate": "2015-03-02",
    "acceptedDate": "2015-03-02 14:30:36",
    "calendarYear": "2014",
    "period": "Q4",
    "revenue": 605566000,
    "costOfRevenue": 273783000,
    "grossProfit": 331783000,
    "grossProfitRatio": 0.5478890823,
    "researchAndDevelopmentExpenses": 0,
    "generalAndAdministrativeExpenses": 0,
    "sellingAndMarketingExpenses": 0,
    "sellingGeneralAndAdministrativeExpenses": 0,
    "otherExpenses": 138862000,
    "operatingExpenses": 138862000,
    "costAndExpenses": 412645000,
    "interestIncome": 0,
    "interestExpense": 0,
    "depreciationAndAmortization": 6527000,
    "ebitda": 199448000,
    "ebitdaratio": 0.3293579891,
    "operatingIncome": 192921000,
    "operatingIncomeRatio": 0.3185796428,
    "totalOtherIncomeExpensesNet": -1010000,
    "incomeBeforeTax": 191911000,
    "incomeBeforeTaxRatio": 0.3169117817,
    "incomeTaxExpense": 66580000,
    "netIncome": 125331000,
    "netIncomeRatio": 0.2069650542,
    "eps": 0.13,
    "epsdiluted": 0.12,
    "weightedAverageShsOut": 1006050000,
    "weightedAverageShsOutDil": 1049592000,
    "link": "https://www.sec.gov/Archives/edgar/data/865752/000110465915015731/0001104659-15-015731-index.htm",
    "finalLink": "https://www.sec.gov/Archives/edgar/data/865752/000110465915015731/a14-25746_110k.htm"
  },
  {
    "date": "2014-09-30",
    "symbol": "MNST",
    "reportedCurrency": "USD",
    "cik": "0000865752",
    "fillingDate": "2014-11-07",
    "acceptedDate": "2014-11-07 16:44:57",
    "calendarYear": "2014",
    "period": "Q3",
    "revenue": 635972000,
    "costOfRevenue": 294052000,
    "grossProfit": 341920000,
    "grossProfitRatio": 0.5376337323,
    "researchAndDevelopmentExpenses": 0,
    "generalAndAdministrativeExpenses": 0,
    "sellingAndMarketingExpenses": 0,
    "sellingGeneralAndAdministrativeExpenses": 0,
    "otherExpenses": 152013000,
    "operatingExpenses": 152013000,
    "costAndExpenses": 446065000,
    "interestIncome": 0,
    "interestExpense": 0,
    "depreciationAndAmortization": 6129000,
    "ebitda": 196036000,
    "ebitdaratio": 0.308246275,
    "operatingIncome": 189907000,
    "operatingIncomeRatio": 0.2986090583,
    "totalOtherIncomeExpensesNet": -1038000,
    "incomeBeforeTax": 188869000,
    "incomeBeforeTaxRatio": 0.2969769109,
    "incomeTaxExpense": 67269000,
    "netIncome": 121600000,
    "netIncomeRatio": 0.1912033863,
    "eps": 0.12,
    "epsdiluted": 0.12,
    "weightedAverageShsOut": 1004076000,
    "weightedAverageShsOutDil": 1045620000,
    "link": "https://www.sec.gov/Archives/edgar/data/865752/000110465914078442/0001104659-14-078442-index.htm",
    "finalLink": "https://www.sec.gov/Archives/edgar/data/865752/000110465914078442/a14-19746_110q.htm"
  },
  {
    "date": "2014-06-30",
    "symbol": "MNST",
    "reportedCurrency": "USD",
    "cik": "0000865752",
    "fillingDate": "2014-08-08",
    "acceptedDate": "2014-08-08 15:54:15",
    "calendarYear": "2014",
    "period": "Q2",
    "revenue": 687199000,
    "costOfRevenue": 307911000,
    "grossProfit": 379288000,
    "grossProfitRatio": 0.5519332828,
    "researchAndDevelopmentExpenses": 0,
    "generalAndAdministrativeExpenses": 0,
    "sellingAndMarketingExpenses": 0,
    "sellingGeneralAndAdministrativeExpenses": 0,
    "otherExpenses": 163475000,
    "operatingExpenses": 163475000,
    "costAndExpenses": 471386000,
    "interestIncome": 178000,
    "interestExpense": 0,
    "depreciationAndAmortization": 6542000,
    "ebitda": 222355000,
    "ebitdaratio": 0.3235671181,
    "operatingIncome": 215813000,
    "operatingIncomeRatio": 0.3140473138,
    "totalOtherIncomeExpensesNet": 178000,
    "incomeBeforeTax": 215991000,
    "incomeBeforeTaxRatio": 0.3143063363,
    "incomeTaxExpense": 74988000,
    "netIncome": 141003000,
    "netIncomeRatio": 0.2051851065,
    "eps": 0.14,
    "epsdiluted": 0.14,
    "weightedAverageShsOut": 1002588000,
    "weightedAverageShsOutDil": 1043784000,
    "link": "https://www.sec.gov/Archives/edgar/data/865752/000110465914058875/0001104659-14-058875-index.htm",
    "finalLink": "https://www.sec.gov/Archives/edgar/data/865752/000110465914058875/a14-14019_110q.htm"
  },
  {
    "date": "2014-03-31",
    "symbol": "MNST",
    "reportedCurrency": "USD",
    "cik": "0000865752",
    "fillingDate": "2014-05-12",
    "acceptedDate": "2014-05-09 20:47:28",
    "calendarYear": "2014",
    "period": "Q1",
    "revenue": 536129000,
    "costOfRevenue": 249311000,
    "grossProfit": 286818000,
    "grossProfitRatio": 0.5349794546,
    "researchAndDevelopmentExpenses": 0,
    "generalAndAdministrativeExpenses": 0,
    "sellingAndMarketingExpenses": 0,
    "sellingGeneralAndAdministrativeExpenses": 0,
    "otherExpenses": 137955000,
    "operatingExpenses": 137955000,
    "costAndExpenses": 387266000,
    "interestIncome": 154000,
    "interestExpense": 0,
    "depreciationAndAmortization": 6453000,
    "ebitda": 155316000,
    "ebitdaratio": 0.2896989344,
    "operatingIncome": 148863000,
    "operatingIncomeRatio": 0.2776626521,
    "totalOtherIncomeExpensesNet": 154000,
    "incomeBeforeTax": 149017000,
    "incomeBeforeTaxRatio": 0.2779498964,
    "incomeTaxExpense": 53767000,
    "netIncome": 95250000,
    "netIncomeRatio": 0.1776624656,
    "eps": 0.095,
    "epsdiluted": 0.0917,
    "weightedAverageShsOut": 1001478000,
    "weightedAverageShsOutDil": 1042446000,
    "link": "https://www.sec.gov/Archives/edgar/data/865752/000110465914037192/0001104659-14-037192-index.htm",
    "finalLink": "https://www.sec.gov/Archives/edgar/data/865752/000110465914037192/a14-9556_110q.htm"
  },
  {
    "date": "2013-12-31",
    "symbol": "MNST",
    "reportedCurrency": "USD",
    "cik": "0000865752",
    "fillingDate": "2014-03-03",
    "acceptedDate": "2014-03-03 15:11:28",
    "calendarYear": "2013",
    "period": "Q4",
    "revenue": 540849000,
    "costOfRevenue": 263688000,
    "grossProfit": 277161000,
    "grossProfitRatio": 0.5124554173,
    "researchAndDevelopmentExpenses": 0,
    "generalAndAdministrativeExpenses": 0,
    "sellingAndMarketingExpenses": 0,
    "sellingGeneralAndAdministrativeExpenses": 142405000,
    "otherExpenses": 0,
    "operatingExpenses": 142405000,
    "costAndExpenses": 406093000,
    "interestIncome": 0,
    "interestExpense": 0,
    "depreciationAndAmortization": 6318000,
    "ebitda": 141074000,
    "ebitdaratio": 0.2608380528,
    "operatingIncome": 134756000,
    "operatingIncomeRatio": 0.2491564189,
    "totalOtherIncomeExpensesNet": -3013000,
    "incomeBeforeTax": 131743000,
    "incomeBeforeTaxRatio": 0.2435855479,
    "incomeTaxExpense": 55637000,
    "netIncome": 76106000,
    "netIncomeRatio": 0.1407158005,
    "eps": 0.0767,
    "epsdiluted": 0.0733,
    "weightedAverageShsOut": 1003572000,
    "weightedAverageShsOutDil": 1040208000,
    "link": "https://www.sec.gov/Archives/edgar/data/865752/000110465914015320/0001104659-14-015320-index.htm",
    "finalLink": "https://www.sec.gov/Archives/edgar/data/865752/000110465914015320/a14-2841_110k.htm"
  },
  {
    "date": "2013-09-30",
    "symbol": "MNST",
    "reportedCurrency": "USD",
    "cik": "0000865752",
    "fillingDate": "2013-11-12",
    "acceptedDate": "2013-11-08 19:28:22",
    "calendarYear": "2013",
    "period": "Q3",
    "revenue": 590422000,
    "costOfRevenue": 282952000,
    "grossProfit": 307470000,
    "grossProfitRatio": 0.5207631152,
    "researchAndDevelopmentExpenses": 0,
    "generalAndAdministrativeExpenses": 0,
    "sellingAndMarketingExpenses": 0,
    "sellingGeneralAndAdministrativeExpenses": 0,
    "otherExpenses": 156041000,
    "operatingExpenses": 156041000,
    "costAndExpenses": 438993000,
    "interestIncome": 0,
    "interestExpense": 0,
    "depreciationAndAmortization": 6107000,
    "ebitda": 157536000,
    "ebitdaratio": 0.2668193258,
    "operatingIncome": 151429000,
    "operatingIncomeRatio": 0.2564758766,
    "totalOtherIncomeExpensesNet": -706000,
    "incomeBeforeTax": 150723000,
    "incomeBeforeTaxRatio": 0.2552801217,
    "incomeTaxExpense": 58536000,
    "netIncome": 92187000,
    "netIncomeRatio": 0.1561374746,
    "eps": 0.0917,
    "epsdiluted": 0.0883,
    "weightedAverageShsOut": 1004742000,
    "weightedAverageShsOutDil": 1043688000,
    "link": "https://www.sec.gov/Archives/edgar/data/865752/000110465913082945/0001104659-13-082945-index.htm",
    "finalLink": "https://www.sec.gov/Archives/edgar/data/865752/000110465913082945/a13-18878_110q.htm"
  },
  {
    "date": "2013-06-30",
    "symbol": "MNST",
    "reportedCurrency": "USD",
    "cik": "0000865752",
    "fillingDate": "2013-08-09",
    "acceptedDate": "2013-08-09 14:50:59",
    "calendarYear": "2013",
    "period": "Q2",
    "revenue": 630934000,
    "costOfRevenue": 294672000,
    "grossProfit": 336262000,
    "grossProfitRatio": 0.5329590734,
    "researchAndDevelopmentExpenses": 0,
    "generalAndAdministrativeExpenses": 0,
    "sellingAndMarketingExpenses": 0,
    "sellingGeneralAndAdministrativeExpenses": 0,
    "otherExpenses": 156835000,
    "operatingExpenses": 156835000,
    "costAndExpenses": 451507000,
    "interestIncome": 0,
    "interestExpense": 0,
    "depreciationAndAmortization": 5277000,
    "ebitda": 184704000,
    "ebitdaratio": 0.2927469434,
    "operatingIncome": 179427000,
    "operatingIncomeRatio": 0.2843831526,
    "totalOtherIncomeExpensesNet": -3402000,
    "incomeBeforeTax": 176025000,
    "incomeBeforeTaxRatio": 0.2789911465,
    "incomeTaxExpense": 69152000,
    "netIncome": 106873000,
    "netIncomeRatio": 0.1693885573,
    "eps": 0.11,
    "epsdiluted": 0.1,
    "weightedAverageShsOut": 998682000,
    "weightedAverageShsOutDil": 1040100000,
    "link": "https://www.sec.gov/Archives/edgar/data/865752/000110465913062263/0001104659-13-062263-index.htm",
    "finalLink": "https://www.sec.gov/Archives/edgar/data/865752/000110465913062263/a13-13793_110q.htm"
  },
  {
    "date": "2013-03-31",
    "symbol": "MNST",
    "reportedCurrency": "USD",
    "cik": "0000865752",
    "fillingDate": "2013-05-10",
    "acceptedDate": "2013-05-10 13:48:19",
    "calendarYear": "2013",
    "period": "Q1",
    "revenue": 484223000,
    "costOfRevenue": 232184000,
    "grossProfit": 252039000,
    "grossProfitRatio": 0.5205019175,
    "researchAndDevelopmentExpenses": 0,
    "generalAndAdministrativeExpenses": 0,
    "sellingAndMarketingExpenses": 0,
    "sellingGeneralAndAdministrativeExpenses": 0,
    "otherExpenses": 144733000,
    "operatingExpenses": 144733000,
    "costAndExpenses": 376917000,
    "interestIncome": 0,
    "interestExpense": 0,
    "depreciationAndAmortization": 5060000,
    "ebitda": 112366000,
    "ebitdaratio": 0.2320542395,
    "operatingIncome": 107306000,
    "operatingIncomeRatio": 0.2216045087,
    "totalOtherIncomeExpensesNet": -1902000,
    "incomeBeforeTax": 105404000,
    "incomeBeforeTaxRatio": 0.2176765664,
    "incomeTaxExpense": 41908000,
    "netIncome": 63496000,
    "netIncomeRatio": 0.1311296655,
    "eps": 0.0633,
    "epsdiluted": 0.0617,
    "weightedAverageShsOut": 993150000,
    "weightedAverageShsOutDil": 1035354000,
    "link": "https://www.sec.gov/Archives/edgar/data/865752/000110465913040148/0001104659-13-040148-index.htm",
    "finalLink": "https://www.sec.gov/Archives/edgar/data/865752/000110465913040148/a13-8475_110q.htm"
  },
  {
    "date": "2012-12-31",
    "symbol": "MNST",
    "reportedCurrency": "USD",
    "cik": "0000865752",
    "fillingDate": "2013-03-01",
    "acceptedDate": "2013-03-01 14:49:50",
    "calendarYear": "2012",
    "period": "Q4",
    "revenue": 471517000,
    "costOfRevenue": 227629000,
    "grossProfit": 243888000,
    "grossProfitRatio": 0.5172411599,
    "researchAndDevelopmentExpenses": 0,
    "generalAndAdministrativeExpenses": 0,
    "sellingAndMarketingExpenses": 0,
    "sellingGeneralAndAdministrativeExpenses": 0,
    "otherExpenses": 130007000,
    "operatingExpenses": 130007000,
    "costAndExpenses": 357636000,
    "interestIncome": 0,
    "interestExpense": 0,
    "depreciationAndAmortization": 5298000,
    "ebitda": 119179000,
    "ebitdaratio": 0.2527565284,
    "operatingIncome": 113881000,
    "operatingIncomeRatio": 0.2415204542,
    "totalOtherIncomeExpensesNet": -2309000,
    "incomeBeforeTax": 111572000,
    "incomeBeforeTaxRatio": 0.236623494,
    "incomeTaxExpense": 43589000,
    "netIncome": 67983000,
    "netIncomeRatio": 0.1441793191,
    "eps": 0.0667,
    "epsdiluted": 0.065,
    "weightedAverageShsOut": 1013076000,
    "weightedAverageShsOutDil": 1056672000,
    "link": "https://www.sec.gov/Archives/edgar/data/865752/000110465913016713/0001104659-13-016713-index.htm",
    "finalLink": "https://www.sec.gov/Archives/edgar/data/865752/000110465913016713/a12-27759_110k.htm"
  },
  {
    "date": "2012-09-30",
    "symbol": "MNST",
    "reportedCurrency": "USD",
    "cik": "0000865752",
    "fillingDate": "2012-11-09",
    "acceptedDate": "2012-11-09 14:02:35",
    "calendarYear": "2012",
    "period": "Q3",
    "revenue": 541940000,
    "costOfRevenue": 268348000,
    "grossProfit": 273592000,
    "grossProfitRatio": 0.504838174,
    "researchAndDevelopmentExpenses": 0,
    "generalAndAdministrativeExpenses": 0,
    "sellingAndMarketingExpenses": 0,
    "sellingGeneralAndAdministrativeExpenses": 132907000,
    "otherExpenses": 0,
    "operatingExpenses": 132907000,
    "costAndExpenses": 401255000,
    "interestIncome": 331000,
    "interestExpense": 0,
    "depreciationAndAmortization": 5171000,
    "ebitda": 145856000,
    "ebitdaratio": 0.2691368048,
    "operatingIncome": 140685000,
    "operatingIncomeRatio": 0.2595951581,
    "totalOtherIncomeExpensesNet": 553000,
    "incomeBeforeTax": 141238000,
    "incomeBeforeTaxRatio": 0.2606155663,
    "incomeTaxExpense": 55096000,
    "netIncome": 86142000,
    "netIncomeRatio": 0.1589511754,
    "eps": 0.0817,
    "epsdiluted": 0.0783,
    "weightedAverageShsOut": 1050156000,
    "weightedAverageShsOutDil": 1103394000,
    "link": "https://www.sec.gov/Archives/edgar/data/865752/000110465912076535/0001104659-12-076535-index.htm",
    "finalLink": "https://www.sec.gov/Archives/edgar/data/865752/000110465912076535/a12-19968_110q.htm"
  },
  {
    "date": "2012-06-30",
    "symbol": "MNST",
    "reportedCurrency": "USD",
    "cik": "0000865752",
    "fillingDate": "2012-08-09",
    "acceptedDate": "2012-08-09 16:22:35",
    "calendarYear": "2012",
    "period": "Q2",
    "revenue": 592640000,
    "costOfRevenue": 285632000,
    "grossProfit": 307008000,
    "grossProfitRatio": 0.5180345572,
    "researchAndDevelopmentExpenses": 0,
    "generalAndAdministrativeExpenses": 0,
    "sellingAndMarketingExpenses": 0,
    "sellingGeneralAndAdministrativeExpenses": 137235000,
    "otherExpenses": 0,
    "operatingExpenses": 137235000,
    "costAndExpenses": 422867000,
    "interestIncome": 0,
    "interestExpense": 0,
    "depreciationAndAmortization": 5125000,
    "ebitda": 174898000,
    "ebitdaratio": 0.2951167657,
    "operatingIncome": 169773000,
    "operatingIncomeRatio": 0.28646902,
    "totalOtherIncomeExpensesNet": -60000,
    "incomeBeforeTax": 169713000,
    "incomeBeforeTaxRatio": 0.2863677781,
    "incomeTaxExpense": 59918000,
    "netIncome": 109795000,
    "netIncomeRatio": 0.1852642414,
    "eps": 0.1,
    "epsdiluted": 0.0983,
    "weightedAverageShsOut": 1057116000,
    "weightedAverageShsOutDil": 1117704000,
    "link": "https://www.sec.gov/Archives/edgar/data/865752/000110465912056565/0001104659-12-056565-index.htm",
    "finalLink": "https://www.sec.gov/Archives/edgar/data/865752/000110465912056565/a12-13809_110q.htm"
  },
  {
    "date": "2012-03-31",
    "symbol": "MNST",
    "reportedCurrency": "USD",
    "cik": "0000865752",
    "fillingDate": "2012-05-10",
    "acceptedDate": "2012-05-10 15:06:46",
    "calendarYear": "2012",
    "period": "Q1",
    "revenue": 454605000,
    "costOfRevenue": 213436000,
    "grossProfit": 241169000,
    "grossProfitRatio": 0.5305023042,
    "researchAndDevelopmentExpenses": 0,
    "generalAndAdministrativeExpenses": 0,
    "sellingAndMarketingExpenses": 0,
    "sellingGeneralAndAdministrativeExpenses": 114884000,
    "otherExpenses": 0,
    "operatingExpenses": 114884000,
    "costAndExpenses": 328320000,
    "interestIncome": 0,
    "interestExpense": 0,
    "depreciationAndAmortization": 4968000,
    "ebitda": 131253000,
    "ebitdaratio": 0.2887187778,
    "operatingIncome": 126285000,
    "operatingIncomeRatio": 0.2777906094,
    "totalOtherIncomeExpensesNet": 346000,
    "incomeBeforeTax": 126631000,
    "incomeBeforeTaxRatio": 0.2785517097,
    "incomeTaxExpense": 50532000,
    "netIncome": 76099000,
    "netIncomeRatio": 0.1673958711,
    "eps": 0.0733,
    "epsdiluted": 0.0683,
    "weightedAverageShsOut": 1048992000,
    "weightedAverageShsOutDil": 1111572000,
    "link": "https://www.sec.gov/Archives/edgar/data/865752/000110465912035867/0001104659-12-035867-index.htm",
    "finalLink": "https://www.sec.gov/Archives/edgar/data/865752/000110465912035867/a12-8615_110q.htm"
  },
  {
    "date": "2011-12-31",
    "symbol": "MNST",
    "reportedCurrency": "USD",
    "cik": "0000865752",
    "fillingDate": "2012-02-29",
    "acceptedDate": "2012-02-29 16:12:19",
    "calendarYear": "2011",
    "period": "Q4",
    "revenue": 409957000,
    "costOfRevenue": 195713000,
    "grossProfit": 214244000,
    "grossProfitRatio": 0.5226011509,
    "researchAndDevelopmentExpenses": 0,
    "generalAndAdministrativeExpenses": 0,
    "sellingAndMarketingExpenses": 0,
    "sellingGeneralAndAdministrativeExpenses": 0,
    "otherExpenses": 110847000,
    "operatingExpenses": 110847000,
    "costAndExpenses": 306560000,
    "interestIncome": 0,
    "interestExpense": 0,
    "depreciationAndAmortization": 4893000,
    "ebitda": 108290000,
    "ebitdaratio": 0.2641496547,
    "operatingIncome": 103397000,
    "operatingIncomeRatio": 0.2522142566,
    "totalOtherIncomeExpensesNet": 1133000,
    "incomeBeforeTax": 104530000,
    "incomeBeforeTaxRatio": 0.2549779611,
    "incomeTaxExpense": 39994000,
    "netIncome": 64536000,
    "netIncomeRatio": 0.1574213881,
    "eps": 0.0308,
    "epsdiluted": 0.0308,
    "weightedAverageShsOut": 1057272000,
    "weightedAverageShsOutDil": 1120044000,
    "link": "https://www.sec.gov/Archives/edgar/data/865752/000110465912014573/0001104659-12-014573-index.htm",
    "finalLink": "https://www.sec.gov/Archives/edgar/data/865752/000110465912014573/a12-1309_110k.htm"
  },
  {
    "date": "2011-09-30",
    "symbol": "MNST",
    "reportedCurrency": "USD",
    "cik": "0000865752",
    "fillingDate": "2011-11-09",
    "acceptedDate": "2011-11-09 12:25:53",
    "calendarYear": "2011",
    "period": "Q3",
    "revenue": 474709000,
    "costOfRevenue": 224402000,
    "grossProfit": 250307000,
    "grossProfitRatio": 0.5272851368,
    "researchAndDevelopmentExpenses": 0,
    "generalAndAdministrativeExpenses": 0,
    "sellingAndMarketingExpenses": 0,
    "sellingGeneralAndAdministrativeExpenses": 118217000,
    "otherExpenses": 0,
    "operatingExpenses": 118217000,
    "costAndExpenses": 342619000,
    "interestIncome": 0,
    "interestExpense": 0,
    "depreciationAndAmortization": 4496000,
    "ebitda": 136586000,
    "ebitdaratio": 0.2877257436,
    "operatingIncome": 132090000,
    "operatingIncomeRatio": 0.2782546781,
    "totalOtherIncomeExpensesNet": -862000,
    "incomeBeforeTax": 131228000,
    "incomeBeforeTaxRatio": 0.2764388288,
    "incomeTaxExpense": 48836000,
    "netIncome": 82392000,
    "netIncomeRatio": 0.1735631724,
    "eps": 0.0783,
    "epsdiluted": 0.0733,
    "weightedAverageShsOut": 1055712000,
    "weightedAverageShsOutDil": 1119840000,
    "link": "https://www.sec.gov/Archives/edgar/data/865752/000110465911062539/0001104659-11-062539-index.htm",
    "finalLink": "https://www.sec.gov/Archives/edgar/data/865752/000110465911062539/a11-25577_110q.htm"
  },
  {
    "date": "2011-06-30",
    "symbol": "MNST",
    "reportedCurrency": "USD",
    "cik": "0000865752",
    "fillingDate": "2011-08-09",
    "acceptedDate": "2011-08-09 12:47:59",
    "calendarYear": "2011",
    "period": "Q2",
    "revenue": 462145000,
    "costOfRevenue": 217924000,
    "grossProfit": 244221000,
    "grossProfitRatio": 0.5284510273,
    "researchAndDevelopmentExpenses": 0,
    "generalAndAdministrativeExpenses": 0,
    "sellingAndMarketingExpenses": 0,
    "sellingGeneralAndAdministrativeExpenses": 111739000,
    "otherExpenses": 0,
    "operatingExpenses": 111739000,
    "costAndExpenses": 329663000,
    "interestIncome": 624000,
    "interestExpense": 0,
    "depreciationAndAmortization": 4102000,
    "ebitda": 136584000,
    "ebitdaratio": 0.2955436064,
    "operatingIncome": 132482000,
    "operatingIncomeRatio": 0.2866676043,
    "totalOtherIncomeExpensesNet": 274000,
    "incomeBeforeTax": 132756000,
    "incomeBeforeTaxRatio": 0.2872604918,
    "incomeTaxExpense": 48508000,
    "netIncome": 84248000,
    "netIncomeRatio": 0.1822977637,
    "eps": 0.0792,
    "epsdiluted": 0.075,
    "weightedAverageShsOut": 1061700000,
    "weightedAverageShsOutDil": 1123248000,
    "link": "https://www.sec.gov/Archives/edgar/data/865752/000110465911045251/0001104659-11-045251-index.htm",
    "finalLink": "https://www.sec.gov/Archives/edgar/data/865752/000110465911045251/a11-12791_110q.htm"
  },
  {
    "date": "2011-03-31",
    "symbol": "MNST",
    "reportedCurrency": "USD",
    "cik": "0000865752",
    "fillingDate": "2011-05-10",
    "acceptedDate": "2011-05-10 14:36:45",
    "calendarYear": "2011",
    "period": "Q1",
    "revenue": 356419000,
    "costOfRevenue": 170882000,
    "grossProfit": 185537000,
    "grossProfitRatio": 0.5205586683,
    "researchAndDevelopmentExpenses": 0,
    "generalAndAdministrativeExpenses": 0,
    "sellingAndMarketingExpenses": 0,
    "sellingGeneralAndAdministrativeExpenses": 97082000,
    "otherExpenses": 0,
    "operatingExpenses": 97082000,
    "costAndExpenses": 267964000,
    "interestIncome": 4000,
    "interestExpense": 0,
    "depreciationAndAmortization": 3593000,
    "ebitda": 92048000,
    "ebitdaratio": 0.258257837,
    "operatingIncome": 88455000,
    "operatingIncomeRatio": 0.2481770052,
    "totalOtherIncomeExpensesNet": 301000,
    "incomeBeforeTax": 88756000,
    "incomeBeforeTaxRatio": 0.2490215168,
    "incomeTaxExpense": 33713000,
    "netIncome": 55043000,
    "netIncomeRatio": 0.1544334056,
    "eps": 0.0517,
    "epsdiluted": 0.0492,
    "weightedAverageShsOut": 1067148000,
    "weightedAverageShsOutDil": 1123488000,
    "link": "https://www.sec.gov/Archives/edgar/data/865752/000110465911027747/0001104659-11-027747-index.htm",
    "finalLink": "https://www.sec.gov/Archives/edgar/data/865752/000110465911027747/a11-8410_110q.htm"
  },
  {
    "date": "2010-12-31",
    "symbol": "MNST",
    "reportedCurrency": "USD",
    "cik": "0000865752",
    "fillingDate": "2011-03-01",
    "acceptedDate": "2011-03-01 15:05:38",
    "calendarYear": "2010",
    "period": "Q4",
    "revenue": 318665000,
    "costOfRevenue": 154255000,
    "grossProfit": 164410000,
    "grossProfitRatio": 0.5159336607,
    "researchAndDevelopmentExpenses": 0,
    "generalAndAdministrativeExpenses": 0,
    "sellingAndMarketingExpenses": 0,
    "sellingGeneralAndAdministrativeExpenses": 0,
    "otherExpenses": 84613000,
    "operatingExpenses": 84613000,
    "costAndExpenses": 238868000,
    "interestIncome": 0,
    "interestExpense": 0,
    "depreciationAndAmortization": 3290000,
    "ebitda": 83087000,
    "ebitdaratio": 0.2607346273,
    "operatingIncome": 79797000,
    "operatingIncomeRatio": 0.2504103055,
    "totalOtherIncomeExpensesNet": 369000,
    "incomeBeforeTax": 80166000,
    "incomeBeforeTaxRatio": 0.2515682613,
    "incomeTaxExpense": 31034000,
    "netIncome": 49132000,
    "netIncomeRatio": 0.1541807227,
    "eps": 0.023,
    "epsdiluted": 0.023,
    "weightedAverageShsOut": 1062168000,
    "weightedAverageShsOutDil": 1116252000,
    "link": "https://www.sec.gov/Archives/edgar/data/865752/000110465911011438/0001104659-11-011438-index.htm",
    "finalLink": "https://www.sec.gov/Archives/edgar/data/865752/000110465911011438/a11-2375_110k.htm"
  },
  {
    "date": "2010-09-30",
    "symbol": "MNST",
    "reportedCurrency": "USD",
    "cik": "0000865752",
    "fillingDate": "2010-11-09",
    "acceptedDate": "2010-11-09 14:39:43",
    "calendarYear": "2010",
    "period": "Q3",
    "revenue": 381466000,
    "costOfRevenue": 183540000,
    "grossProfit": 197926000,
    "grossProfitRatio": 0.5188562021,
    "researchAndDevelopmentExpenses": 0,
    "generalAndAdministrativeExpenses": 0,
    "sellingAndMarketingExpenses": 0,
    "sellingGeneralAndAdministrativeExpenses": 90371000,
    "otherExpenses": 0,
    "operatingExpenses": 90371000,
    "costAndExpenses": 273911000,
    "interestIncome": 0,
    "interestExpense": 0,
    "depreciationAndAmortization": 3012000,
    "ebitda": 110567000,
    "ebitdaratio": 0.289847588,
    "operatingIncome": 107555000,
    "operatingIncomeRatio": 0.2819517336,
    "totalOtherIncomeExpensesNet": -186000,
    "incomeBeforeTax": 107369000,
    "incomeBeforeTaxRatio": 0.281464141,
    "incomeTaxExpense": 40873000,
    "netIncome": 66496000,
    "netIncomeRatio": 0.1743169771,
    "eps": 0.0625,
    "epsdiluted": 0.06,
    "weightedAverageShsOut": 1060428000,
    "weightedAverageShsOutDil": 1114380000,
    "link": "https://www.sec.gov/Archives/edgar/data/865752/000110465910057238/0001104659-10-057238-index.htm",
    "finalLink": "https://www.sec.gov/Archives/edgar/data/865752/000110465910057238/a10-17255_110q.htm"
  },
  {
    "date": "2010-06-30",
    "symbol": "MNST",
    "reportedCurrency": "USD",
    "cik": "0000865752",
    "fillingDate": "2010-08-09",
    "acceptedDate": "2010-08-09 16:38:57",
    "calendarYear": "2010",
    "period": "Q2",
    "revenue": 365701000,
    "costOfRevenue": 172351000,
    "grossProfit": 193350000,
    "grossProfitRatio": 0.5287106133,
    "researchAndDevelopmentExpenses": 0,
    "generalAndAdministrativeExpenses": 0,
    "sellingAndMarketingExpenses": 0,
    "sellingGeneralAndAdministrativeExpenses": 83674000,
    "otherExpenses": 0,
    "operatingExpenses": 83674000,
    "costAndExpenses": 256025000,
    "interestIncome": 1034000,
    "interestExpense": 0,
    "depreciationAndAmortization": 2820000,
    "ebitda": 112496000,
    "ebitdaratio": 0.3076174252,
    "operatingIncome": 109676000,
    "operatingIncomeRatio": 0.2999062075,
    "totalOtherIncomeExpensesNet": 321000,
    "incomeBeforeTax": 109997000,
    "incomeBeforeTaxRatio": 0.3007839738,
    "incomeTaxExpense": 46159000,
    "netIncome": 63838000,
    "netIncomeRatio": 0.1745633728,
    "eps": 0.06,
    "epsdiluted": 0.0575,
    "weightedAverageShsOut": 1063044000,
    "weightedAverageShsOutDil": 1115628000,
    "link": "https://www.sec.gov/Archives/edgar/data/865752/000110465910043206/0001104659-10-043206-index.htm",
    "finalLink": "https://www.sec.gov/Archives/edgar/data/865752/000110465910043206/a10-12411_110q.htm"
  },
  {
    "date": "2010-03-31",
    "symbol": "MNST",
    "reportedCurrency": "USD",
    "cik": "0000865752",
    "fillingDate": "2010-05-10",
    "acceptedDate": "2010-05-10 15:44:52",
    "calendarYear": "2010",
    "period": "Q1",
    "revenue": 238110000,
    "costOfRevenue": 113556000,
    "grossProfit": 124554000,
    "grossProfitRatio": 0.5230943681,
    "researchAndDevelopmentExpenses": 0,
    "generalAndAdministrativeExpenses": 0,
    "sellingAndMarketingExpenses": 0,
    "sellingGeneralAndAdministrativeExpenses": 73769000,
    "otherExpenses": 0,
    "operatingExpenses": 73769000,
    "costAndExpenses": 187325000,
    "interestIncome": 410000,
    "interestExpense": 0,
    "depreciationAndAmortization": 2654000,
    "ebitda": 53439000,
    "ebitdaratio": 0.2244298853,
    "operatingIncome": 50785000,
    "operatingIncomeRatio": 0.2132837764,
    "totalOtherIncomeExpensesNet": 986000,
    "incomeBeforeTax": 51771000,
    "incomeBeforeTaxRatio": 0.2174247197,
    "incomeTaxExpense": 19208000,
    "netIncome": 32563000,
    "netIncomeRatio": 0.1367561211,
    "eps": 0.0308,
    "epsdiluted": 0.0292,
    "weightedAverageShsOut": 1060164000,
    "weightedAverageShsOutDil": 1116372000,
    "link": "https://www.sec.gov/Archives/edgar/data/865752/000110465910027236/0001104659-10-027236-index.htm",
    "finalLink": "https://www.sec.gov/Archives/edgar/data/865752/000110465910027236/a10-6054_110q.htm"
  },
  {
    "date": "2009-12-31",
    "symbol": "MNST",
    "reportedCurrency": "USD",
    "cik": "0000865752",
    "fillingDate": "2010-03-01",
    "acceptedDate": "2010-03-01 16:57:28",
    "calendarYear": "2009",
    "period": "Q4",
    "revenue": 290914000,
    "costOfRevenue": 135638000,
    "grossProfit": 155276000,
    "grossProfitRatio": 0.5337522429,
    "researchAndDevelopmentExpenses": 0,
    "generalAndAdministrativeExpenses": 0,
    "sellingAndMarketingExpenses": 0,
    "sellingGeneralAndAdministrativeExpenses": 0,
    "otherExpenses": 69442000,
    "operatingExpenses": 69442000,
    "costAndExpenses": 205080000,
    "interestIncome": 0,
    "interestExpense": 0,
    "depreciationAndAmortization": 1922000,
    "ebitda": 87756000,
    "ebitdaratio": 0.3016561596,
    "operatingIncome": 85834000,
    "operatingIncomeRatio": 0.295049396,
    "totalOtherIncomeExpensesNet": 667000,
    "incomeBeforeTax": 86501000,
    "incomeBeforeTaxRatio": 0.2973421699,
    "incomeTaxExpense": 33144000,
    "netIncome": 53357000,
    "netIncomeRatio": 0.1834115924,
    "eps": 0.0252,
    "epsdiluted": 0.0252,
    "weightedAverageShsOut": 1079604000,
    "weightedAverageShsOutDil": 1135716000,
    "link": "https://www.sec.gov/Archives/edgar/data/865752/000110465910010880/0001104659-10-010880-index.htm",
    "finalLink": "https://www.sec.gov/Archives/edgar/data/865752/000110465910010880/a10-1407_110k.htm"
  },
  {
    "date": "2009-09-30",
    "symbol": "MNST",
    "reportedCurrency": "USD",
    "cik": "0000865752",
    "fillingDate": "2009-11-09",
    "acceptedDate": "2009-11-09 15:06:38",
    "calendarYear": "2009",
    "period": "Q3",
    "revenue": 307929000,
    "costOfRevenue": 142897000,
    "grossProfit": 165032000,
    "grossProfitRatio": 0.5359417268,
    "researchAndDevelopmentExpenses": 0,
    "generalAndAdministrativeExpenses": 0,
    "sellingAndMarketingExpenses": 0,
    "sellingGeneralAndAdministrativeExpenses": 0,
    "otherExpenses": 72117000,
    "operatingExpenses": 72117000,
    "costAndExpenses": 215014000,
    "interestIncome": 0,
    "interestExpense": 0,
    "depreciationAndAmortization": 1694000,
    "ebitda": 94609000,
    "ebitdaratio": 0.3072429034,
    "operatingIncome": 92915000,
    "operatingIncomeRatio": 0.3017416352,
    "totalOtherIncomeExpensesNet": -159000,
    "incomeBeforeTax": 92756000,
    "incomeBeforeTaxRatio": 0.3012252825,
    "incomeTaxExpense": 36251000,
    "netIncome": 56505000,
    "netIncomeRatio": 0.1835000926,
    "eps": 0.0525,
    "epsdiluted": 0.05,
    "weightedAverageShsOut": 1081848000,
    "weightedAverageShsOutDil": 1136196000,
    "link": "https://www.sec.gov/Archives/edgar/data/865752/000110465909063639/0001104659-09-063639-index.htm",
    "finalLink": "https://www.sec.gov/Archives/edgar/data/865752/000110465909063639/a09-31120_110q.htm"
  },
  {
    "date": "2009-06-30",
    "symbol": "MNST",
    "reportedCurrency": "USD",
    "cik": "0000865752",
    "fillingDate": "2009-08-10",
    "acceptedDate": "2009-08-10 15:58:16",
    "calendarYear": "2009",
    "period": "Q2",
    "revenue": 300250000,
    "costOfRevenue": 138421,
    "grossProfit": 161829,
    "grossProfitRatio": 0.0005389808,
    "researchAndDevelopmentExpenses": 0,
    "generalAndAdministrativeExpenses": 0,
    "sellingAndMarketingExpenses": 0,
    "sellingGeneralAndAdministrativeExpenses": 0,
    "otherExpenses": 69046000,
    "operatingExpenses": 69046000,
    "costAndExpenses": 207467000,
    "interestIncome": 0,
    "interestExpense": 0,
    "depreciationAndAmortization": 1190000,
    "ebitda": 93973000,
    "ebitdaratio": 0.3129825146,
    "operatingIncome": 92783000,
    "operatingIncomeRatio": 0.3090191507,
    "totalOtherIncomeExpensesNet": 401000,
    "incomeBeforeTax": 93184000,
    "incomeBeforeTaxRatio": 0.3103547044,
    "incomeTaxExpense": 35895000,
    "netIncome": 57289000,
    "netIncomeRatio": 0.1908043297,
    "eps": 0.0525,
    "epsdiluted": 0.05,
    "weightedAverageShsOut": 1085196000,
    "weightedAverageShsOutDil": 1143792000,
    "link": "https://www.sec.gov/Archives/edgar/data/865752/000110465909048610/0001104659-09-048610-index.htm",
    "finalLink": "https://www.sec.gov/Archives/edgar/data/865752/000110465909048610/a09-18791_110q.htm"
  },
  {
    "date": "2009-03-31",
    "symbol": "MNST",
    "reportedCurrency": "USD",
    "cik": "0000865752",
    "fillingDate": "2009-05-11",
    "acceptedDate": "2009-05-11 16:39:22",
    "calendarYear": "2009",
    "period": "Q1",
    "revenue": 244206000,
    "costOfRevenue": 114027000,
    "grossProfit": 130179000,
    "grossProfitRatio": 0.5330704405,
    "researchAndDevelopmentExpenses": 0,
    "generalAndAdministrativeExpenses": 0,
    "sellingAndMarketingExpenses": 0,
    "sellingGeneralAndAdministrativeExpenses": 0,
    "otherExpenses": 64402000,
    "operatingExpenses": 64402000,
    "costAndExpenses": 178429000,
    "interestIncome": 0,
    "interestExpense": 0,
    "depreciationAndAmortization": 1101000,
    "ebitda": 66878000,
    "ebitdaratio": 0.2738589551,
    "operatingIncome": 65777000,
    "operatingIncomeRatio": 0.2693504664,
    "totalOtherIncomeExpensesNet": -2523000,
    "incomeBeforeTax": 63254000,
    "incomeBeforeTaxRatio": 0.2590190249,
    "incomeTaxExpense": 21689000,
    "netIncome": 41565000,
    "netIncomeRatio": 0.1702046633,
    "eps": 0.0383,
    "epsdiluted": 0.0367,
    "weightedAverageShsOut": 1085196000,
    "weightedAverageShsOutDil": 1143792000,
    "link": "https://www.sec.gov/Archives/edgar/data/865752/000110465909031553/0001104659-09-031553-index.htm",
    "finalLink": "https://www.sec.gov/Archives/edgar/data/865752/000110465909031553/a09-11457_110q.htm"
  },
  {
    "date": "2008-12-31",
    "symbol": "MNST",
    "reportedCurrency": "USD",
    "cik": "0000865752",
    "fillingDate": "2009-03-02",
    "acceptedDate": "2009-03-02 17:04:54",
    "calendarYear": "2008",
    "period": "Q4",
    "revenue": 254372000,
    "costOfRevenue": 115947000,
    "grossProfit": 138425000,
    "grossProfitRatio": 0.5441833221,
    "researchAndDevelopmentExpenses": 0,
    "generalAndAdministrativeExpenses": 0,
    "sellingAndMarketingExpenses": 0,
    "sellingGeneralAndAdministrativeExpenses": 0,
    "otherExpenses": 177643000,
    "operatingExpenses": 177643000,
    "costAndExpenses": 293590000,
    "interestIncome": 0,
    "interestExpense": 0,
    "depreciationAndAmortization": 871000,
    "ebitda": -38347000,
    "ebitdaratio": -0.1507516551,
    "operatingIncome": -39218000,
    "operatingIncomeRatio": -0.1541757741,
    "totalOtherIncomeExpensesNet": 1380000,
    "incomeBeforeTax": -37838000,
    "incomeBeforeTaxRatio": -0.1487506487,
    "incomeTaxExpense": -14390000,
    "netIncome": -23448000,
    "netIncomeRatio": -0.0921799569,
    "eps": -0.0211,
    "epsdiluted": -0.02,
    "weightedAverageShsOut": 1110180000,
    "weightedAverageShsOutDil": 1170360000,
    "link": "https://www.sec.gov/Archives/edgar/data/865752/000110465909013530/0001104659-09-013530-index.htm",
    "finalLink": "https://www.sec.gov/Archives/edgar/data/865752/000110465909013530/a09-6007_110k.htm"
  },
  {
    "date": "2008-09-30",
    "symbol": "MNST",
    "reportedCurrency": "USD",
    "cik": "0000865752",
    "fillingDate": "2008-11-10",
    "acceptedDate": "2008-11-10 17:19:32",
    "calendarYear": "2008",
    "period": "Q3",
    "revenue": 284986000,
    "costOfRevenue": 135550000,
    "grossProfit": 149436000,
    "grossProfitRatio": 0.5243626003,
    "researchAndDevelopmentExpenses": 0,
    "generalAndAdministrativeExpenses": 0,
    "sellingAndMarketingExpenses": 0,
    "sellingGeneralAndAdministrativeExpenses": 67644000,
    "otherExpenses": 0,
    "operatingExpenses": 67644000,
    "costAndExpenses": 203194000,
    "interestIncome": 0,
    "interestExpense": 0,
    "depreciationAndAmortization": 1035000,
    "ebitda": 82827000,
    "ebitdaratio": 0.2906353295,
    "operatingIncome": 81792000,
    "operatingIncomeRatio": 0.2870035721,
    "totalOtherIncomeExpensesNet": 2111000,
    "incomeBeforeTax": 83903000,
    "incomeBeforeTaxRatio": 0.2944109535,
    "incomeTaxExpense": 31466000,
    "netIncome": 52437000,
    "netIncomeRatio": 0.1839985122,
    "eps": 0.0475,
    "epsdiluted": 0.045,
    "weightedAverageShsOut": 1108044000,
    "weightedAverageShsOutDil": 1162992000,
    "link": "https://www.sec.gov/Archives/edgar/data/865752/000110465908069824/0001104659-08-069824-index.htm",
    "finalLink": "https://www.sec.gov/Archives/edgar/data/865752/000110465908069824/a08-25817_110q.htm"
  },
  {
    "date": "2008-06-30",
    "symbol": "MNST",
    "reportedCurrency": "USD",
    "cik": "0000865752",
    "fillingDate": "2008-08-11",
    "acceptedDate": "2008-08-11 15:57:19",
    "calendarYear": "2008",
    "period": "Q2",
    "revenue": 282244000,
    "costOfRevenue": 136031000,
    "grossProfit": 146213000,
    "grossProfitRatio": 0.5180375845,
    "researchAndDevelopmentExpenses": 0,
    "generalAndAdministrativeExpenses": 0,
    "sellingAndMarketingExpenses": 0,
    "sellingGeneralAndAdministrativeExpenses": 68023000,
    "otherExpenses": 0,
    "operatingExpenses": 68023000,
    "costAndExpenses": 204054000,
    "interestIncome": 0,
    "interestExpense": 0,
    "depreciationAndAmortization": 822000,
    "ebitda": 79012000,
    "ebitdaratio": 0.2799421777,
    "operatingIncome": 78190000,
    "operatingIncomeRatio": 0.277029804,
    "totalOtherIncomeExpensesNet": 2769000,
    "incomeBeforeTax": 80959000,
    "incomeBeforeTaxRatio": 0.2868404643,
    "incomeTaxExpense": 30727000,
    "netIncome": 50232000,
    "netIncomeRatio": 0.1779736682,
    "eps": 0.045,
    "epsdiluted": 0.0425,
    "weightedAverageShsOut": 1114932000,
    "weightedAverageShsOutDil": 1175952000,
    "link": "https://www.sec.gov/Archives/edgar/data/865752/000110465908051847/0001104659-08-051847-index.htm",
    "finalLink": "https://www.sec.gov/Archives/edgar/data/865752/000110465908051847/a08-19215_110q.htm"
  },
  {
    "date": "2008-03-31",
    "symbol": "MNST",
    "reportedCurrency": "USD",
    "cik": "0000865752",
    "fillingDate": "2008-05-12",
    "acceptedDate": "2008-05-12 13:58:21",
    "calendarYear": "2008",
    "period": "Q1",
    "revenue": 212178000,
    "costOfRevenue": 107459000,
    "grossProfit": 104719000,
    "grossProfitRatio": 0.4935431572,
    "researchAndDevelopmentExpenses": 0,
    "generalAndAdministrativeExpenses": 0,
    "sellingAndMarketingExpenses": 0,
    "sellingGeneralAndAdministrativeExpenses": 61891000,
    "otherExpenses": 0,
    "operatingExpenses": 61891000,
    "costAndExpenses": 169350000,
    "interestIncome": 0,
    "interestExpense": 0,
    "depreciationAndAmortization": 744000,
    "ebitda": 43572000,
    "ebitdaratio": 0.2053558804,
    "operatingIncome": 42828000,
    "operatingIncomeRatio": 0.2018493906,
    "totalOtherIncomeExpensesNet": 3626000,
    "incomeBeforeTax": 46454000,
    "incomeBeforeTaxRatio": 0.2189388155,
    "incomeTaxExpense": 17643000,
    "netIncome": 28811000,
    "netIncomeRatio": 0.1357869336,
    "eps": 0.0258,
    "epsdiluted": 0.0242,
    "weightedAverageShsOut": 1119768000,
    "weightedAverageShsOutDil": 1188084000,
    "link": "https://www.sec.gov/Archives/edgar/data/865752/000110465908032305/0001104659-08-032305-index.htm",
    "finalLink": "https://www.sec.gov/Archives/edgar/data/865752/000110465908032305/a08-14015_210q.htm"
  },
  {
    "date": "2007-12-31",
    "symbol": "MNST",
    "reportedCurrency": "USD",
    "cik": "0000865752",
    "fillingDate": "2008-02-29",
    "acceptedDate": "2008-02-29 17:08:34",
    "calendarYear": "2007",
    "period": "Q4",
    "revenue": 246639000,
    "costOfRevenue": 120897000,
    "grossProfit": 125742000,
    "grossProfitRatio": 0.5098220476,
    "researchAndDevelopmentExpenses": 0,
    "generalAndAdministrativeExpenses": 0,
    "sellingAndMarketingExpenses": 0,
    "sellingGeneralAndAdministrativeExpenses": 61468000,
    "otherExpenses": 0,
    "operatingExpenses": 61468000,
    "costAndExpenses": 182365000,
    "interestIncome": 0,
    "interestExpense": 0,
    "depreciationAndAmortization": 654000,
    "ebitda": 64928000,
    "ebitdaratio": 0.2632511484,
    "operatingIncome": 64274000,
    "operatingIncomeRatio": 0.2605994997,
    "totalOtherIncomeExpensesNet": 3331000,
    "incomeBeforeTax": 67605000,
    "incomeBeforeTaxRatio": 0.2741050685,
    "incomeTaxExpense": 22505000,
    "netIncome": 45100000,
    "netIncomeRatio": 0.1828583476,
    "eps": 0.0201,
    "epsdiluted": 0.0201,
    "weightedAverageShsOut": 1094136000,
    "weightedAverageShsOutDil": 1186488000,
    "link": "https://www.sec.gov/Archives/edgar/data/865752/000086575208000013/0000865752-08-000013-index.htm",
    "finalLink": "https://www.sec.gov/Archives/edgar/data/865752/000086575208000013/k123107a.htm"
  },
  {
    "date": "2007-09-30",
    "symbol": "MNST",
    "reportedCurrency": "USD",
    "cik": "0000865752",
    "fillingDate": "2007-11-09",
    "acceptedDate": "2007-11-09 17:16:45",
    "calendarYear": "2007",
    "period": "Q3",
    "revenue": 247211000,
    "costOfRevenue": 118829000,
    "grossProfit": 128382000,
    "grossProfitRatio": 0.5193215512,
    "researchAndDevelopmentExpenses": 0,
    "generalAndAdministrativeExpenses": 0,
    "sellingAndMarketingExpenses": 0,
    "sellingGeneralAndAdministrativeExpenses": 55002000,
    "otherExpenses": 0,
    "operatingExpenses": 55002000,
    "costAndExpenses": 173831000,
    "interestIncome": 0,
    "interestExpense": 0,
    "depreciationAndAmortization": 583000,
    "ebitda": 73963000,
    "ebitdaratio": 0.299189761,
    "operatingIncome": 73380000,
    "operatingIncomeRatio": 0.2968314517,
    "totalOtherIncomeExpensesNet": 2161000,
    "incomeBeforeTax": 75541000,
    "incomeBeforeTaxRatio": 0.3055729721,
    "incomeTaxExpense": 29744000,
    "netIncome": 45797000,
    "netIncomeRatio": 0.1852547014,
    "eps": 0.0417,
    "epsdiluted": 0.0383,
    "weightedAverageShsOut": 1098864000,
    "weightedAverageShsOutDil": 1186740000,
    "link": "https://www.sec.gov/Archives/edgar/data/865752/000086575207000136/0000865752-07-000136-index.htm",
    "finalLink": "https://www.sec.gov/Archives/edgar/data/865752/000086575207000136/q093007.htm"
  },
  {
    "date": "2007-06-30",
    "symbol": "MNST",
    "reportedCurrency": "USD",
    "cik": "0000865752",
    "fillingDate": "2007-08-09",
    "acceptedDate": "2007-08-09 16:50:50",
    "calendarYear": "2007",
    "period": "Q2",
    "revenue": 244763000,
    "costOfRevenue": 116510000,
    "grossProfit": 128253000,
    "grossProfitRatio": 0.5239885113,
    "researchAndDevelopmentExpenses": 0,
    "generalAndAdministrativeExpenses": 0,
    "sellingAndMarketingExpenses": 0,
    "sellingGeneralAndAdministrativeExpenses": 66830000,
    "otherExpenses": 0,
    "operatingExpenses": 66830000,
    "costAndExpenses": 183340000,
    "interestIncome": 0,
    "interestExpense": 0,
    "depreciationAndAmortization": 503000,
    "ebitda": 61926000,
    "ebitdaratio": 0.2530039262,
    "operatingIncome": 61423000,
    "operatingIncomeRatio": 0.2509488771,
    "totalOtherIncomeExpensesNet": 1752000,
    "incomeBeforeTax": 63175000,
    "incomeBeforeTaxRatio": 0.2581068217,
    "incomeTaxExpense": 24864000,
    "netIncome": 38311000,
    "netIncomeRatio": 0.1565228405,
    "eps": 0.0358,
    "epsdiluted": 0.0325,
    "weightedAverageShsOut": 1081416000,
    "weightedAverageShsOutDil": 1181460000,
    "link": "https://www.sec.gov/Archives/edgar/data/865752/000086575207000077/0000865752-07-000077-index.htm",
    "finalLink": "https://www.sec.gov/Archives/edgar/data/865752/000086575207000077/q063007.htm"
  },
  {
    "date": "2007-03-31",
    "symbol": "MNST",
    "reportedCurrency": "USD",
    "cik": "0000865752",
    "fillingDate": "2007-06-19",
    "acceptedDate": "2007-06-19 17:23:53",
    "calendarYear": "2007",
    "period": "Q1",
    "revenue": 165853000,
    "costOfRevenue": 80216000,
    "grossProfit": 85637000,
    "grossProfitRatio": 0.5163427855,
    "researchAndDevelopmentExpenses": 0,
    "generalAndAdministrativeExpenses": 0,
    "sellingAndMarketingExpenses": 0,
    "sellingGeneralAndAdministrativeExpenses": 53727000,
    "otherExpenses": 0,
    "operatingExpenses": 53727000,
    "costAndExpenses": 133943000,
    "interestIncome": 0,
    "interestExpense": 0,
    "depreciationAndAmortization": 444000,
    "ebitda": 32354000,
    "ebitdaratio": 0.1950763628,
    "operatingIncome": 31910000,
    "operatingIncomeRatio": 0.1923992934,
    "totalOtherIncomeExpensesNet": 1526000,
    "incomeBeforeTax": 33436000,
    "incomeBeforeTaxRatio": 0.2016002122,
    "incomeTaxExpense": 13238000,
    "netIncome": 20198000,
    "netIncomeRatio": 0.1217825424,
    "eps": 0.0183,
    "epsdiluted": 0.0175,
    "weightedAverageShsOut": 1080708000,
    "weightedAverageShsOutDil": 1179612000,
    "link": "https://www.sec.gov/Archives/edgar/data/865752/000086575207000046/0000865752-07-000046-index.htm",
    "finalLink": "https://www.sec.gov/Archives/edgar/data/865752/000086575207000046/q033107.htm"
  },
  {
    "date": "2006-12-31",
    "symbol": "MNST",
    "reportedCurrency": "USD",
    "cik": "0000865752",
    "fillingDate": "2007-06-06",
    "acceptedDate": "2007-06-06 16:15:36",
    "calendarYear": "2006",
    "period": "Q4",
    "revenue": 151344000,
    "costOfRevenue": 70922000,
    "grossProfit": 80422000,
    "grossProfitRatio": 0.531385453,
    "researchAndDevelopmentExpenses": 0,
    "generalAndAdministrativeExpenses": 0,
    "sellingAndMarketingExpenses": 0,
    "sellingGeneralAndAdministrativeExpenses": 44766000,
    "otherExpenses": 0,
    "operatingExpenses": 44766000,
    "costAndExpenses": 115688000,
    "interestIncome": 0,
    "interestExpense": 0,
    "depreciationAndAmortization": 438000,
    "ebitda": 36094000,
    "ebitdaratio": 0.2384897981,
    "operatingIncome": 35656000,
    "operatingIncomeRatio": 0.2355957289,
    "totalOtherIncomeExpensesNet": 1040000,
    "incomeBeforeTax": 36696000,
    "incomeBeforeTaxRatio": 0.2424674913,
    "incomeTaxExpense": 14495000,
    "netIncome": 22201000,
    "netIncomeRatio": 0.1466923036,
    "eps": 0.0103,
    "epsdiluted": 0.0103,
    "weightedAverageShsOut": 1079232000,
    "weightedAverageShsOutDil": 1183032000,
    "link": "https://www.sec.gov/Archives/edgar/data/865752/000110465907045794/0001104659-07-045794-index.htm",
    "finalLink": "https://www.sec.gov/Archives/edgar/data/865752/000110465907045794/a07-15843_110k.htm"
  },
  {
    "date": "2006-09-30",
    "symbol": "MNST",
    "reportedCurrency": "USD",
    "cik": "0000865752",
    "fillingDate": "2007-05-14",
    "acceptedDate": "2007-05-14 17:19:00",
    "calendarYear": "2006",
    "period": "Q3",
    "revenue": 178647000,
    "costOfRevenue": 86463000,
    "grossProfit": 92184000,
    "grossProfitRatio": 0.5160120237,
    "researchAndDevelopmentExpenses": 0,
    "generalAndAdministrativeExpenses": 0,
    "sellingAndMarketingExpenses": 0,
    "sellingGeneralAndAdministrativeExpenses": 49842000,
    "otherExpenses": 0,
    "operatingExpenses": 49842000,
    "costAndExpenses": 136305000,
    "interestIncome": 0,
    "interestExpense": 0,
    "depreciationAndAmortization": 446000,
    "ebitda": 42788000,
    "ebitdaratio": 0.2395114388,
    "operatingIncome": 42342000,
    "operatingIncomeRatio": 0.2370148953,
    "totalOtherIncomeExpensesNet": 1047000,
    "incomeBeforeTax": 43389000,
    "incomeBeforeTaxRatio": 0.242875615,
    "incomeTaxExpense": 16932000,
    "netIncome": 26457000,
    "netIncomeRatio": 0.1480965256,
    "eps": 0.0242,
    "epsdiluted": 0.0225,
    "weightedAverageShsOut": 1086108000,
    "weightedAverageShsOutDil": 1186068000,
    "link": "https://www.sec.gov/Archives/edgar/data/865752/000086575207000040/0000865752-07-000040-index.htm",
    "finalLink": "https://www.sec.gov/Archives/edgar/data/865752/000086575207000040/q093006.htm"
  },
  {
    "date": "2006-06-30",
    "symbol": "MNST",
    "reportedCurrency": "USD",
    "cik": "0000865752",
    "fillingDate": "2006-08-09",
    "acceptedDate": "2006-08-09 17:17:19",
    "calendarYear": "2006",
    "period": "Q2",
    "revenue": 156037000,
    "costOfRevenue": 75047000,
    "grossProfit": 80990000,
    "grossProfitRatio": 0.5190435602,
    "researchAndDevelopmentExpenses": 0,
    "generalAndAdministrativeExpenses": 0,
    "sellingAndMarketingExpenses": 0,
    "sellingGeneralAndAdministrativeExpenses": 35238000,
    "otherExpenses": 0,
    "operatingExpenses": 35238000,
    "costAndExpenses": 110285000,
    "interestIncome": 0,
    "interestExpense": 0,
    "depreciationAndAmortization": 382000,
    "ebitda": 46134000,
    "ebitdaratio": 0.2956606446,
    "operatingIncome": 45752000,
    "operatingIncomeRatio": 0.2932125073,
    "totalOtherIncomeExpensesNet": 872000,
    "incomeBeforeTax": 46624000,
    "incomeBeforeTaxRatio": 0.2988009254,
    "incomeTaxExpense": 18424000,
    "netIncome": 28200000,
    "netIncomeRatio": 0.1807263662,
    "eps": 0.0258,
    "epsdiluted": 0.0233,
    "weightedAverageShsOut": 1078944000,
    "weightedAverageShsOutDil": 1191468000,
    "link": "https://www.sec.gov/Archives/edgar/data/865752/000086575206000155/0000865752-06-000155-index.htm",
    "finalLink": "https://www.sec.gov/Archives/edgar/data/865752/000086575206000155/q63006c.htm"
  },
  {
    "date": "2006-03-31",
    "symbol": "MNST",
    "reportedCurrency": "USD",
    "cik": "0000865752",
    "fillingDate": "2006-05-10",
    "acceptedDate": "2006-05-10 17:12:37",
    "calendarYear": "2006",
    "period": "Q1",
    "revenue": 119746000,
    "costOfRevenue": 56748386,
    "grossProfit": 62997872,
    "grossProfitRatio": 0.5260958362,
    "researchAndDevelopmentExpenses": 0,
    "generalAndAdministrativeExpenses": 0,
    "sellingAndMarketingExpenses": 0,
    "sellingGeneralAndAdministrativeExpenses": 28169000,
    "otherExpenses": 0,
    "operatingExpenses": 28169000,
    "costAndExpenses": 84917000,
    "interestIncome": 0,
    "interestExpense": 0,
    "depreciationAndAmortization": 328000,
    "ebitda": 35157000,
    "ebitdaratio": 0.2935964458,
    "operatingIncome": 34829000,
    "operatingIncomeRatio": 0.2908573146,
    "totalOtherIncomeExpensesNet": 702000,
    "incomeBeforeTax": 35531000,
    "incomeBeforeTaxRatio": 0.2967197234,
    "incomeTaxExpense": 14440000,
    "netIncome": 21091000,
    "netIncomeRatio": 0.1761311443,
    "eps": 0.0192,
    "epsdiluted": 0.0175,
    "weightedAverageShsOut": 1089408000,
    "weightedAverageShsOutDil": 1207428000,
    "link": "https://www.sec.gov/Archives/edgar/data/865752/000086575206000117/0000865752-06-000117-index.htm",
    "finalLink": "https://www.sec.gov/Archives/edgar/data/865752/000086575206000117/q033106.htm"
  },
  {
    "date": "2005-12-31",
    "symbol": "MNST",
    "reportedCurrency": "USD",
    "cik": "0000865752",
    "fillingDate": "2006-03-15",
    "acceptedDate": "2006-03-15 17:29:26",
    "calendarYear": "2005",
    "period": "Q4",
    "revenue": 98009719,
    "costOfRevenue": 46066784,
    "grossProfit": 51942935,
    "grossProfitRatio": 0.5299773893,
    "researchAndDevelopmentExpenses": 0,
    "generalAndAdministrativeExpenses": 0,
    "sellingAndMarketingExpenses": 0,
    "sellingGeneralAndAdministrativeExpenses": 22127620,
    "otherExpenses": 25908,
    "operatingExpenses": 22153528,
    "costAndExpenses": 68220312,
    "interestIncome": 0,
    "interestExpense": 0,
    "depreciationAndAmortization": 331319,
    "ebitda": 30120726,
    "ebitdaratio": 0.3073238686,
    "operatingIncome": 29789407,
    "operatingIncomeRatio": 0.3039433977,
    "totalOtherIncomeExpensesNet": 657154,
    "incomeBeforeTax": 30446561,
    "incomeBeforeTaxRatio": 0.3106483858,
    "incomeTaxExpense": 12006340,
    "netIncome": 18440221,
    "netIncomeRatio": 0.1881468612,
    "eps": 0.0174,
    "epsdiluted": 0.0158,
    "weightedAverageShsOut": 1058687184,
    "weightedAverageShsOutDil": 1165067280,
    "link": "https://www.sec.gov/Archives/edgar/data/865752/000086575206000099/0000865752-06-000099-index.htm",
    "finalLink": "https://www.sec.gov/Archives/edgar/data/865752/000086575206000099/k123005b.txt"
  },
  {
    "date": "2005-09-30",
    "symbol": "MNST",
    "reportedCurrency": "USD",
    "cik": "0000865752",
    "fillingDate": "2005-11-09",
    "acceptedDate": "2005-11-09 17:28:03",
    "calendarYear": "2005",
    "period": "Q3",
    "revenue": 105421454,
    "costOfRevenue": 50077785,
    "grossProfit": 55343669,
    "grossProfitRatio": 0.5249753907,
    "researchAndDevelopmentExpenses": 0,
    "generalAndAdministrativeExpenses": 0,
    "sellingAndMarketingExpenses": 0,
    "sellingGeneralAndAdministrativeExpenses": 21752406,
    "otherExpenses": 16008,
    "operatingExpenses": 21768414,
    "costAndExpenses": 71846199,
    "interestIncome": 0,
    "interestExpense": 0,
    "depreciationAndAmortization": 288681,
    "ebitda": 33863936,
    "ebitdaratio": 0.3212243307,
    "operatingIncome": 33575255,
    "operatingIncomeRatio": 0.3184859791,
    "totalOtherIncomeExpensesNet": 323452,
    "incomeBeforeTax": 33898707,
    "incomeBeforeTaxRatio": 0.3215541592,
    "incomeTaxExpense": 13653339,
    "netIncome": 20245368,
    "netIncomeRatio": 0.1920422004,
    "eps": 0.0192,
    "epsdiluted": 0.0173,
    "weightedAverageShsOut": 1061757552,
    "weightedAverageShsOutDil": 1168048416,
    "link": "https://www.sec.gov/Archives/edgar/data/865752/000086575205000082/0000865752-05-000082-index.htm",
    "finalLink": "https://www.sec.gov/Archives/edgar/data/865752/000086575205000082/q093005.txt"
  },
  {
    "date": "2005-06-30",
    "symbol": "MNST",
    "reportedCurrency": "USD",
    "cik": "0000865752",
    "fillingDate": "2005-08-09",
    "acceptedDate": "2005-08-09 16:48:54",
    "calendarYear": "2005",
    "period": "Q2",
    "revenue": 85441000,
    "costOfRevenue": 40513477,
    "grossProfit": 44927078,
    "grossProfitRatio": 0.5258257511,
    "researchAndDevelopmentExpenses": 0,
    "generalAndAdministrativeExpenses": 0,
    "sellingAndMarketingExpenses": 0,
    "sellingGeneralAndAdministrativeExpenses": 19572000,
    "otherExpenses": 0,
    "operatingExpenses": 19572000,
    "costAndExpenses": 60086000,
    "interestIncome": 0,
    "interestExpense": 0,
    "depreciationAndAmortization": 261201,
    "ebitda": 25616201,
    "ebitdaratio": 0.2998115776,
    "operatingIncome": 25355000,
    "operatingIncomeRatio": 0.2967544856,
    "totalOtherIncomeExpensesNet": 254000,
    "incomeBeforeTax": 25609000,
    "incomeBeforeTaxRatio": 0.2997272972,
    "incomeTaxExpense": 10363000,
    "netIncome": 15246000,
    "netIncomeRatio": 0.1784389228,
    "eps": 0.0142,
    "epsdiluted": 0.0133,
    "weightedAverageShsOut": 1053672000,
    "weightedAverageShsOutDil": 1170492000,
    "link": "https://www.sec.gov/Archives/edgar/data/865752/000086575205000052/0000865752-05-000052-index.htm",
    "finalLink": "https://www.sec.gov/Archives/edgar/data/865752/000086575205000052/q063005.txt"
  },
  {
    "date": "2005-03-31",
    "symbol": "MNST",
    "reportedCurrency": "USD",
    "cik": "0000865752",
    "fillingDate": "2005-05-10",
    "acceptedDate": "2005-05-10 17:23:44",
    "calendarYear": "2005",
    "period": "Q1",
    "revenue": 60014272,
    "costOfRevenue": 29684954,
    "grossProfit": 30329318,
    "grossProfitRatio": 0.505368423,
    "researchAndDevelopmentExpenses": 0,
    "generalAndAdministrativeExpenses": 0,
    "sellingAndMarketingExpenses": 0,
    "sellingGeneralAndAdministrativeExpenses": 15591572,
    "otherExpenses": 14246,
    "operatingExpenses": 15605818,
    "costAndExpenses": 45290772,
    "interestIncome": 0,
    "interestExpense": 0,
    "depreciationAndAmortization": 197799,
    "ebitda": 14921299,
    "ebitdaratio": 0.2486291761,
    "operatingIncome": 14723500,
    "operatingIncomeRatio": 0.24533331,
    "totalOtherIncomeExpensesNet": 117518,
    "incomeBeforeTax": 14841018,
    "incomeBeforeTaxRatio": 0.2472914776,
    "incomeTaxExpense": 5996305,
    "netIncome": 8844713,
    "netIncomeRatio": 0.1473768273,
    "eps": 0.0083,
    "epsdiluted": 0.0077,
    "weightedAverageShsOut": 1049828064,
    "weightedAverageShsOutDil": 1157839968,
    "link": "https://www.sec.gov/Archives/edgar/data/865752/000086575205000026/0000865752-05-000026-index.htm",
    "finalLink": "https://www.sec.gov/Archives/edgar/data/865752/000086575205000026/q033105.txt"
  },
  {
    "date": "2004-12-31",
    "symbol": "MNST",
    "reportedCurrency": "USD",
    "cik": "0000865752",
    "fillingDate": "2005-03-16",
    "acceptedDate": "2005-03-16 15:13:04",
    "calendarYear": "2004",
    "period": "Q4",
    "revenue": 50337332,
    "costOfRevenue": 25346905,
    "grossProfit": 24990427,
    "grossProfitRatio": 0.4964591091,
    "researchAndDevelopmentExpenses": 0,
    "generalAndAdministrativeExpenses": 0,
    "sellingAndMarketingExpenses": 0,
    "sellingGeneralAndAdministrativeExpenses": 13063306,
    "otherExpenses": 14403,
    "operatingExpenses": 13077709,
    "costAndExpenses": 38424614,
    "interestIncome": 0,
    "interestExpense": 0,
    "depreciationAndAmortization": 233903,
    "ebitda": 12146621,
    "ebitdaratio": 0.2413044259,
    "operatingIncome": 11912718,
    "operatingIncomeRatio": 0.2366577156,
    "totalOtherIncomeExpensesNet": 79147,
    "incomeBeforeTax": 11991865,
    "incomeBeforeTaxRatio": 0.2382300476,
    "incomeTaxExpense": 4665139,
    "netIncome": 7326726,
    "netIncomeRatio": 0.1455525295,
    "eps": 0.0035,
    "epsdiluted": 0.0035,
    "weightedAverageShsOut": 1024021632,
    "weightedAverageShsOutDil": 1133754240,
    "link": "https://www.sec.gov/Archives/edgar/data/865752/000086575205000008/0000865752-05-000008-index.htm",
    "finalLink": "https://www.sec.gov/Archives/edgar/data/865752/000086575205000008/k123104.txt"
  },
  {
    "date": "2004-09-30",
    "symbol": "MNST",
    "reportedCurrency": "USD",
    "cik": "0000865752",
    "fillingDate": "2004-11-15",
    "acceptedDate": "2004-11-15 17:22:07",
    "calendarYear": "2004",
    "period": "Q3",
    "revenue": 52641477,
    "costOfRevenue": 28832269,
    "grossProfit": 23809208,
    "grossProfitRatio": 0.452289893,
    "researchAndDevelopmentExpenses": 0,
    "generalAndAdministrativeExpenses": 0,
    "sellingAndMarketingExpenses": 0,
    "sellingGeneralAndAdministrativeExpenses": 13865099,
    "otherExpenses": 19278,
    "operatingExpenses": 13884377,
    "costAndExpenses": 42716646,
    "interestIncome": 0,
    "interestExpense": 0,
    "depreciationAndAmortization": 213719,
    "ebitda": 10138550,
    "ebitdaratio": 0.1925962298,
    "operatingIncome": 9924831,
    "operatingIncomeRatio": 0.1885363323,
    "totalOtherIncomeExpensesNet": -8104,
    "incomeBeforeTax": 9916727,
    "incomeBeforeTaxRatio": 0.1883823852,
    "incomeTaxExpense": 4118079,
    "netIncome": 5798648,
    "netIncomeRatio": 0.1101535962,
    "eps": 0.0056,
    "epsdiluted": 0.005,
    "weightedAverageShsOut": 1038351072,
    "weightedAverageShsOutDil": 1136909184,
    "link": "https://www.sec.gov/Archives/edgar/data/865752/000086575204000043/0000865752-04-000043-index.htm",
    "finalLink": "https://www.sec.gov/Archives/edgar/data/865752/000086575204000043/q093004.txt"
  },
  {
    "date": "2004-06-30",
    "symbol": "MNST",
    "reportedCurrency": "USD",
    "cik": "0000865752",
    "fillingDate": "2004-08-13",
    "acceptedDate": "2004-08-13 17:27:15",
    "calendarYear": "2004",
    "period": "Q2",
    "revenue": 46063543,
    "costOfRevenue": 25304614,
    "grossProfit": 20758929,
    "grossProfitRatio": 0.4506585392,
    "researchAndDevelopmentExpenses": 0,
    "generalAndAdministrativeExpenses": 0,
    "sellingAndMarketingExpenses": 0,
    "sellingGeneralAndAdministrativeExpenses": 12335494,
    "otherExpenses": 19269,
    "operatingExpenses": 12354763,
    "costAndExpenses": 37659377,
    "interestIncome": 0,
    "interestExpense": 0,
    "depreciationAndAmortization": 188160,
    "ebitda": 8592326,
    "ebitdaratio": 0.186532026,
    "operatingIncome": 8404166,
    "operatingIncomeRatio": 0.1824472338,
    "totalOtherIncomeExpensesNet": -8434,
    "incomeBeforeTax": 8395732,
    "incomeBeforeTaxRatio": 0.1822641389,
    "incomeTaxExpense": 3317583,
    "netIncome": 5078149,
    "netIncomeRatio": 0.1102422582,
    "eps": 0.005,
    "epsdiluted": 0.0045,
    "weightedAverageShsOut": 1009985280,
    "weightedAverageShsOutDil": 1121501760,
    "link": "https://www.sec.gov/Archives/edgar/data/865752/000086575204000034/0000865752-04-000034-index.htm",
    "finalLink": "https://www.sec.gov/Archives/edgar/data/865752/000086575204000034/qdocument063004.txt"
  },
  {
    "date": "2004-03-31",
    "symbol": "MNST",
    "reportedCurrency": "USD",
    "cik": "0000865752",
    "fillingDate": "2004-05-17",
    "acceptedDate": "2004-05-14 18:30:21",
    "calendarYear": "2004",
    "period": "Q1",
    "revenue": 31298783,
    "costOfRevenue": 17390962,
    "grossProfit": 13907821,
    "grossProfitRatio": 0.4443566065,
    "researchAndDevelopmentExpenses": 0,
    "generalAndAdministrativeExpenses": 0,
    "sellingAndMarketingExpenses": 0,
    "sellingGeneralAndAdministrativeExpenses": 10243238,
    "otherExpenses": 20096,
    "operatingExpenses": 10263334,
    "costAndExpenses": 27654296,
    "interestIncome": 0,
    "interestExpense": 0,
    "depreciationAndAmortization": 207677,
    "ebitda": 3852164,
    "ebitdaratio": 0.1230771177,
    "operatingIncome": 3644487,
    "operatingIncomeRatio": 0.1164418118,
    "totalOtherIncomeExpensesNet": -10614,
    "incomeBeforeTax": 3633873,
    "incomeBeforeTaxRatio": 0.1161026932,
    "incomeTaxExpense": 1450592,
    "netIncome": 2183281,
    "netIncomeRatio": 0.0697560988,
    "eps": 0.0022,
    "epsdiluted": 0.002,
    "weightedAverageShsOut": 1001737920,
    "weightedAverageShsOutDil": 1100508768,
    "link": "https://www.sec.gov/Archives/edgar/data/865752/000086575204000031/0000865752-04-000031-index.htm",
    "finalLink": "https://www.sec.gov/Archives/edgar/data/865752/000086575204000031/q10033104.txt"
  },
  {
    "date": "2003-12-31",
    "symbol": "MNST",
    "reportedCurrency": "USD",
    "cik": "0000865752",
    "fillingDate": "2004-03-30",
    "acceptedDate": "2004-03-30 16:58:40",
    "calendarYear": "2003",
    "period": "Q4",
    "revenue": 26565622,
    "costOfRevenue": 15825832,
    "grossProfit": 10739790,
    "grossProfitRatio": 0.4042739899,
    "researchAndDevelopmentExpenses": 0,
    "generalAndAdministrativeExpenses": 0,
    "sellingAndMarketingExpenses": 0,
    "sellingGeneralAndAdministrativeExpenses": 8851711,
    "otherExpenses": 25309,
    "operatingExpenses": 8877020,
    "costAndExpenses": 24702852,
    "interestIncome": 0,
    "interestExpense": 0,
    "depreciationAndAmortization": 193267,
    "ebitda": 2056037,
    "ebitdaratio": 0.0773946494,
    "operatingIncome": 1862770,
    "operatingIncomeRatio": 0.0701195703,
    "totalOtherIncomeExpensesNet": -9722,
    "incomeBeforeTax": 1853048,
    "incomeBeforeTaxRatio": 0.0697536086,
    "incomeTaxExpense": 626734,
    "netIncome": 1226314,
    "netIncomeRatio": 0.0461616897,
    "eps": 0.0006,
    "epsdiluted": 0.0006,
    "weightedAverageShsOut": 986756160,
    "weightedAverageShsOutDil": 1033167072,
    "link": "https://www.sec.gov/Archives/edgar/data/865752/000086575204000022/0000865752-04-000022-index.htm",
    "finalLink": "https://www.sec.gov/Archives/edgar/data/865752/000086575204000022/k123103.txt"
  },
  {
    "date": "2003-09-30",
    "symbol": "MNST",
    "reportedCurrency": "USD",
    "cik": "0000865752",
    "fillingDate": "2003-11-14",
    "acceptedDate": "2003-11-14 17:09:50",
    "calendarYear": "2003",
    "period": "Q3",
    "revenue": 33291088,
    "costOfRevenue": 20004236,
    "grossProfit": 13286852,
    "grossProfitRatio": 0.3991113778,
    "researchAndDevelopmentExpenses": 0,
    "generalAndAdministrativeExpenses": 0,
    "sellingAndMarketingExpenses": 0,
    "sellingGeneralAndAdministrativeExpenses": 9743117,
    "otherExpenses": 15346,
    "operatingExpenses": 9758463,
    "costAndExpenses": 29762699,
    "interestIncome": 0,
    "interestExpense": 0,
    "depreciationAndAmortization": 163692,
    "ebitda": 3692081,
    "ebitdaratio": 0.110902984,
    "operatingIncome": 3528389,
    "operatingIncomeRatio": 0.1059859924,
    "totalOtherIncomeExpensesNet": -9337,
    "incomeBeforeTax": 3519052,
    "incomeBeforeTaxRatio": 0.105705527,
    "incomeTaxExpense": 1425217,
    "netIncome": 2093835,
    "netIncomeRatio": 0.0628947603,
    "eps": 0.0021,
    "epsdiluted": 0.002,
    "weightedAverageShsOut": 984366528,
    "weightedAverageShsOutDil": 1032558912,
    "link": "https://www.sec.gov/Archives/edgar/data/865752/000086575203000028/0000865752-03-000028-index.htm",
    "finalLink": "https://www.sec.gov/Archives/edgar/data/865752/000086575203000028/q093003.txt"
  },
  {
    "date": "2003-06-30",
    "symbol": "MNST",
    "reportedCurrency": "USD",
    "cik": "0000865752",
    "fillingDate": "2003-08-14",
    "acceptedDate": "2003-08-14 16:28:51",
    "calendarYear": "2003",
    "period": "Q2",
    "revenue": 28409138,
    "costOfRevenue": 16960573,
    "grossProfit": 11448565,
    "grossProfitRatio": 0.40298882,
    "researchAndDevelopmentExpenses": 0,
    "generalAndAdministrativeExpenses": 0,
    "sellingAndMarketingExpenses": 0,
    "sellingGeneralAndAdministrativeExpenses": 8100030,
    "otherExpenses": 10817,
    "operatingExpenses": 8110847,
    "costAndExpenses": 25071420,
    "interestIncome": 0,
    "interestExpense": 0,
    "depreciationAndAmortization": 152969,
    "ebitda": 3490687,
    "ebitdaratio": 0.1228719787,
    "operatingIncome": 3337718,
    "operatingIncomeRatio": 0.1174874789,
    "totalOtherIncomeExpensesNet": -14723,
    "incomeBeforeTax": 3322995,
    "incomeBeforeTaxRatio": 0.1169692301,
    "incomeTaxExpense": 1345811,
    "netIncome": 1977184,
    "netIncomeRatio": 0.0695967614,
    "eps": 0.002,
    "epsdiluted": 0.002,
    "weightedAverageShsOut": 984307488,
    "weightedAverageShsOutDil": 1003592064,
    "link": "https://www.sec.gov/Archives/edgar/data/865752/000086575203000014/0000865752-03-000014-index.htm",
    "finalLink": "https://www.sec.gov/Archives/edgar/data/865752/000086575203000014/q063003a.txt"
  },
  {
    "date": "2003-03-31",
    "symbol": "MNST",
    "reportedCurrency": "USD",
    "cik": "0000865752",
    "fillingDate": "2003-05-15",
    "acceptedDate": "2003-05-14 20:08:13",
    "calendarYear": "2003",
    "period": "Q1",
    "revenue": 22086348,
    "costOfRevenue": 13786527,
    "grossProfit": 8299821,
    "grossProfitRatio": 0.3757896507,
    "researchAndDevelopmentExpenses": 0,
    "generalAndAdministrativeExpenses": 0,
    "sellingAndMarketingExpenses": 0,
    "sellingGeneralAndAdministrativeExpenses": 7192187,
    "otherExpenses": 10416,
    "operatingExpenses": 7202603,
    "costAndExpenses": 20989130,
    "interestIncome": 0,
    "interestExpense": 0,
    "depreciationAndAmortization": 136157,
    "ebitda": 1233375,
    "ebitdaratio": 0.05584332,
    "operatingIncome": 1097218,
    "operatingIncomeRatio": 0.0496785616,
    "totalOtherIncomeExpensesNet": -33231,
    "incomeBeforeTax": 1063987,
    "incomeBeforeTaxRatio": 0.048173967,
    "incomeTaxExpense": 430916,
    "netIncome": 633071,
    "netIncomeRatio": 0.0286634531,
    "eps": 0.0006,
    "epsdiluted": 0.0006,
    "weightedAverageShsOut": 978225312,
    "weightedAverageShsOutDil": 1001851488,
    "link": "https://www.sec.gov/Archives/edgar/data/865752/000086575203000008/0000865752-03-000008-index.htm",
    "finalLink": "https://www.sec.gov/Archives/edgar/data/865752/000086575203000008/q033103.txt"
  },
  {
    "date": "2002-12-31",
    "symbol": "MNST",
    "reportedCurrency": "USD",
    "cik": "0000865752",
    "fillingDate": "2003-03-31",
    "acceptedDate": "2003-03-31 16:14:39",
    "calendarYear": "2002",
    "period": "Q4",
    "revenue": 20203924,
    "costOfRevenue": 13282000,
    "grossProfit": 6921924,
    "grossProfitRatio": 0.3426029518,
    "researchAndDevelopmentExpenses": 0,
    "generalAndAdministrativeExpenses": 0,
    "sellingAndMarketingExpenses": 0,
    "sellingGeneralAndAdministrativeExpenses": 6757584,
    "otherExpenses": 15471,
    "operatingExpenses": 6773055,
    "costAndExpenses": 20055055,
    "interestIncome": 0,
    "interestExpense": 0,
    "depreciationAndAmortization": 148660,
    "ebitda": 297529,
    "ebitdaratio": 0.0147262977,
    "operatingIncome": 148869,
    "operatingIncomeRatio": 0.0073683211,
    "totalOtherIncomeExpensesNet": -44960,
    "incomeBeforeTax": 103909,
    "incomeBeforeTaxRatio": 0.0051430108,
    "incomeTaxExpense": 26667,
    "netIncome": 77242,
    "netIncomeRatio": 0.0038231187,
    "eps": 0.0001,
    "epsdiluted": 0.0001,
    "weightedAverageShsOut": 965039904,
    "weightedAverageShsOutDil": 992601984,
    "link": "https://www.sec.gov/Archives/edgar/data/865752/000086575203000004/0000865752-03-000004-index.htm",
    "finalLink": "https://www.sec.gov/Archives/edgar/data/865752/000086575203000004/k10.txt"
  },
  {
    "date": "2002-09-30",
    "symbol": "MNST",
    "reportedCurrency": "USD",
    "cik": "0000865752",
    "fillingDate": "2002-11-14",
    "acceptedDate": "2002-11-14 14:57:41",
    "calendarYear": "2002",
    "period": "Q3",
    "revenue": 26985256,
    "costOfRevenue": 17307405,
    "grossProfit": 9677851,
    "grossProfitRatio": 0.3586347671,
    "researchAndDevelopmentExpenses": 0,
    "generalAndAdministrativeExpenses": 0,
    "sellingAndMarketingExpenses": 0,
    "sellingGeneralAndAdministrativeExpenses": 7478308,
    "otherExpenses": 13415,
    "operatingExpenses": 7491723,
    "costAndExpenses": 24799128,
    "interestIncome": 0,
    "interestExpense": 0,
    "depreciationAndAmortization": 136513,
    "ebitda": 2322641,
    "ebitdaratio": 0.0860707417,
    "operatingIncome": 2186128,
    "operatingIncomeRatio": 0.0810119422,
    "totalOtherIncomeExpensesNet": -51295,
    "incomeBeforeTax": 2134833,
    "incomeBeforeTaxRatio": 0.0791110894,
    "incomeTaxExpense": 864608,
    "netIncome": 1270225,
    "netIncomeRatio": 0.0470710747,
    "eps": 0.0014,
    "epsdiluted": 0.0013,
    "weightedAverageShsOut": 965088288,
    "weightedAverageShsOutDil": 997432320,
    "link": "https://www.sec.gov/Archives/edgar/data/865752/000086575202000026/0000865752-02-000026-index.htm",
    "finalLink": "https://www.sec.gov/Archives/edgar/data/865752/000086575202000026/q093002.txt"
  },
  {
    "date": "2002-06-30",
    "symbol": "MNST",
    "reportedCurrency": "USD",
    "cik": "0000865752",
    "fillingDate": "2002-08-14",
    "acceptedDate": "2002-08-14 18:11:25",
    "calendarYear": "2002",
    "period": "Q2",
    "revenue": 26264788,
    "costOfRevenue": 16430951,
    "grossProfit": 9833837,
    "grossProfitRatio": 0.3744114363,
    "researchAndDevelopmentExpenses": 0,
    "generalAndAdministrativeExpenses": 0,
    "sellingAndMarketingExpenses": 0,
    "sellingGeneralAndAdministrativeExpenses": 7628446,
    "otherExpenses": 12896,
    "operatingExpenses": 7641342,
    "costAndExpenses": 24072293,
    "interestIncome": 0,
    "interestExpense": 56970,
    "depreciationAndAmortization": 131606,
    "ebitda": 2324101,
    "ebitdaratio": 0.0884873314,
    "operatingIncome": 2192495,
    "operatingIncomeRatio": 0.0834765923,
    "totalOtherIncomeExpensesNet": -56211,
    "incomeBeforeTax": 2136284,
    "incomeBeforeTaxRatio": 0.0813364265,
    "incomeTaxExpense": 865201,
    "netIncome": 1271083,
    "netIncomeRatio": 0.0483949461,
    "eps": 0.0014,
    "epsdiluted": 0.0013,
    "weightedAverageShsOut": 965088288,
    "weightedAverageShsOutDil": 992434656,
    "link": "https://www.sec.gov/Archives/edgar/data/865752/000086575202000018/0000865752-02-000018-index.htm",
    "finalLink": "https://www.sec.gov/Archives/edgar/data/865752/000086575202000018/q063002.txt"
  },
  {
    "date": "2002-03-31",
    "symbol": "MNST",
    "reportedCurrency": "USD",
    "cik": "0000865752",
    "fillingDate": "2002-05-15",
    "acceptedDate": "2002-05-15 15:15:44",
    "calendarYear": "2002",
    "period": "Q1",
    "revenue": 18592394,
    "costOfRevenue": 11782313,
    "grossProfit": 6810081,
    "grossProfitRatio": 0.3662831693,
    "researchAndDevelopmentExpenses": 0,
    "generalAndAdministrativeExpenses": 0,
    "sellingAndMarketingExpenses": 0,
    "sellingGeneralAndAdministrativeExpenses": 6031864,
    "otherExpenses": 12776,
    "operatingExpenses": 6044640,
    "costAndExpenses": 17826953,
    "interestIncome": 0,
    "interestExpense": 0,
    "depreciationAndAmortization": 131673,
    "ebitda": 897114,
    "ebitdaratio": 0.0482516668,
    "operatingIncome": 765441,
    "operatingIncomeRatio": 0.0411695772,
    "totalOtherIncomeExpensesNet": -75292,
    "incomeBeforeTax": 690149,
    "incomeBeforeTaxRatio": 0.0371199642,
    "incomeTaxExpense": 279504,
    "netIncome": 410645,
    "netIncomeRatio": 0.02208672,
    "eps": 0.0004,
    "epsdiluted": 0.0004,
    "weightedAverageShsOut": 964885728,
    "weightedAverageShsOutDil": 992614272,
    "link": "https://www.sec.gov/Archives/edgar/data/865752/000086575202000012/0000865752-02-000012-index.htm",
    "finalLink": "https://www.sec.gov/Archives/edgar/data/865752/000086575202000012/q033102.txt"
  },
  {
    "date": "2001-12-31",
    "symbol": "MNST",
    "reportedCurrency": "USD",
    "cik": "0000865752",
    "fillingDate": "2002-03-29",
    "acceptedDate": "2002-03-29 00:00:00",
    "calendarYear": "2001",
    "period": "Q4",
    "revenue": 21615775,
    "costOfRevenue": 12361447,
    "grossProfit": 9254328,
    "grossProfitRatio": 0.4281284386,
    "researchAndDevelopmentExpenses": 0,
    "generalAndAdministrativeExpenses": 0,
    "sellingAndMarketingExpenses": 0,
    "sellingGeneralAndAdministrativeExpenses": 8483770,
    "otherExpenses": 128463,
    "operatingExpenses": 8612233,
    "costAndExpenses": 20973680,
    "interestIncome": 0,
    "interestExpense": 0,
    "depreciationAndAmortization": 241971,
    "ebitda": 884066,
    "ebitdaratio": 0.0408991119,
    "operatingIncome": 642095,
    "operatingIncomeRatio": 0.0297049261,
    "totalOtherIncomeExpensesNet": -96015,
    "incomeBeforeTax": 546080,
    "incomeBeforeTaxRatio": 0.0252630313,
    "incomeTaxExpense": 218432,
    "netIncome": 327648,
    "netIncomeRatio": 0.0151578188,
    "eps": 0.0002,
    "epsdiluted": 0.0002,
    "weightedAverageShsOut": 963508512,
    "weightedAverageShsOutDil": 990230784,
    "link": "https://www.sec.gov/Archives/edgar/data/865752/000086575202000006/0000865752-02-000006-index.htm",
    "finalLink": "https://www.sec.gov/Archives/edgar/data/865752/000086575202000006/fs123101a.txt"
  },
  {
    "date": "2001-09-30",
    "symbol": "MNST",
    "reportedCurrency": "USD",
    "cik": "0000865752",
    "fillingDate": "2001-11-09",
    "acceptedDate": "2001-11-09 00:00:00",
    "calendarYear": "2001",
    "period": "Q3",
    "revenue": 23096763,
    "costOfRevenue": 14537011,
    "grossProfit": 11643058,
    "grossProfitRatio": 0.5040991242,
    "researchAndDevelopmentExpenses": 0,
    "generalAndAdministrativeExpenses": 0,
    "sellingAndMarketingExpenses": 0,
    "sellingGeneralAndAdministrativeExpenses": 6154448,
    "otherExpenses": 129824,
    "operatingExpenses": 6284272,
    "costAndExpenses": 20907409,
    "interestIncome": 0,
    "interestExpense": 0,
    "depreciationAndAmortization": 245639,
    "ebitda": 2434993,
    "ebitdaratio": 0.1054257257,
    "operatingIncome": 2189354,
    "operatingIncomeRatio": 0.0947905124,
    "totalOtherIncomeExpensesNet": -91466,
    "incomeBeforeTax": 2097888,
    "incomeBeforeTaxRatio": 0.0908303904,
    "incomeTaxExpense": 839156,
    "netIncome": 1258732,
    "netIncomeRatio": 0.0544981996,
    "eps": 0.0014,
    "epsdiluted": 0.0013,
    "weightedAverageShsOut": 964320288,
    "weightedAverageShsOutDil": 990976896,
    "link": "https://www.sec.gov/Archives/edgar/data/865752/000086575201500017/0000865752-01-500017-index.htm",
    "finalLink": "https://www.sec.gov/Archives/edgar/data/865752/000086575201500017/q093001.txt"
  },
  {
    "date": "2001-06-30",
    "symbol": "MNST",
    "reportedCurrency": "USD",
    "cik": "0000865752",
    "fillingDate": "2001-08-14",
    "acceptedDate": "2001-08-14 00:00:00",
    "calendarYear": "2001",
    "period": "Q2",
    "revenue": 22513461,
    "costOfRevenue": 14038278,
    "grossProfit": 11676793,
    "grossProfitRatio": 0.5186582818,
    "researchAndDevelopmentExpenses": 0,
    "generalAndAdministrativeExpenses": 0,
    "sellingAndMarketingExpenses": 0,
    "sellingGeneralAndAdministrativeExpenses": 6287436,
    "otherExpenses": 125969,
    "operatingExpenses": 6413405,
    "costAndExpenses": 20538140,
    "interestIncome": 0,
    "interestExpense": 0,
    "depreciationAndAmortization": 235451,
    "ebitda": 2210772,
    "ebitdaratio": 0.0981977849,
    "operatingIncome": 1975321,
    "operatingIncomeRatio": 0.0877395528,
    "totalOtherIncomeExpensesNet": -129449,
    "incomeBeforeTax": 1845872,
    "incomeBeforeTaxRatio": 0.0819897038,
    "incomeTaxExpense": 738347,
    "netIncome": 1107525,
    "netIncomeRatio": 0.0491939023,
    "eps": 0.0011,
    "epsdiluted": 0.0011,
    "weightedAverageShsOut": 964320288,
    "weightedAverageShsOutDil": 988062336,
    "link": "https://www.sec.gov/Archives/edgar/data/865752/000086575201500009/0000865752-01-500009-index.htm",
    "finalLink": "https://www.sec.gov/Archives/edgar/data/865752/000086575201500009/q063001.txt"
  },
  {
    "date": "2001-03-31",
    "symbol": "MNST",
    "reportedCurrency": "USD",
    "cik": "0000865752",
    "fillingDate": "2001-05-09",
    "acceptedDate": "2001-05-09 00:00:00",
    "calendarYear": "2001",
    "period": "Q1",
    "revenue": 16908114,
    "costOfRevenue": 10420817,
    "grossProfit": 8347979,
    "grossProfitRatio": 0.4937262074,
    "researchAndDevelopmentExpenses": 0,
    "generalAndAdministrativeExpenses": 0,
    "sellingAndMarketingExpenses": 0,
    "sellingGeneralAndAdministrativeExpenses": 5432927,
    "otherExpenses": 123232,
    "operatingExpenses": 5556159,
    "costAndExpenses": 16164027,
    "interestIncome": 0,
    "interestExpense": 0,
    "depreciationAndAmortization": 220886,
    "ebitda": 964973,
    "ebitdaratio": 0.057071593,
    "operatingIncome": 744087,
    "operatingIncomeRatio": 0.0440076877,
    "totalOtherIncomeExpensesNet": -201672,
    "incomeBeforeTax": 542415,
    "incomeBeforeTaxRatio": 0.0320801599,
    "incomeTaxExpense": 216967,
    "netIncome": 325448,
    "netIncomeRatio": 0.0192480368,
    "eps": 0.0003,
    "epsdiluted": 0.0003,
    "weightedAverageShsOut": 960955680,
    "weightedAverageShsOutDil": 989443104,
    "link": "https://www.sec.gov/Archives/edgar/data/865752/000086575201500006/0000865752-01-500006-index.htm",
    "finalLink": "https://www.sec.gov/Archives/edgar/data/865752/000086575201500006/q033101a.txt"
  },
  {
    "date": "2000-12-31",
    "symbol": "MNST",
    "reportedCurrency": "USD",
    "cik": "0000865752",
    "fillingDate": "2001-03-30",
    "acceptedDate": "2001-03-30 00:00:00",
    "calendarYear": "2000",
    "period": "Q4",
    "revenue": 18386308,
    "costOfRevenue": 10067365,
    "grossProfit": 8318943,
    "grossProfitRatio": 0.4524531516,
    "researchAndDevelopmentExpenses": 0,
    "generalAndAdministrativeExpenses": 0,
    "sellingAndMarketingExpenses": 0,
    "sellingGeneralAndAdministrativeExpenses": 7491816,
    "otherExpenses": 230263,
    "operatingExpenses": 7722079,
    "costAndExpenses": 17789444,
    "interestIncome": 0,
    "interestExpense": 213093,
    "depreciationAndAmortization": 230263,
    "ebitda": 827127,
    "ebitdaratio": 0.0449860298,
    "operatingIncome": 596864,
    "operatingIncomeRatio": 0.0324624171,
    "totalOtherIncomeExpensesNet": -211646,
    "incomeBeforeTax": 385218,
    "incomeBeforeTaxRatio": 0.0209513514,
    "incomeTaxExpense": 175470,
    "netIncome": 209748,
    "netIncomeRatio": 0.0114078367,
    "eps": 0.0001,
    "epsdiluted": 0.0001,
    "weightedAverageShsOut": 955943328,
    "weightedAverageShsOutDil": 998947488,
    "link": "https://www.sec.gov/Archives/edgar/data/865752/000086575201000004/0000865752-01-000004-index.htm",
    "finalLink": "https://www.sec.gov/Archives/edgar/data/865752/000086575201000004/0000865752-01-000004-0001.txt"
  },
  {
    "date": "2000-09-30",
    "symbol": "MNST",
    "reportedCurrency": "USD",
    "cik": "0000865752",
    "fillingDate": "2000-11-09",
    "acceptedDate": "2000-11-09 00:00:00",
    "calendarYear": "2000",
    "period": "Q3",
    "revenue": 22701624,
    "costOfRevenue": 11626741,
    "grossProfit": 11074883,
    "grossProfitRatio": 0.487845407,
    "researchAndDevelopmentExpenses": 0,
    "generalAndAdministrativeExpenses": 0,
    "sellingAndMarketingExpenses": 0,
    "sellingGeneralAndAdministrativeExpenses": 8576155,
    "otherExpenses": 179195,
    "operatingExpenses": 8755350,
    "costAndExpenses": 20382091,
    "interestIncome": 0,
    "interestExpense": 0,
    "depreciationAndAmortization": 179195,
    "ebitda": 2498728,
    "ebitdaratio": 0.1100682489,
    "operatingIncome": 2319533,
    "operatingIncomeRatio": 0.1021747607,
    "totalOtherIncomeExpensesNet": -73956,
    "incomeBeforeTax": 2245577,
    "incomeBeforeTaxRatio": 0.0989170202,
    "incomeTaxExpense": 880389,
    "netIncome": 1365188,
    "netIncomeRatio": 0.0601361383,
    "eps": 0.0015,
    "epsdiluted": 0.0014,
    "weightedAverageShsOut": 954000864,
    "weightedAverageShsOutDil": 1004895552,
    "link": "https://www.sec.gov/Archives/edgar/data/865752/000086575200000018/0000865752-00-000018-index.htm",
    "finalLink": "https://www.sec.gov/Archives/edgar/data/865752/000086575200000018/0000865752-00-000018-0001.txt"
  },
  {
    "date": "2000-06-30",
    "symbol": "MNST",
    "reportedCurrency": "USD",
    "cik": "0000865752",
    "fillingDate": "2000-08-09",
    "acceptedDate": "2000-08-09 00:00:00",
    "calendarYear": "2000",
    "period": "Q2",
    "revenue": 22666775,
    "costOfRevenue": 11909617,
    "grossProfit": 10757158,
    "grossProfitRatio": 0.4745782318,
    "researchAndDevelopmentExpenses": 0,
    "generalAndAdministrativeExpenses": 0,
    "sellingAndMarketingExpenses": 0,
    "sellingGeneralAndAdministrativeExpenses": 7793226,
    "otherExpenses": 147868,
    "operatingExpenses": 7941094,
    "costAndExpenses": 19850711,
    "interestIncome": 0,
    "interestExpense": 0,
    "depreciationAndAmortization": 147868,
    "ebitda": 2963932,
    "ebitdaratio": 0.1307610809,
    "operatingIncome": 2816064,
    "operatingIncomeRatio": 0.1242375239,
    "totalOtherIncomeExpensesNet": -62585,
    "incomeBeforeTax": 2753479,
    "incomeBeforeTaxRatio": 0.1214764341,
    "incomeTaxExpense": 1101392,
    "netIncome": 1652087,
    "netIncomeRatio": 0.0728858428,
    "eps": 0.0018,
    "epsdiluted": 0.0017,
    "weightedAverageShsOut": 954393696,
    "weightedAverageShsOutDil": 995289792,
    "link": "https://www.sec.gov/Archives/edgar/data/865752/000086575200000007/0000865752-00-000007-index.htm",
    "finalLink": "https://www.sec.gov/Archives/edgar/data/865752/000086575200000007/0000865752-00-000007-0001.txt"
  },
  {
    "date": "2000-03-31",
    "symbol": "MNST",
    "reportedCurrency": "USD",
    "cik": "0000865752",
    "fillingDate": "2000-05-15",
    "acceptedDate": "2000-05-15 00:00:00",
    "calendarYear": "2000",
    "period": "Q1",
    "revenue": 15978000,
    "costOfRevenue": 8728292,
    "grossProfit": 7249710,
    "grossProfitRatio": 0.4537307548,
    "researchAndDevelopmentExpenses": 0,
    "generalAndAdministrativeExpenses": 0,
    "sellingAndMarketingExpenses": 0,
    "sellingGeneralAndAdministrativeExpenses": 5953412,
    "otherExpenses": 128409,
    "operatingExpenses": 6081821,
    "costAndExpenses": 14810113,
    "interestIncome": 0,
    "interestExpense": 0,
    "depreciationAndAmortization": 128409,
    "ebitda": 1296298,
    "ebitdaratio": 0.081130179,
    "operatingIncome": 1167889,
    "operatingIncomeRatio": 0.0730935662,
    "totalOtherIncomeExpensesNet": -21051,
    "incomeBeforeTax": 1146838,
    "incomeBeforeTaxRatio": 0.0717760671,
    "incomeTaxExpense": 458735,
    "netIncome": 688103,
    "netIncomeRatio": 0.0430656528,
    "eps": 0.0007,
    "epsdiluted": 0.0007,
    "weightedAverageShsOut": 959871072,
    "weightedAverageShsOutDil": 1006266240,
    "link": "https://www.sec.gov/Archives/edgar/data/865752/000086575200000005/0000865752-00-000005-index.html",
    "finalLink": "https://www.sec.gov/Archives/edgar/data/865752/000086575200000005/"
  },
  {
    "date": "1999-12-31",
    "symbol": "MNST",
    "reportedCurrency": "USD",
    "cik": "0000865752",
    "fillingDate": "2000-03-30",
    "acceptedDate": "2000-03-30 00:00:00",
    "calendarYear": "1999",
    "period": "Q4",
    "revenue": 17400000,
    "costOfRevenue": 9700000,
    "grossProfit": 7700000,
    "grossProfitRatio": 0.4425287356,
    "researchAndDevelopmentExpenses": 0,
    "generalAndAdministrativeExpenses": 0,
    "sellingAndMarketingExpenses": 0,
    "sellingGeneralAndAdministrativeExpenses": 6300000,
    "otherExpenses": 200000,
    "operatingExpenses": 6500000,
    "costAndExpenses": 16200000,
    "interestIncome": 0,
    "interestExpense": 0,
    "depreciationAndAmortization": 200000,
    "ebitda": 1400000,
    "ebitdaratio": 0.0804597701,
    "operatingIncome": 1200000,
    "operatingIncomeRatio": 0.0689655172,
    "totalOtherIncomeExpensesNet": 100000,
    "incomeBeforeTax": 1300000,
    "incomeBeforeTaxRatio": 0.0747126437,
    "incomeTaxExpense": 500000,
    "netIncome": 800000,
    "netIncomeRatio": 0.0459770115,
    "eps": 0.0004,
    "epsdiluted": 0.0004,
    "weightedAverageShsOut": 956618688,
    "weightedAverageShsOutDil": 1009017984,
    "link": "https://www.sec.gov/Archives/edgar/data/865752/000086575200000003/0000865752-00-000003-index.html",
    "finalLink": "https://www.sec.gov/Archives/edgar/data/865752/000086575200000003/"
  },
  {
    "date": "1999-09-30",
    "symbol": "MNST",
    "reportedCurrency": "USD",
    "cik": "0000865752",
    "fillingDate": "1999-11-15",
    "acceptedDate": "1999-11-15 00:00:00",
    "calendarYear": "1999",
    "period": "Q3",
    "revenue": 20500000,
    "costOfRevenue": 11000000,
    "grossProfit": 9500000,
    "grossProfitRatio": 0.4634146341,
    "researchAndDevelopmentExpenses": 0,
    "generalAndAdministrativeExpenses": 0,
    "sellingAndMarketingExpenses": 0,
    "sellingGeneralAndAdministrativeExpenses": 7100000,
    "otherExpenses": 200000,
    "operatingExpenses": 7300000,
    "costAndExpenses": 18300000,
    "interestIncome": 0,
    "interestExpense": 0,
    "depreciationAndAmortization": 200000,
    "ebitda": 2400000,
    "ebitdaratio": 0.1170731707,
    "operatingIncome": 2200000,
    "operatingIncomeRatio": 0.1073170732,
    "totalOtherIncomeExpensesNet": 0,
    "incomeBeforeTax": 2200000,
    "incomeBeforeTaxRatio": 0.1073170732,
    "incomeTaxExpense": 900000,
    "netIncome": 1300000,
    "netIncomeRatio": 0.0634146341,
    "eps": 0.0014,
    "epsdiluted": 0.0014,
    "weightedAverageShsOut": 960000000,
    "weightedAverageShsOutDil": 960000000,
    "link": "https://www.sec.gov/Archives/edgar/data/865752/000086575299000011/0000865752-99-000011-index.html",
    "finalLink": "https://www.sec.gov/Archives/edgar/data/865752/000086575299000011/"
  },
  {
    "date": "1999-06-30",
    "symbol": "MNST",
    "reportedCurrency": "USD",
    "cik": "0000865752",
    "fillingDate": "1999-08-16",
    "acceptedDate": "1999-08-16 00:00:00",
    "calendarYear": "1999",
    "period": "Q2",
    "revenue": 19142247,
    "costOfRevenue": 10200000,
    "grossProfit": 8900000,
    "grossProfitRatio": 0.4649401922,
    "researchAndDevelopmentExpenses": 0,
    "generalAndAdministrativeExpenses": 0,
    "sellingAndMarketingExpenses": 0,
    "sellingGeneralAndAdministrativeExpenses": 6500000,
    "otherExpenses": 100000,
    "operatingExpenses": 6600000,
    "costAndExpenses": 16800000,
    "interestIncome": 0,
    "interestExpense": 0,
    "depreciationAndAmortization": 100000,
    "ebitda": 2442247,
    "ebitdaratio": 0.1275841337,
    "operatingIncome": 2342247,
    "operatingIncomeRatio": 0.1223600866,
    "totalOtherIncomeExpensesNet": 57753,
    "incomeBeforeTax": 2400000,
    "incomeBeforeTaxRatio": 0.1253771305,
    "incomeTaxExpense": 1000000,
    "netIncome": 1400000,
    "netIncomeRatio": 0.0731366595,
    "eps": 0.0015,
    "epsdiluted": 0.0015,
    "weightedAverageShsOut": 960000000,
    "weightedAverageShsOutDil": 960000000,
    "link": "https://www.sec.gov/Archives/edgar/data/865752/000086575299000006/0000865752-99-000006-index.html",
    "finalLink": "https://www.sec.gov/Archives/edgar/data/865752/000086575299000006/"
  },
  {
    "date": "1999-03-31",
    "symbol": "MNST",
    "reportedCurrency": "USD",
    "cik": "0000865752",
    "fillingDate": "1999-05-10",
    "acceptedDate": "1999-05-10 00:00:00",
    "calendarYear": "1999",
    "period": "Q1",
    "revenue": 15229104,
    "costOfRevenue": 7700000,
    "grossProfit": 7500000,
    "grossProfitRatio": 0.4924780867,
    "researchAndDevelopmentExpenses": 0,
    "generalAndAdministrativeExpenses": 0,
    "sellingAndMarketingExpenses": 0,
    "sellingGeneralAndAdministrativeExpenses": 5800000,
    "otherExpenses": 100000,
    "operatingExpenses": 5900000,
    "costAndExpenses": 13600000,
    "interestIncome": 0,
    "interestExpense": 0,
    "depreciationAndAmortization": 100000,
    "ebitda": 1729104,
    "ebitdaratio": 0.1135394439,
    "operatingIncome": 1629104,
    "operatingIncomeRatio": 0.1069730695,
    "totalOtherIncomeExpensesNet": -129104,
    "incomeBeforeTax": 1500000,
    "incomeBeforeTaxRatio": 0.0984956173,
    "incomeTaxExpense": 600000,
    "netIncome": 900000,
    "netIncomeRatio": 0.0590973704,
    "eps": 0.0009,
    "epsdiluted": 0.0009,
    "weightedAverageShsOut": 952793568,
    "weightedAverageShsOutDil": 1010086368,
    "link": "https://www.sec.gov/Archives/edgar/data/865752/000086575299000004/0000865752-99-000004-index.html",
    "finalLink": "https://www.sec.gov/Archives/edgar/data/865752/"
  },
  {
    "date": "1998-12-31",
    "symbol": "MNST",
    "reportedCurrency": "USD",
    "cik": "0000865752",
    "fillingDate": "1999-03-31",
    "acceptedDate": "1999-03-31 00:00:00",
    "calendarYear": "1998",
    "period": "Q4",
    "revenue": 12100000,
    "costOfRevenue": 6000000,
    "grossProfit": 6100000,
    "grossProfitRatio": 0.5041322314,
    "researchAndDevelopmentExpenses": 0,
    "generalAndAdministrativeExpenses": 0,
    "sellingAndMarketingExpenses": 0,
    "sellingGeneralAndAdministrativeExpenses": 4800000,
    "otherExpenses": 100000,
    "operatingExpenses": 4900000,
    "costAndExpenses": 10900000,
    "interestIncome": 0,
    "interestExpense": 0,
    "depreciationAndAmortization": 100000,
    "ebitda": 1300000,
    "ebitdaratio": 0.1074380165,
    "operatingIncome": 1200000,
    "operatingIncomeRatio": 0.0991735537,
    "totalOtherIncomeExpensesNet": 100000,
    "incomeBeforeTax": 1300000,
    "incomeBeforeTaxRatio": 0.1074380165,
    "incomeTaxExpense": 600000,
    "netIncome": 700000,
    "netIncomeRatio": 0.0578512397,
    "eps": 0.0004,
    "epsdiluted": 0.0004,
    "weightedAverageShsOut": 901122048,
    "weightedAverageShsOutDil": 1001349792,
    "link": "https://www.sec.gov/Archives/edgar/data/865752/000086575299000003/0000865752-99-000003-index.html",
    "finalLink": "https://www.sec.gov/Archives/edgar/data/865752/"
  },
  {
    "date": "1998-09-30",
    "symbol": "MNST",
    "reportedCurrency": "USD",
    "cik": "0000865752",
    "fillingDate": "1998-11-16",
    "acceptedDate": "1998-11-16 00:00:00",
    "calendarYear": "1998",
    "period": "Q3",
    "revenue": 16600000,
    "costOfRevenue": 8600000,
    "grossProfit": 8000000,
    "grossProfitRatio": 0.4819277108,
    "researchAndDevelopmentExpenses": 0,
    "generalAndAdministrativeExpenses": 0,
    "sellingAndMarketingExpenses": 0,
    "sellingGeneralAndAdministrativeExpenses": 6000000,
    "otherExpenses": 200000,
    "operatingExpenses": 6200000,
    "costAndExpenses": 14800000,
    "interestIncome": 0,
    "interestExpense": 100000,
    "depreciationAndAmortization": 200000,
    "ebitda": 2000000,
    "ebitdaratio": 0.1204819277,
    "operatingIncome": 1800000,
    "operatingIncomeRatio": 0.1084337349,
    "totalOtherIncomeExpensesNet": -100000,
    "incomeBeforeTax": 1700000,
    "incomeBeforeTaxRatio": 0.1024096386,
    "incomeTaxExpense": 600000,
    "netIncome": 1100000,
    "netIncomeRatio": 0.0662650602,
    "eps": 0.0013,
    "epsdiluted": 0.0011,
    "weightedAverageShsOut": 880000000,
    "weightedAverageShsOutDil": 960000000,
    "link": "https://www.sec.gov/Archives/edgar/data/865752/0000865752-98-000012-index.html",
    "finalLink": "https://www.sec.gov/Archives/edgar/data/865752/0000865752-98-000012.txt"
  },
  {
    "date": "1998-06-30",
    "symbol": "MNST",
    "reportedCurrency": "USD",
    "cik": "0000865752",
    "fillingDate": "1998-08-14",
    "acceptedDate": "1998-08-14 00:00:00",
    "calendarYear": "1998",
    "period": "Q2",
    "revenue": 14000000,
    "costOfRevenue": 7000000,
    "grossProfit": 7000000,
    "grossProfitRatio": 0.5,
    "researchAndDevelopmentExpenses": 0,
    "generalAndAdministrativeExpenses": 0,
    "sellingAndMarketingExpenses": 0,
    "sellingGeneralAndAdministrativeExpenses": 5300000,
    "otherExpenses": 100000,
    "operatingExpenses": 5400000,
    "costAndExpenses": 12400000,
    "interestIncome": 0,
    "interestExpense": 0,
    "depreciationAndAmortization": 100000,
    "ebitda": 1700000,
    "ebitdaratio": 0.1214285714,
    "operatingIncome": 1600000,
    "operatingIncomeRatio": 0.1142857143,
    "totalOtherIncomeExpensesNet": -100000,
    "incomeBeforeTax": 1500000,
    "incomeBeforeTaxRatio": 0.1071428571,
    "incomeTaxExpense": 500000,
    "netIncome": 1000000,
    "netIncomeRatio": 0.0714285714,
    "eps": 0.0011,
    "epsdiluted": 0.001,
    "weightedAverageShsOut": 872727273,
    "weightedAverageShsOutDil": 960000000,
    "link": "https://www.sec.gov/Archives/edgar/data/865752/0000865752-98-000010-index.html",
    "finalLink": "https://www.sec.gov/Archives/edgar/data/865752/0000865752-98-000010.txt"
  },
  {
    "date": "1998-03-31",
    "symbol": "MNST",
    "reportedCurrency": "USD",
    "cik": "0000865752",
    "fillingDate": "1998-05-13",
    "acceptedDate": "1998-05-13 00:00:00",
    "calendarYear": "1998",
    "period": "Q1",
    "revenue": 11300000,
    "costOfRevenue": 5600000,
    "grossProfit": 5700000,
    "grossProfitRatio": 0.5044247788,
    "researchAndDevelopmentExpenses": 0,
    "generalAndAdministrativeExpenses": 0,
    "sellingAndMarketingExpenses": 0,
    "sellingGeneralAndAdministrativeExpenses": 4300000,
    "otherExpenses": 100000,
    "operatingExpenses": 4400000,
    "costAndExpenses": 10000000,
    "interestIncome": 0,
    "interestExpense": 0,
    "depreciationAndAmortization": 100000,
    "ebitda": 1400000,
    "ebitdaratio": 0.1238938053,
    "operatingIncome": 1300000,
    "operatingIncomeRatio": 0.1150442478,
    "totalOtherIncomeExpensesNet": -100000,
    "incomeBeforeTax": 1200000,
    "incomeBeforeTaxRatio": 0.1061946903,
    "incomeTaxExpense": 500000,
    "netIncome": 700000,
    "netIncomeRatio": 0.0619469027,
    "eps": 0.0008,
    "epsdiluted": 0.0007,
    "weightedAverageShsOut": 840000000,
    "weightedAverageShsOutDil": 960000000,
    "link": "https://www.sec.gov/Archives/edgar/data/865752/000086575298000005/0000865752-98-000005-index.html",
    "finalLink": "https://www.sec.gov/Archives/edgar/data/865752/"
  },
  {
    "date": "1997-12-31",
    "symbol": "MNST",
    "reportedCurrency": "USD",
    "cik": "0000865752",
    "fillingDate": "1998-03-31",
    "acceptedDate": "1998-03-31 00:00:00",
    "calendarYear": "1997",
    "period": "Q4",
    "revenue": 11000000,
    "costOfRevenue": 6100000,
    "grossProfit": 4900000,
    "grossProfitRatio": 0.4454545455,
    "researchAndDevelopmentExpenses": 0,
    "generalAndAdministrativeExpenses": 0,
    "sellingAndMarketingExpenses": 0,
    "sellingGeneralAndAdministrativeExpenses": 4600000,
    "otherExpenses": 200000,
    "operatingExpenses": 4800000,
    "costAndExpenses": 10900000,
    "interestIncome": 0,
    "interestExpense": 0,
    "depreciationAndAmortization": 200000,
    "ebitda": 300000,
    "ebitdaratio": 0.0272727273,
    "operatingIncome": 100000,
    "operatingIncomeRatio": 0.0090909091,
    "totalOtherIncomeExpensesNet": 0,
    "incomeBeforeTax": 100000,
    "incomeBeforeTaxRatio": 0.0090909091,
    "incomeTaxExpense": 0,
    "netIncome": 200000,
    "netIncomeRatio": 0.0181818182,
    "eps": 0.0001,
    "epsdiluted": 0.0001,
    "weightedAverageShsOut": 876060480,
    "weightedAverageShsOutDil": 891709632,
    "link": "https://www.sec.gov/Archives/edgar/data/865752/000086575298000003/0000865752-98-000003-index.html",
    "finalLink": "https://www.sec.gov/Archives/edgar/data/865752/"
  },
  {
    "date": "1997-09-30",
    "symbol": "MNST",
    "reportedCurrency": "USD",
    "cik": "0000865752",
    "fillingDate": "1997-11-13",
    "acceptedDate": "1997-11-13 00:00:00",
    "calendarYear": "1997",
    "period": "Q3",
    "revenue": 13400000,
    "costOfRevenue": 7900000,
    "grossProfit": 5500000,
    "grossProfitRatio": 0.4104477612,
    "researchAndDevelopmentExpenses": 0,
    "generalAndAdministrativeExpenses": 0,
    "sellingAndMarketingExpenses": 0,
    "sellingGeneralAndAdministrativeExpenses": 4700000,
    "otherExpenses": 100000,
    "operatingExpenses": 4800000,
    "costAndExpenses": 12700000,
    "interestIncome": 0,
    "interestExpense": 0,
    "depreciationAndAmortization": 100000,
    "ebitda": 800000,
    "ebitdaratio": 0.0597014925,
    "operatingIncome": 700000,
    "operatingIncomeRatio": 0.052238806,
    "totalOtherIncomeExpensesNet": 0,
    "incomeBeforeTax": 700000,
    "incomeBeforeTaxRatio": 0.052238806,
    "incomeTaxExpense": 0,
    "netIncome": 500000,
    "netIncomeRatio": 0.0373134328,
    "eps": 0.0005,
    "epsdiluted": 0.0005,
    "weightedAverageShsOut": 960000000,
    "weightedAverageShsOutDil": 960000000,
    "link": "https://www.sec.gov/Archives/edgar/data/865752/000086575297000005/0000865752-97-000005-index.html",
    "finalLink": "https://www.sec.gov/Archives/edgar/data/865752/"
  },
  {
    "date": "1997-06-30",
    "symbol": "MNST",
    "reportedCurrency": "USD",
    "cik": "0000865752",
    "fillingDate": "1997-08-12",
    "acceptedDate": "1997-08-12 00:00:00",
    "calendarYear": "1997",
    "period": "Q2",
    "revenue": 11500000,
    "costOfRevenue": 6700000,
    "grossProfit": 4800000,
    "grossProfitRatio": 0.4173913043,
    "researchAndDevelopmentExpenses": 0,
    "generalAndAdministrativeExpenses": 0,
    "sellingAndMarketingExpenses": 0,
    "sellingGeneralAndAdministrativeExpenses": 3800000,
    "otherExpenses": 200000,
    "operatingExpenses": 4000000,
    "costAndExpenses": 10700000,
    "interestIncome": 0,
    "interestExpense": 0,
    "depreciationAndAmortization": 200000,
    "ebitda": 1000000,
    "ebitdaratio": 0.0869565217,
    "operatingIncome": 800000,
    "operatingIncomeRatio": 0.0695652174,
    "totalOtherIncomeExpensesNet": 0,
    "incomeBeforeTax": 800000,
    "incomeBeforeTaxRatio": 0.0695652174,
    "incomeTaxExpense": 0,
    "netIncome": 600000,
    "netIncomeRatio": 0.052173913,
    "eps": 0.0006,
    "epsdiluted": 0.0006,
    "weightedAverageShsOut": 960000000,
    "weightedAverageShsOutDil": 960000000,
    "link": "https://www.sec.gov/Archives/edgar/data/865752/000091205797027204/0000912057-97-027204-index.html",
    "finalLink": "https://www.sec.gov/Archives/edgar/data/865752/"
  },
  {
    "date": "1997-03-31",
    "symbol": "MNST",
    "reportedCurrency": "USD",
    "cik": "0000865752",
    "fillingDate": "1997-05-15",
    "acceptedDate": "1997-05-15 00:00:00",
    "calendarYear": "1997",
    "period": "Q1",
    "revenue": 7100000,
    "costOfRevenue": 4200000,
    "grossProfit": 2900000,
    "grossProfitRatio": 0.4084507042,
    "researchAndDevelopmentExpenses": 0,
    "generalAndAdministrativeExpenses": 0,
    "sellingAndMarketingExpenses": 0,
    "sellingGeneralAndAdministrativeExpenses": 2700000,
    "otherExpenses": 100000,
    "operatingExpenses": 2800000,
    "costAndExpenses": 7000000,
    "interestIncome": 0,
    "interestExpense": 0,
    "depreciationAndAmortization": 100000,
    "ebitda": 200000,
    "ebitdaratio": 0.0281690141,
    "operatingIncome": 100000,
    "operatingIncomeRatio": 0.014084507,
    "totalOtherIncomeExpensesNet": 0,
    "incomeBeforeTax": 100000,
    "incomeBeforeTaxRatio": 0.014084507,
    "incomeTaxExpense": 0,
    "netIncome": 100000,
    "netIncomeRatio": 0.014084507,
    "eps": 0.0001141803,
    "epsdiluted": 0.0001141803,
    "weightedAverageShsOut": 875808000,
    "weightedAverageShsOutDil": 875808000,
    "link": "https://www.sec.gov/Archives/edgar/data/865752/000091205797017779/0000912057-97-017779-index.html",
    "finalLink": "https://www.sec.gov/Archives/edgar/data/865752/"
  },
  {
    "date": "1996-12-31",
    "symbol": "MNST",
    "reportedCurrency": "USD",
    "cik": "0000865752",
    "fillingDate": "1997-03-31",
    "acceptedDate": "1997-03-31 00:00:00",
    "calendarYear": "1996",
    "period": "Q4",
    "revenue": 7000000,
    "costOfRevenue": 4200000,
    "grossProfit": 2800000,
    "grossProfitRatio": 0.4,
    "researchAndDevelopmentExpenses": 0,
    "generalAndAdministrativeExpenses": 0,
    "sellingAndMarketingExpenses": 0,
    "sellingGeneralAndAdministrativeExpenses": 2800000,
    "otherExpenses": 100000,
    "operatingExpenses": 2900000,
    "costAndExpenses": 7100000,
    "interestIncome": 0,
    "interestExpense": 0,
    "depreciationAndAmortization": 100000,
    "ebitda": 0,
    "ebitdaratio": 0,
    "operatingIncome": -100000,
    "operatingIncomeRatio": -0.0142857143,
    "totalOtherIncomeExpensesNet": 0,
    "incomeBeforeTax": -100000,
    "incomeBeforeTaxRatio": -0.0142857143,
    "incomeTaxExpense": 0,
    "netIncome": -100000,
    "netIncomeRatio": -0.0142857143,
    "eps": -0.0001,
    "epsdiluted": -0.0001,
    "weightedAverageShsOut": 884915040,
    "weightedAverageShsOutDil": 960000000,
    "link": "https://www.sec.gov/Archives/edgar/data/865752/000091205797011221/0000912057-97-011221-index.html",
    "finalLink": "https://www.sec.gov/Archives/edgar/data/865752/"
  },
  {
    "date": "1996-09-30",
    "symbol": "MNST",
    "reportedCurrency": "USD",
    "cik": "0000865752",
    "fillingDate": "1996-11-13",
    "acceptedDate": "1996-11-13 00:00:00",
    "calendarYear": "1996",
    "period": "Q3",
    "revenue": 10800000,
    "costOfRevenue": 6400000,
    "grossProfit": 4400000,
    "grossProfitRatio": 0.4074074074,
    "researchAndDevelopmentExpenses": 0,
    "generalAndAdministrativeExpenses": 0,
    "sellingAndMarketingExpenses": 0,
    "sellingGeneralAndAdministrativeExpenses": 3900000,
    "otherExpenses": 200000,
    "operatingExpenses": 4100000,
    "costAndExpenses": 10500000,
    "interestIncome": 0,
    "interestExpense": 100000,
    "depreciationAndAmortization": 200000,
    "ebitda": 500000,
    "ebitdaratio": 0.0462962963,
    "operatingIncome": 300000,
    "operatingIncomeRatio": 0.0277777778,
    "totalOtherIncomeExpensesNet": 0,
    "incomeBeforeTax": 300000,
    "incomeBeforeTaxRatio": 0.0277777778,
    "incomeTaxExpense": 0,
    "netIncome": 100000,
    "netIncomeRatio": 0.0092592593,
    "eps": 0.0001,
    "epsdiluted": 0.0001,
    "weightedAverageShsOut": 960000000,
    "weightedAverageShsOutDil": 960000000,
    "link": "https://www.sec.gov/Archives/edgar/data/865752/000091205796025843/0000912057-96-025843-index.html",
    "finalLink": "https://www.sec.gov/Archives/edgar/data/865752/"
  },
  {
    "date": "1996-06-30",
    "symbol": "MNST",
    "reportedCurrency": "USD",
    "cik": "0000865752",
    "fillingDate": "1996-08-12",
    "acceptedDate": "1996-08-12 00:00:00",
    "calendarYear": "1996",
    "period": "Q2",
    "revenue": 10400000,
    "costOfRevenue": 6300000,
    "grossProfit": 4100000,
    "grossProfitRatio": 0.3942307692,
    "researchAndDevelopmentExpenses": 0,
    "generalAndAdministrativeExpenses": 0,
    "sellingAndMarketingExpenses": 0,
    "sellingGeneralAndAdministrativeExpenses": 3500000,
    "otherExpenses": 100000,
    "operatingExpenses": 3600000,
    "costAndExpenses": 9900000,
    "interestIncome": 0,
    "interestExpense": 0,
    "depreciationAndAmortization": 100000,
    "ebitda": 600000,
    "ebitdaratio": 0.0576923077,
    "operatingIncome": 500000,
    "operatingIncomeRatio": 0.0480769231,
    "totalOtherIncomeExpensesNet": 0,
    "incomeBeforeTax": 500000,
    "incomeBeforeTaxRatio": 0.0480769231,
    "incomeTaxExpense": 0,
    "netIncome": 400000,
    "netIncomeRatio": 0.0384615385,
    "eps": 0.0004,
    "epsdiluted": 0.0004,
    "weightedAverageShsOut": 960000000,
    "weightedAverageShsOutDil": 960000000,
    "link": "https://www.sec.gov/Archives/edgar/data/865752/000091205796017174/0000912057-96-017174-index.html",
    "finalLink": "https://www.sec.gov/Archives/edgar/data/865752/"
  },
  {
    "date": "1996-03-31",
    "symbol": "MNST",
    "reportedCurrency": "USD",
    "cik": "0000865752",
    "fillingDate": "1996-05-10",
    "acceptedDate": "1996-05-10 00:00:00",
    "calendarYear": "1996",
    "period": "Q1",
    "revenue": 7400000,
    "costOfRevenue": 4500000,
    "grossProfit": 2900000,
    "grossProfitRatio": 0.3918918919,
    "researchAndDevelopmentExpenses": 0,
    "generalAndAdministrativeExpenses": 0,
    "sellingAndMarketingExpenses": 0,
    "sellingGeneralAndAdministrativeExpenses": 2600000,
    "otherExpenses": 200000,
    "operatingExpenses": 2800000,
    "costAndExpenses": 7300000,
    "interestIncome": 0,
    "interestExpense": 0,
    "depreciationAndAmortization": 200000,
    "ebitda": 300000,
    "ebitdaratio": 0.0405405405,
    "operatingIncome": 100000,
    "operatingIncomeRatio": 0.0135135135,
    "totalOtherIncomeExpensesNet": 0,
    "incomeBeforeTax": 100000,
    "incomeBeforeTaxRatio": 0.0135135135,
    "incomeTaxExpense": 0,
    "netIncome": 100000,
    "netIncomeRatio": 0.0135135135,
    "eps": 0.0001141803,
    "epsdiluted": 0.0001141803,
    "weightedAverageShsOut": 875808000,
    "weightedAverageShsOutDil": 875808000,
    "link": "https://www.sec.gov/Archives/edgar/data/865752/000091205796009059/0000912057-96-009059-index.html",
    "finalLink": "https://www.sec.gov/Archives/edgar/data/865752/"
  },
  {
    "date": "1995-12-31",
    "symbol": "MNST",
    "reportedCurrency": "USD",
    "cik": "0000865752",
    "fillingDate": "1995-12-31",
    "acceptedDate": "1995-12-31 00:00:00",
    "calendarYear": "1995",
    "period": "Q4",
    "revenue": 6900000,
    "costOfRevenue": 4700000,
    "grossProfit": 2200000,
    "grossProfitRatio": 0.3188405797,
    "researchAndDevelopmentExpenses": 0,
    "generalAndAdministrativeExpenses": 0,
    "sellingAndMarketingExpenses": 0,
    "sellingGeneralAndAdministrativeExpenses": 2700000,
    "otherExpenses": 100000,
    "operatingExpenses": 2800000,
    "costAndExpenses": 7500000,
    "interestIncome": 0,
    "interestExpense": 0,
    "depreciationAndAmortization": 100000,
    "ebitda": -500000,
    "ebitdaratio": -0.0724637681,
    "operatingIncome": -600000,
    "operatingIncomeRatio": -0.0869565217,
    "totalOtherIncomeExpensesNet": 0,
    "incomeBeforeTax": -600000,
    "incomeBeforeTaxRatio": -0.0869565217,
    "incomeTaxExpense": 0,
    "netIncome": -500000,
    "netIncomeRatio": -0.0724637681,
    "eps": -0.0006,
    "epsdiluted": -0.0006,
    "weightedAverageShsOut": 832000000,
    "weightedAverageShsOutDil": 832000000,
    "link": null,
    "finalLink": null
  },
  {
    "date": "1995-09-30",
    "symbol": "MNST",
    "reportedCurrency": "USD",
    "cik": "0000865752",
    "fillingDate": "1995-09-30",
    "acceptedDate": "1995-09-30 00:00:00",
    "calendarYear": "1995",
    "period": "Q3",
    "revenue": 12100000,
    "costOfRevenue": 7800000,
    "grossProfit": 4300000,
    "grossProfitRatio": 0.3553719008,
    "researchAndDevelopmentExpenses": 0,
    "generalAndAdministrativeExpenses": 0,
    "sellingAndMarketingExpenses": 0,
    "sellingGeneralAndAdministrativeExpenses": 4100000,
    "otherExpenses": 200000,
    "operatingExpenses": 4300000,
    "costAndExpenses": 12100000,
    "interestIncome": 0,
    "interestExpense": 0,
    "depreciationAndAmortization": 200000,
    "ebitda": 200000,
    "ebitdaratio": 0.0165289256,
    "operatingIncome": 0,
    "operatingIncomeRatio": 0,
    "totalOtherIncomeExpensesNet": 0,
    "incomeBeforeTax": 0,
    "incomeBeforeTaxRatio": 0,
    "incomeTaxExpense": 0,
    "netIncome": -100000,
    "netIncomeRatio": -0.0082644628,
    "eps": -0.0001,
    "epsdiluted": -0.0001,
    "weightedAverageShsOut": 822857143,
    "weightedAverageShsOutDil": 822857143,
    "link": null,
    "finalLink": null
  }
]