[
  {
    "date": "2024-12-31",
    "symbol": "MNST",
    "reportedCurrency": "USD",
    "cik": "0000865752",
    "fillingDate": "2025-02-28",
    "acceptedDate": "2025-02-28 17:19:05",
    "calendarYear": "2024",
    "period": "FY",
    "revenue": 7492709000,
    "costOfRevenue": 3443831000,
    "grossProfit": 4048878000,
    "grossProfitRatio": 0.5403757172,
    "researchAndDevelopmentExpenses": 0,
    "generalAndAdministrativeExpenses": 1183184000,
    "sellingAndMarketingExpenses": 808300000,
    "sellingGeneralAndAdministrativeExpenses": 1991484000,
    "otherExpenses": 127100000,
    "operatingExpenses": 2118584000,
    "costAndExpenses": 5562415000,
    "interestIncome": 115000000,
    "interestExpense": 27900000,
    "depreciationAndAmortization": 80434000,
    "ebitda": 2010728000,
    "ebitdaratio": 0.2683579464,
    "operatingIncome": 1930294000,
    "operatingIncomeRatio": 0.2576229772,
    "totalOtherIncomeExpensesNet": 59165000,
    "incomeBeforeTax": 1989459000,
    "incomeBeforeTaxRatio": 0.2655193202,
    "incomeTaxExpense": 480411000,
    "netIncome": 1509048000,
    "netIncomeRatio": 0.2014021898,
    "eps": 1.5,
    "epsdiluted": 1.49,
    "weightedAverageShsOut": 1004566000,
    "weightedAverageShsOutDil": 1013107000,
    "link": "https://www.sec.gov/Archives/edgar/data/865752/000141057825000248/0001410578-25-000248-index.htm",
    "finalLink": "https://www.sec.gov/Archives/edgar/data/865752/000141057825000248/mnst-20241231x10k.htm"
  },
  {
    "date": "2023-12-31",
    "symbol": "MNST",
    "reportedCurrency": "USD",
    "cik": "0000865752",
    "fillingDate": "2024-02-29",
    "acceptedDate": "2024-02-29 16:55:57",
    "calendarYear": "2023",
    "period": "FY",
    "revenue": 7140027000,
    "costOfRevenue": 3345821000,
    "grossProfit": 3794206000,
    "grossProfitRatio": 0.5313993911,
    "researchAndDevelopmentExpenses": 0,
    "generalAndAdministrativeExpenses": 1049651000,
    "sellingAndMarketingExpenses": 752500000,
    "sellingGeneralAndAdministrativeExpenses": 1802151000,
    "otherExpenses": 38700000,
    "operatingExpenses": 1840851000,
    "costAndExpenses": 5186672000,
    "interestIncome": 130000000,
    "interestExpense": 0,
    "depreciationAndAmortization": 68898000,
    "ebitda": 2022253000,
    "ebitdaratio": 0.2832276405,
    "operatingIncome": 1953355000,
    "operatingIncomeRatio": 0.2735780971,
    "totalOtherIncomeExpensesNet": 115127000,
    "incomeBeforeTax": 2068482000,
    "incomeBeforeTaxRatio": 0.2897022658,
    "incomeTaxExpense": 437494000,
    "netIncome": 1630988000,
    "netIncomeRatio": 0.2284288281,
    "eps": 1.56,
    "epsdiluted": 1.54,
    "weightedAverageShsOut": 1044887000,
    "weightedAverageShsOutDil": 1057981000,
    "link": "https://www.sec.gov/Archives/edgar/data/865752/000110465924029425/0001104659-24-029425-index.htm",
    "finalLink": "https://www.sec.gov/Archives/edgar/data/865752/000110465924029425/mnst-20231231x10k.htm"
  },
  {
    "date": "2022-12-31",
    "symbol": "MNST",
    "reportedCurrency": "USD",
    "cik": "0000865752",
    "fillingDate": "2023-03-01",
    "acceptedDate": "2023-03-01 13:56:13",
    "calendarYear": "2022",
    "period": "FY",
    "revenue": 6311050000,
    "costOfRevenue": 3136483000,
    "grossProfit": 3174567000,
    "grossProfitRatio": 0.5030172475,
    "researchAndDevelopmentExpenses": 0,
    "generalAndAdministrativeExpenses": 877746000,
    "sellingAndMarketingExpenses": 709900000,
    "sellingGeneralAndAdministrativeExpenses": 1587646000,
    "otherExpenses": 2200000,
    "operatingExpenses": 1589846000,
    "costAndExpenses": 4726329000,
    "interestIncome": 29700000,
    "interestExpense": 0,
    "depreciationAndAmortization": 61241000,
    "ebitda": 1645962000,
    "ebitdaratio": 0.2608063634,
    "operatingIncome": 1584721000,
    "operatingIncomeRatio": 0.2511025899,
    "totalOtherIncomeExpensesNet": -12757000,
    "incomeBeforeTax": 1571964000,
    "incomeBeforeTaxRatio": 0.2490812147,
    "incomeTaxExpense": 380340000,
    "netIncome": 1191624000,
    "netIncomeRatio": 0.1888154903,
    "eps": 1.13,
    "epsdiluted": 1.12,
    "weightedAverageShsOut": 1053558000,
    "weightedAverageShsOutDil": 1066442000,
    "link": "https://www.sec.gov/Archives/edgar/data/865752/000110465923027245/0001104659-23-027245-index.htm",
    "finalLink": "https://www.sec.gov/Archives/edgar/data/865752/000110465923027245/mnst-20221231x10k.htm"
  },
  {
    "date": "2021-12-31",
    "symbol": "MNST",
    "reportedCurrency": "USD",
    "cik": "0000865752",
    "fillingDate": "2022-02-28",
    "acceptedDate": "2022-02-28 17:24:06",
    "calendarYear": "2021",
    "period": "FY",
    "revenue": 5541352000,
    "costOfRevenue": 2432839000,
    "grossProfit": 3108513000,
    "grossProfitRatio": 0.5609665295,
    "researchAndDevelopmentExpenses": 0,
    "generalAndAdministrativeExpenses": 674246000,
    "sellingAndMarketingExpenses": 631500000,
    "sellingGeneralAndAdministrativeExpenses": 1305746000,
    "otherExpenses": 5300000,
    "operatingExpenses": 1311046000,
    "costAndExpenses": 3743885000,
    "interestIncome": 4200000,
    "interestExpense": 0,
    "depreciationAndAmortization": 50155000,
    "ebitda": 1847622000,
    "ebitdaratio": 0.3334244062,
    "operatingIncome": 1797467000,
    "operatingIncomeRatio": 0.3243733659,
    "totalOtherIncomeExpensesNet": 3952000,
    "incomeBeforeTax": 1801419000,
    "incomeBeforeTaxRatio": 0.3250865493,
    "incomeTaxExpense": 423944000,
    "netIncome": 1377475000,
    "netIncomeRatio": 0.2485810322,
    "eps": 1.3,
    "epsdiluted": 1.29,
    "weightedAverageShsOut": 1057526000,
    "weightedAverageShsOutDil": 1071278000,
    "link": "https://www.sec.gov/Archives/edgar/data/865752/000110465922028182/0001104659-22-028182-index.htm",
    "finalLink": "https://www.sec.gov/Archives/edgar/data/865752/000110465922028182/mnst-20211231x10k.htm"
  },
  {
    "date": "2020-12-31",
    "symbol": "MNST",
    "reportedCurrency": "USD",
    "cik": "0000865752",
    "fillingDate": "2021-03-01",
    "acceptedDate": "2021-03-01 15:46:40",
    "calendarYear": "2020",
    "period": "FY",
    "revenue": 4598638000,
    "costOfRevenue": 1874758000,
    "grossProfit": 2723880000,
    "grossProfitRatio": 0.5923232053,
    "researchAndDevelopmentExpenses": 0,
    "generalAndAdministrativeExpenses": 610727000,
    "sellingAndMarketingExpenses": 479800000,
    "sellingGeneralAndAdministrativeExpenses": 1090527000,
    "otherExpenses": 200000,
    "operatingExpenses": 1090727000,
    "costAndExpenses": 2965485000,
    "interestIncome": 8100000,
    "interestExpense": 0,
    "depreciationAndAmortization": 57030000,
    "ebitda": 1690183000,
    "ebitdaratio": 0.3675399107,
    "operatingIncome": 1633153000,
    "operatingIncomeRatio": 0.3551384127,
    "totalOtherIncomeExpensesNet": -6996000,
    "incomeBeforeTax": 1626157000,
    "incomeBeforeTaxRatio": 0.3536170927,
    "incomeTaxExpense": 216563000,
    "netIncome": 1409594000,
    "netIncomeRatio": 0.3065242361,
    "eps": 1.33,
    "epsdiluted": 1.32,
    "weightedAverageShsOut": 1059278000,
    "weightedAverageShsOutDil": 1069614000,
    "link": "https://www.sec.gov/Archives/edgar/data/865752/000110465921029943/0001104659-21-029943-index.htm",
    "finalLink": "https://www.sec.gov/Archives/edgar/data/865752/000110465921029943/mnst-20201231x10k.htm"
  },
  {
    "date": "2019-12-31",
    "symbol": "MNST",
    "reportedCurrency": "USD",
    "cik": "0000865752",
    "fillingDate": "2020-02-28",
    "acceptedDate": "2020-02-28 17:05:10",
    "calendarYear": "2019",
    "period": "FY",
    "revenue": 4200819000,
    "costOfRevenue": 1682234000,
    "grossProfit": 2518585000,
    "grossProfitRatio": 0.5995461837,
    "researchAndDevelopmentExpenses": 0,
    "generalAndAdministrativeExpenses": 0,
    "sellingAndMarketingExpenses": 0,
    "sellingGeneralAndAdministrativeExpenses": 0,
    "otherExpenses": 1115646000,
    "operatingExpenses": 1115646000,
    "costAndExpenses": 2797880000,
    "interestIncome": 17800000,
    "interestExpense": 0,
    "depreciationAndAmortization": 60727000,
    "ebitda": 1463666000,
    "ebitdaratio": 0.3484239621,
    "operatingIncome": 1402939000,
    "operatingIncomeRatio": 0.3339679715,
    "totalOtherIncomeExpensesNet": 13023000,
    "incomeBeforeTax": 1415962000,
    "incomeBeforeTaxRatio": 0.3370680812,
    "incomeTaxExpense": 308127000,
    "netIncome": 1107835000,
    "netIncomeRatio": 0.2637188129,
    "eps": 1.02,
    "epsdiluted": 1.01,
    "weightedAverageShsOut": 1084382000,
    "weightedAverageShsOutDil": 1093216000,
    "link": "https://www.sec.gov/Archives/edgar/data/865752/000110465920027209/0001104659-20-027209-index.htm",
    "finalLink": "https://www.sec.gov/Archives/edgar/data/865752/000110465920027209/mnst-20191231x10kb9432b.htm"
  },
  {
    "date": "2018-12-31",
    "symbol": "MNST",
    "reportedCurrency": "USD",
    "cik": "0000865752",
    "fillingDate": "2019-02-28",
    "acceptedDate": "2019-02-28 16:47:15",
    "calendarYear": "2018",
    "period": "FY",
    "revenue": 3807183000,
    "costOfRevenue": 1511808000,
    "grossProfit": 2295375000,
    "grossProfitRatio": 0.6029064009,
    "researchAndDevelopmentExpenses": 0,
    "generalAndAdministrativeExpenses": 0,
    "sellingAndMarketingExpenses": 0,
    "sellingGeneralAndAdministrativeExpenses": 0,
    "otherExpenses": 1011756000,
    "operatingExpenses": 1011756000,
    "costAndExpenses": 2523564000,
    "interestIncome": 13800000,
    "interestExpense": 0,
    "depreciationAndAmortization": 56979000,
    "ebitda": 1340598000,
    "ebitdaratio": 0.3521233416,
    "operatingIncome": 1283619000,
    "operatingIncomeRatio": 0.3371571579,
    "totalOtherIncomeExpensesNet": 9653000,
    "incomeBeforeTax": 1293272000,
    "incomeBeforeTaxRatio": 0.3396926284,
    "incomeTaxExpense": 300268000,
    "netIncome": 993004000,
    "netIncomeRatio": 0.2608238165,
    "eps": 0.89,
    "epsdiluted": 0.88,
    "weightedAverageShsOut": 1114332000,
    "weightedAverageShsOutDil": 1128508000,
    "link": "https://www.sec.gov/Archives/edgar/data/865752/000110465919011581/0001104659-19-011581-index.htm",
    "finalLink": "https://www.sec.gov/Archives/edgar/data/865752/000110465919011581/a19-30117_110k.htm"
  },
  {
    "date": "2017-12-31",
    "symbol": "MNST",
    "reportedCurrency": "USD",
    "cik": "0000865752",
    "fillingDate": "2018-03-01",
    "acceptedDate": "2018-03-01 15:20:56",
    "calendarYear": "2017",
    "period": "FY",
    "revenue": 3369045000,
    "costOfRevenue": 1231355000,
    "grossProfit": 2137690000,
    "grossProfitRatio": 0.6345091858,
    "researchAndDevelopmentExpenses": 0,
    "generalAndAdministrativeExpenses": 0,
    "sellingAndMarketingExpenses": 0,
    "sellingGeneralAndAdministrativeExpenses": 0,
    "otherExpenses": 938903000,
    "operatingExpenses": 938903000,
    "costAndExpenses": 2170258000,
    "interestIncome": 5900000,
    "interestExpense": 0,
    "depreciationAndAmortization": 48887000,
    "ebitda": 1247674000,
    "ebitdaratio": 0.37033462,
    "operatingIncome": 1198787000,
    "operatingIncomeRatio": 0.3558239798,
    "totalOtherIncomeExpensesNet": 2836000,
    "incomeBeforeTax": 1201623000,
    "incomeBeforeTaxRatio": 0.3566657614,
    "incomeTaxExpense": 380945000,
    "netIncome": 820678000,
    "netIncomeRatio": 0.2435936593,
    "eps": 0.73,
    "epsdiluted": 0.71,
    "weightedAverageShsOut": 1133564000,
    "weightedAverageShsOutDil": 1154282000,
    "link": "https://www.sec.gov/Archives/edgar/data/865752/000110465918014057/0001104659-18-014057-index.htm",
    "finalLink": "https://www.sec.gov/Archives/edgar/data/865752/000110465918014057/a18-1123_110k.htm"
  },
  {
    "date": "2016-12-31",
    "symbol": "MNST",
    "reportedCurrency": "USD",
    "cik": "0000865752",
    "fillingDate": "2017-03-01",
    "acceptedDate": "2017-03-01 16:19:57",
    "calendarYear": "2016",
    "period": "FY",
    "revenue": 3049393000,
    "costOfRevenue": 1107393000,
    "grossProfit": 1942000000,
    "grossProfitRatio": 0.6368480547,
    "researchAndDevelopmentExpenses": 0,
    "generalAndAdministrativeExpenses": 0,
    "sellingAndMarketingExpenses": 0,
    "sellingGeneralAndAdministrativeExpenses": 0,
    "otherExpenses": 856662000,
    "operatingExpenses": 856662000,
    "costAndExpenses": 1964055000,
    "interestIncome": 4000000,
    "interestExpense": 0,
    "depreciationAndAmortization": 40845000,
    "ebitda": 1126183000,
    "ebitdaratio": 0.3693138274,
    "operatingIncome": 1085338000,
    "operatingIncomeRatio": 0.3559193584,
    "totalOtherIncomeExpensesNet": -5653000,
    "incomeBeforeTax": 1079685000,
    "incomeBeforeTaxRatio": 0.3540655468,
    "incomeTaxExpense": 367000000,
    "netIncome": 712685000,
    "netIncomeRatio": 0.233713726,
    "eps": 0.61,
    "epsdiluted": 0.6,
    "weightedAverageShsOut": 1175748000,
    "weightedAverageShsOutDil": 1199638000,
    "link": "https://www.sec.gov/Archives/edgar/data/865752/000110465917013048/0001104659-17-013048-index.htm",
    "finalLink": "https://www.sec.gov/Archives/edgar/data/865752/000110465917013048/a17-4132_110k.htm"
  },
  {
    "date": "2015-12-31",
    "symbol": "MNST",
    "reportedCurrency": "USD",
    "cik": "0000865752",
    "fillingDate": "2016-02-29",
    "acceptedDate": "2016-02-29 15:09:11",
    "calendarYear": "2015",
    "period": "FY",
    "revenue": 2722564000,
    "costOfRevenue": 1090263000,
    "grossProfit": 1632301000,
    "grossProfitRatio": 0.599545502,
    "researchAndDevelopmentExpenses": 0,
    "generalAndAdministrativeExpenses": 0,
    "sellingAndMarketingExpenses": 0,
    "sellingGeneralAndAdministrativeExpenses": 0,
    "otherExpenses": 738648000,
    "operatingExpenses": 738648000,
    "costAndExpenses": 1828911000,
    "interestIncome": 3100000,
    "interestExpense": 0,
    "depreciationAndAmortization": 30860000,
    "ebitda": 763043000,
    "ebitdaratio": 0.2802663225,
    "operatingIncome": 893653000,
    "operatingIncomeRatio": 0.3282394831,
    "totalOtherIncomeExpensesNet": -2105000,
    "incomeBeforeTax": 891548000,
    "incomeBeforeTaxRatio": 0.3274663148,
    "incomeTaxExpense": 344815000,
    "netIncome": 546733000,
    "netIncomeRatio": 0.2008154813,
    "eps": 0.48,
    "epsdiluted": 0.47,
    "weightedAverageShsOut": 1132896000,
    "weightedAverageShsOutDil": 1155516000,
    "link": "https://www.sec.gov/Archives/edgar/data/865752/000110465916100960/0001104659-16-100960-index.htm",
    "finalLink": "https://www.sec.gov/Archives/edgar/data/865752/000110465916100960/a15-23471_110k.htm"
  },
  {
    "date": "2014-12-31",
    "symbol": "MNST",
    "reportedCurrency": "USD",
    "cik": "0000865752",
    "fillingDate": "2015-04-06",
    "acceptedDate": "2015-04-06 14:48:03",
    "calendarYear": "2014",
    "period": "FY",
    "revenue": 2464867000,
    "costOfRevenue": 1125057000,
    "grossProfit": 1339810000,
    "grossProfitRatio": 0.5435627967,
    "researchAndDevelopmentExpenses": 0,
    "generalAndAdministrativeExpenses": 0,
    "sellingAndMarketingExpenses": 0,
    "sellingGeneralAndAdministrativeExpenses": 0,
    "otherExpenses": 592305000,
    "operatingExpenses": 592305000,
    "costAndExpenses": 1717362000,
    "interestIncome": 1700000,
    "interestExpense": 0,
    "depreciationAndAmortization": 25651000,
    "ebitda": 773156000,
    "ebitdaratio": 0.3136704739,
    "operatingIncome": 747505000,
    "operatingIncomeRatio": 0.3032638272,
    "totalOtherIncomeExpensesNet": -1717000,
    "incomeBeforeTax": 745788000,
    "incomeBeforeTaxRatio": 0.3025672379,
    "incomeTaxExpense": 262603000,
    "netIncome": 483185000,
    "netIncomeRatio": 0.1960288324,
    "eps": 0.48,
    "epsdiluted": 0.46,
    "weightedAverageShsOut": 1003542000,
    "weightedAverageShsOutDil": 1045710000,
    "link": "https://www.sec.gov/Archives/edgar/data/865752/000110465915025925/0001104659-15-025925-index.htm",
    "finalLink": "https://www.sec.gov/Archives/edgar/data/865752/000110465915025925/a14-25746_310ka.htm"
  },
  {
    "date": "2013-12-31",
    "symbol": "MNST",
    "reportedCurrency": "USD",
    "cik": "0000865752",
    "fillingDate": "2014-03-03",
    "acceptedDate": "2014-03-03 15:11:28",
    "calendarYear": "2013",
    "period": "FY",
    "revenue": 2246428000,
    "costOfRevenue": 1073497000,
    "grossProfit": 1172931000,
    "grossProfitRatio": 0.5221315796,
    "researchAndDevelopmentExpenses": 0,
    "generalAndAdministrativeExpenses": 0,
    "sellingAndMarketingExpenses": 0,
    "sellingGeneralAndAdministrativeExpenses": 600015000,
    "otherExpenses": 0,
    "operatingExpenses": 600015000,
    "costAndExpenses": 1673512000,
    "interestIncome": 1000000,
    "interestExpense": 0,
    "depreciationAndAmortization": 22762000,
    "ebitda": 595678000,
    "ebitdaratio": 0.2651667447,
    "operatingIncome": 572916000,
    "operatingIncomeRatio": 0.2550342143,
    "totalOtherIncomeExpensesNet": -9022000,
    "incomeBeforeTax": 563894000,
    "incomeBeforeTaxRatio": 0.2510180607,
    "incomeTaxExpense": 225233000,
    "netIncome": 338661000,
    "netIncomeRatio": 0.1507553325,
    "eps": 0.34,
    "epsdiluted": 0.33,
    "weightedAverageShsOut": 1000074000,
    "weightedAverageShsOutDil": 1040322000,
    "link": "https://www.sec.gov/Archives/edgar/data/865752/000110465914015320/0001104659-14-015320-index.htm",
    "finalLink": "https://www.sec.gov/Archives/edgar/data/865752/000110465914015320/a14-2841_110k.htm"
  },
  {
    "date": "2012-12-31",
    "symbol": "MNST",
    "reportedCurrency": "USD",
    "cik": "0000865752",
    "fillingDate": "2013-03-01",
    "acceptedDate": "2013-03-01 14:49:50",
    "calendarYear": "2012",
    "period": "FY",
    "revenue": 2060702000,
    "costOfRevenue": 995046000,
    "grossProfit": 1065656000,
    "grossProfitRatio": 0.5171325112,
    "researchAndDevelopmentExpenses": 0,
    "generalAndAdministrativeExpenses": 0,
    "sellingAndMarketingExpenses": 0,
    "sellingGeneralAndAdministrativeExpenses": 0,
    "otherExpenses": 515033000,
    "operatingExpenses": 515033000,
    "costAndExpenses": 1510079000,
    "interestIncome": 1400000,
    "interestExpense": 0,
    "depreciationAndAmortization": 20562000,
    "ebitda": 571185000,
    "ebitdaratio": 0.2771798154,
    "operatingIncome": 550623000,
    "operatingIncomeRatio": 0.2672016623,
    "totalOtherIncomeExpensesNet": -1469000,
    "incomeBeforeTax": 549154000,
    "incomeBeforeTaxRatio": 0.2664887985,
    "incomeTaxExpense": 209134000,
    "netIncome": 340020000,
    "netIncomeRatio": 0.1650020236,
    "eps": 0.33,
    "epsdiluted": 0.31,
    "weightedAverageShsOut": 1042272000,
    "weightedAverageShsOutDil": 1098498000,
    "link": "https://www.sec.gov/Archives/edgar/data/865752/000110465913016713/0001104659-13-016713-index.htm",
    "finalLink": "https://www.sec.gov/Archives/edgar/data/865752/000110465913016713/a12-27759_110k.htm"
  },
  {
    "date": "2011-12-31",
    "symbol": "MNST",
    "reportedCurrency": "USD",
    "cik": "0000865752",
    "fillingDate": "2012-02-29",
    "acceptedDate": "2012-02-29 16:12:19",
    "calendarYear": "2011",
    "period": "FY",
    "revenue": 1703230000,
    "costOfRevenue": 808921000,
    "grossProfit": 894309000,
    "grossProfitRatio": 0.5250664913,
    "researchAndDevelopmentExpenses": 0,
    "generalAndAdministrativeExpenses": 0,
    "sellingAndMarketingExpenses": 0,
    "sellingGeneralAndAdministrativeExpenses": 0,
    "otherExpenses": 437886000,
    "operatingExpenses": 437886000,
    "costAndExpenses": 1246807000,
    "interestIncome": 1619000,
    "interestExpense": 0,
    "depreciationAndAmortization": 17084000,
    "ebitda": 473507000,
    "ebitdaratio": 0.2780053193,
    "operatingIncome": 456423000,
    "operatingIncomeRatio": 0.2679749652,
    "totalOtherIncomeExpensesNet": 847000,
    "incomeBeforeTax": 457270000,
    "incomeBeforeTaxRatio": 0.2684722557,
    "incomeTaxExpense": 171051000,
    "netIncome": 286219000,
    "netIncomeRatio": 0.1680448325,
    "eps": 0.27,
    "epsdiluted": 0.26,
    "weightedAverageShsOut": 1057272000,
    "weightedAverageShsOutDil": 1120044000,
    "link": "https://www.sec.gov/Archives/edgar/data/865752/000110465912014573/0001104659-12-014573-index.htm",
    "finalLink": "https://www.sec.gov/Archives/edgar/data/865752/000110465912014573/a12-1309_110k.htm"
  },
  {
    "date": "2010-12-31",
    "symbol": "MNST",
    "reportedCurrency": "USD",
    "cik": "0000865752",
    "fillingDate": "2011-03-01",
    "acceptedDate": "2011-03-01 15:05:38",
    "calendarYear": "2010",
    "period": "FY",
    "revenue": 1303942000,
    "costOfRevenue": 623702000,
    "grossProfit": 680240000,
    "grossProfitRatio": 0.5216796453,
    "researchAndDevelopmentExpenses": 0,
    "generalAndAdministrativeExpenses": 0,
    "sellingAndMarketingExpenses": 0,
    "sellingGeneralAndAdministrativeExpenses": 332426000,
    "otherExpenses": 0,
    "operatingExpenses": 332426000,
    "costAndExpenses": 956128000,
    "interestIncome": 2246000,
    "interestExpense": 0,
    "depreciationAndAmortization": 11776000,
    "ebitda": 359590000,
    "ebitdaratio": 0.2757714684,
    "operatingIncome": 347814000,
    "operatingIncomeRatio": 0.2667403918,
    "totalOtherIncomeExpensesNet": 1488000,
    "incomeBeforeTax": 349302000,
    "incomeBeforeTaxRatio": 0.2678815469,
    "incomeTaxExpense": 137273000,
    "netIncome": 212029000,
    "netIncomeRatio": 0.1626061589,
    "eps": 0.2,
    "epsdiluted": 0.19,
    "weightedAverageShsOut": 1062168000,
    "weightedAverageShsOutDil": 1116252000,
    "link": "https://www.sec.gov/Archives/edgar/data/865752/000110465911011438/0001104659-11-011438-index.htm",
    "finalLink": "https://www.sec.gov/Archives/edgar/data/865752/000110465911011438/a11-2375_110k.htm"
  },
  {
    "date": "2009-12-31",
    "symbol": "MNST",
    "reportedCurrency": "USD",
    "cik": "0000865752",
    "fillingDate": "2010-03-01",
    "acceptedDate": "2010-03-01 16:57:28",
    "calendarYear": "2009",
    "period": "FY",
    "revenue": 1143299000,
    "costOfRevenue": 530983000,
    "grossProfit": 612316000,
    "grossProfitRatio": 0.5355694355,
    "researchAndDevelopmentExpenses": 0,
    "generalAndAdministrativeExpenses": 0,
    "sellingAndMarketingExpenses": 0,
    "sellingGeneralAndAdministrativeExpenses": 0,
    "otherExpenses": 275007000,
    "operatingExpenses": 275007000,
    "costAndExpenses": 805990000,
    "interestIncome": 2273000,
    "interestExpense": 0,
    "depreciationAndAmortization": 5907000,
    "ebitda": 343216000,
    "ebitdaratio": 0.300197936,
    "operatingIncome": 337309000,
    "operatingIncomeRatio": 0.2950313085,
    "totalOtherIncomeExpensesNet": -1614000,
    "incomeBeforeTax": 335695000,
    "incomeBeforeTaxRatio": 0.2936196043,
    "incomeTaxExpense": 126979000,
    "netIncome": 208716000,
    "netIncomeRatio": 0.1825559193,
    "eps": 0.19,
    "epsdiluted": 0.18,
    "weightedAverageShsOut": 1079604000,
    "weightedAverageShsOutDil": 1135716000,
    "link": "https://www.sec.gov/Archives/edgar/data/865752/000110465910010880/0001104659-10-010880-index.htm",
    "finalLink": "https://www.sec.gov/Archives/edgar/data/865752/000110465910010880/a10-1407_110k.htm"
  },
  {
    "date": "2008-12-31",
    "symbol": "MNST",
    "reportedCurrency": "USD",
    "cik": "0000865752",
    "fillingDate": "2009-03-02",
    "acceptedDate": "2009-03-02 17:04:54",
    "calendarYear": "2008",
    "period": "FY",
    "revenue": 1033780000,
    "costOfRevenue": 494986000,
    "grossProfit": 538794000,
    "grossProfitRatio": 0.5211882606,
    "researchAndDevelopmentExpenses": 0,
    "generalAndAdministrativeExpenses": 0,
    "sellingAndMarketingExpenses": 0,
    "sellingGeneralAndAdministrativeExpenses": 375203000,
    "otherExpenses": 0,
    "operatingExpenses": 375203000,
    "costAndExpenses": 870189000,
    "interestIncome": 9886000,
    "interestExpense": 0,
    "depreciationAndAmortization": 3472000,
    "ebitda": 167063000,
    "ebitdaratio": 0.1616040163,
    "operatingIncome": 163591000,
    "operatingIncomeRatio": 0.1582454681,
    "totalOtherIncomeExpensesNet": 9886000,
    "incomeBeforeTax": 173477000,
    "incomeBeforeTaxRatio": 0.1678084312,
    "incomeTaxExpense": 65445000,
    "netIncome": 108032000,
    "netIncomeRatio": 0.104501925,
    "eps": 0.0975,
    "epsdiluted": 0.0925,
    "weightedAverageShsOut": 1110180000,
    "weightedAverageShsOutDil": 1170360000,
    "link": "https://www.sec.gov/Archives/edgar/data/865752/000110465909013530/0001104659-09-013530-index.htm",
    "finalLink": "https://www.sec.gov/Archives/edgar/data/865752/000110465909013530/a09-6007_110k.htm"
  },
  {
    "date": "2007-12-31",
    "symbol": "MNST",
    "reportedCurrency": "USD",
    "cik": "0000865752",
    "fillingDate": "2008-02-29",
    "acceptedDate": "2008-02-29 17:08:34",
    "calendarYear": "2007",
    "period": "FY",
    "revenue": 904465000,
    "costOfRevenue": 436452000,
    "grossProfit": 468013000,
    "grossProfitRatio": 0.5174473307,
    "researchAndDevelopmentExpenses": 0,
    "generalAndAdministrativeExpenses": 0,
    "sellingAndMarketingExpenses": 0,
    "sellingGeneralAndAdministrativeExpenses": 237027000,
    "otherExpenses": 0,
    "operatingExpenses": 237027000,
    "costAndExpenses": 673479000,
    "interestIncome": 8770000,
    "interestExpense": 0,
    "depreciationAndAmortization": 2184000,
    "ebitda": 233170000,
    "ebitdaratio": 0.2577988092,
    "operatingIncome": 230986000,
    "operatingIncomeRatio": 0.2553841221,
    "totalOtherIncomeExpensesNet": 8770000,
    "incomeBeforeTax": 239756000,
    "incomeBeforeTaxRatio": 0.2650804619,
    "incomeTaxExpense": 90350000,
    "netIncome": 149406000,
    "netIncomeRatio": 0.1651871548,
    "eps": 0.14,
    "epsdiluted": 0.13,
    "weightedAverageShsOut": 1094136000,
    "weightedAverageShsOutDil": 1186488000,
    "link": "https://www.sec.gov/Archives/edgar/data/865752/000086575208000013/0000865752-08-000013-index.htm",
    "finalLink": "https://www.sec.gov/Archives/edgar/data/865752/000086575208000013/k123107a.htm"
  },
  {
    "date": "2006-12-31",
    "symbol": "MNST",
    "reportedCurrency": "USD",
    "cik": "0000865752",
    "fillingDate": "2007-06-06",
    "acceptedDate": "2007-06-06 16:15:36",
    "calendarYear": "2006",
    "period": "FY",
    "revenue": 605774000,
    "costOfRevenue": 289180000,
    "grossProfit": 316594000,
    "grossProfitRatio": 0.5226272504,
    "researchAndDevelopmentExpenses": 0,
    "generalAndAdministrativeExpenses": 0,
    "sellingAndMarketingExpenses": 0,
    "sellingGeneralAndAdministrativeExpenses": 158015000,
    "otherExpenses": 0,
    "operatingExpenses": 158015000,
    "costAndExpenses": 447195000,
    "interestIncome": 3660000,
    "interestExpense": 0,
    "depreciationAndAmortization": 1594000,
    "ebitda": 160173000,
    "ebitdaratio": 0.2644104897,
    "operatingIncome": 158579000,
    "operatingIncomeRatio": 0.2617791454,
    "totalOtherIncomeExpensesNet": 3660000,
    "incomeBeforeTax": 162239000,
    "incomeBeforeTaxRatio": 0.2678210026,
    "incomeTaxExpense": 64290000,
    "netIncome": 97949000,
    "netIncomeRatio": 0.1616923143,
    "eps": 0.0908,
    "epsdiluted": 0.0825,
    "weightedAverageShsOut": 1079232000,
    "weightedAverageShsOutDil": 1183032000,
    "link": "https://www.sec.gov/Archives/edgar/data/865752/000110465907045794/0001104659-07-045794-index.htm",
    "finalLink": "https://www.sec.gov/Archives/edgar/data/865752/000110465907045794/a07-15843_110k.htm"
  },
  {
    "date": "2005-12-31",
    "symbol": "MNST",
    "reportedCurrency": "USD",
    "cik": "0000865752",
    "fillingDate": "2006-03-15",
    "acceptedDate": "2006-03-15 17:29:26",
    "calendarYear": "2005",
    "period": "FY",
    "revenue": 348886000,
    "costOfRevenue": 166343000,
    "grossProfit": 182543000,
    "grossProfitRatio": 0.5232167528,
    "researchAndDevelopmentExpenses": 0,
    "generalAndAdministrativeExpenses": 0,
    "sellingAndMarketingExpenses": 0,
    "sellingGeneralAndAdministrativeExpenses": 79030000,
    "otherExpenses": 70000,
    "operatingExpenses": 79100000,
    "costAndExpenses": 245443000,
    "interestIncome": 1427803,
    "interestExpense": 76531,
    "depreciationAndAmortization": 1079000,
    "ebitda": 104522000,
    "ebitdaratio": 0.299587831,
    "operatingIncome": 103443000,
    "operatingIncomeRatio": 0.2964951302,
    "totalOtherIncomeExpensesNet": 1352000,
    "incomeBeforeTax": 104795000,
    "incomeBeforeTaxRatio": 0.3003703215,
    "incomeTaxExpense": 42019000,
    "netIncome": 62775000,
    "netIncomeRatio": 0.1799298338,
    "eps": 0.0592,
    "epsdiluted": 0.0542,
    "weightedAverageShsOut": 1058688000,
    "weightedAverageShsOutDil": 1165068000,
    "link": "https://www.sec.gov/Archives/edgar/data/865752/000086575206000099/0000865752-06-000099-index.htm",
    "finalLink": "https://www.sec.gov/Archives/edgar/data/865752/000086575206000099/k123005b.txt"
  },
  {
    "date": "2004-12-31",
    "symbol": "MNST",
    "reportedCurrency": "USD",
    "cik": "0000865752",
    "fillingDate": "2005-03-16",
    "acceptedDate": "2005-03-16 15:13:04",
    "calendarYear": "2004",
    "period": "FY",
    "revenue": 180341000,
    "costOfRevenue": 96874750,
    "grossProfit": 83466385,
    "grossProfitRatio": 0.462825342,
    "researchAndDevelopmentExpenses": 0,
    "generalAndAdministrativeExpenses": 0,
    "sellingAndMarketingExpenses": 0,
    "sellingGeneralAndAdministrativeExpenses": 49507000,
    "otherExpenses": 73000,
    "operatingExpenses": 49580000,
    "costAndExpenses": 146455000,
    "interestIncome": 93983,
    "interestExpense": 41988,
    "depreciationAndAmortization": 843000,
    "ebitda": 34729000,
    "ebitdaratio": 0.192574068,
    "operatingIncome": 33886000,
    "operatingIncomeRatio": 0.1878995902,
    "totalOtherIncomeExpensesNet": 52000,
    "incomeBeforeTax": 33938000,
    "incomeBeforeTaxRatio": 0.1881879329,
    "incomeTaxExpense": 13551000,
    "netIncome": 20387000,
    "netIncomeRatio": 0.1130469499,
    "eps": 0.02,
    "epsdiluted": 0.0179,
    "weightedAverageShsOut": 1024021632,
    "weightedAverageShsOutDil": 1133754240,
    "link": "https://www.sec.gov/Archives/edgar/data/865752/000086575205000008/0000865752-05-000008-index.htm",
    "finalLink": "https://www.sec.gov/Archives/edgar/data/865752/000086575205000008/k123104.txt"
  },
  {
    "date": "2003-12-31",
    "symbol": "MNST",
    "reportedCurrency": "USD",
    "cik": "0000865752",
    "fillingDate": "2004-03-30",
    "acceptedDate": "2004-03-30 16:58:40",
    "calendarYear": "2003",
    "period": "FY",
    "revenue": 110352196,
    "costOfRevenue": 66577168,
    "grossProfit": 43775028,
    "grossProfitRatio": 0.3966847021,
    "researchAndDevelopmentExpenses": 0,
    "generalAndAdministrativeExpenses": 0,
    "sellingAndMarketingExpenses": 0,
    "sellingGeneralAndAdministrativeExpenses": 33887045,
    "otherExpenses": 61888,
    "operatingExpenses": 33948933,
    "costAndExpenses": 100526101,
    "interestIncome": 5579,
    "interestExpense": 72592,
    "depreciationAndAmortization": 646085,
    "ebitda": 10472180,
    "ebitdaratio": 0.0948977943,
    "operatingIncome": 9826095,
    "operatingIncomeRatio": 0.08904304,
    "totalOtherIncomeExpensesNet": -67013,
    "incomeBeforeTax": 9759082,
    "incomeBeforeTaxRatio": 0.0884357752,
    "incomeTaxExpense": 3828678,
    "netIncome": 5930404,
    "netIncomeRatio": 0.0537406976,
    "eps": 0.006,
    "epsdiluted": 0.0057,
    "weightedAverageShsOut": 986756160,
    "weightedAverageShsOutDil": 1033167072,
    "link": "https://www.sec.gov/Archives/edgar/data/865752/000086575204000022/0000865752-04-000022-index.htm",
    "finalLink": "https://www.sec.gov/Archives/edgar/data/865752/000086575204000022/k123103.txt"
  },
  {
    "date": "2002-12-31",
    "symbol": "MNST",
    "reportedCurrency": "USD",
    "cik": "0000865752",
    "fillingDate": "2003-03-31",
    "acceptedDate": "2003-03-31 16:14:39",
    "calendarYear": "2002",
    "period": "FY",
    "revenue": 92046362,
    "costOfRevenue": 58802669,
    "grossProfit": 33243693,
    "grossProfitRatio": 0.3611624868,
    "researchAndDevelopmentExpenses": 0,
    "generalAndAdministrativeExpenses": 0,
    "sellingAndMarketingExpenses": 0,
    "sellingGeneralAndAdministrativeExpenses": 27896202,
    "otherExpenses": 54558,
    "operatingExpenses": 27950760,
    "costAndExpenses": 86753429,
    "interestIncome": 0,
    "interestExpense": 0,
    "depreciationAndAmortization": 548452,
    "ebitda": 5841385,
    "ebitdaratio": 0.0634613348,
    "operatingIncome": 5292933,
    "operatingIncomeRatio": 0.0575029027,
    "totalOtherIncomeExpensesNet": -227758,
    "incomeBeforeTax": 5065175,
    "incomeBeforeTaxRatio": 0.0550285192,
    "incomeTaxExpense": 2035980,
    "netIncome": 3029195,
    "netIncomeRatio": 0.0329094484,
    "eps": 0.0031,
    "epsdiluted": 0.003,
    "weightedAverageShsOut": 965039904,
    "weightedAverageShsOutDil": 992601984,
    "link": "https://www.sec.gov/Archives/edgar/data/865752/000086575203000004/0000865752-03-000004-index.htm",
    "finalLink": "https://www.sec.gov/Archives/edgar/data/865752/000086575203000004/k10.txt"
  },
  {
    "date": "2001-12-31",
    "symbol": "MNST",
    "reportedCurrency": "USD",
    "cik": "0000865752",
    "fillingDate": "2002-03-29",
    "acceptedDate": "2002-03-29 00:00:00",
    "calendarYear": "2001",
    "period": "FY",
    "revenue": 80658317,
    "costOfRevenue": 51455207,
    "grossProfit": 40824504,
    "grossProfitRatio": 0.5061412824,
    "researchAndDevelopmentExpenses": 0,
    "generalAndAdministrativeExpenses": 0,
    "sellingAndMarketingExpenses": 0,
    "sellingGeneralAndAdministrativeExpenses": 22803433,
    "otherExpenses": 507488,
    "operatingExpenses": 23310921,
    "costAndExpenses": 75107460,
    "interestIncome": 0,
    "interestExpense": 0,
    "depreciationAndAmortization": 943947,
    "ebitda": 6494804,
    "ebitdaratio": 0.0805224339,
    "operatingIncome": 5550857,
    "operatingIncomeRatio": 0.0688194002,
    "totalOtherIncomeExpensesNet": -518602,
    "incomeBeforeTax": 5032255,
    "incomeBeforeTaxRatio": 0.0623897843,
    "incomeTaxExpense": 2012902,
    "netIncome": 3019353,
    "netIncomeRatio": 0.0374338706,
    "eps": 0.0031,
    "epsdiluted": 0.0029,
    "weightedAverageShsOut": 966192960,
    "weightedAverageShsOutDil": 1035206743,
    "link": "https://www.sec.gov/Archives/edgar/data/865752/000086575202000006/0000865752-02-000006-index.htm",
    "finalLink": "https://www.sec.gov/Archives/edgar/data/865752/000086575202000006/fs123101a.txt"
  },
  {
    "date": "2000-12-31",
    "symbol": "MNST",
    "reportedCurrency": "USD",
    "cik": "0000865752",
    "fillingDate": "2001-03-30",
    "acceptedDate": "2001-03-30 00:00:00",
    "calendarYear": "2000",
    "period": "FY",
    "revenue": 71705985,
    "costOfRevenue": 42332015,
    "grossProfit": 37400694,
    "grossProfitRatio": 0.5215839933,
    "researchAndDevelopmentExpenses": 0,
    "generalAndAdministrativeExpenses": 0,
    "sellingAndMarketingExpenses": 0,
    "sellingGeneralAndAdministrativeExpenses": 21654495,
    "otherExpenses": 371073,
    "operatingExpenses": 22025568,
    "costAndExpenses": 64805635,
    "interestIncome": 12914,
    "interestExpense": 382152,
    "depreciationAndAmortization": 685735,
    "ebitda": 7586085,
    "ebitdaratio": 0.1057943071,
    "operatingIncome": 6900350,
    "operatingIncomeRatio": 0.0962311584,
    "totalOtherIncomeExpensesNet": -369238,
    "incomeBeforeTax": 6531112,
    "incomeBeforeTaxRatio": 0.0910818253,
    "incomeTaxExpense": 2615986,
    "netIncome": 3915126,
    "netIncomeRatio": 0.0545997102,
    "eps": 0.0041,
    "epsdiluted": 0.004,
    "weightedAverageShsOut": 963723323,
    "weightedAverageShsOutDil": 989084463,
    "link": "https://www.sec.gov/Archives/edgar/data/865752/000086575201000004/0000865752-01-000004-index.htm",
    "finalLink": "https://www.sec.gov/Archives/edgar/data/865752/000086575201000004/0000865752-01-000004-0001.txt"
  },
  {
    "date": "1999-12-31",
    "symbol": "MNST",
    "reportedCurrency": "USD",
    "cik": "0000865752",
    "fillingDate": "2000-03-30",
    "acceptedDate": "2000-03-30 00:00:00",
    "calendarYear": "1999",
    "period": "FY",
    "revenue": 72300000,
    "costOfRevenue": 38500000,
    "grossProfit": 33800000,
    "grossProfitRatio": 0.4674965422,
    "researchAndDevelopmentExpenses": 0,
    "generalAndAdministrativeExpenses": 0,
    "sellingAndMarketingExpenses": 0,
    "sellingGeneralAndAdministrativeExpenses": 25700000,
    "otherExpenses": 600000,
    "operatingExpenses": 26300000,
    "costAndExpenses": 64800000,
    "interestIncome": 0,
    "interestExpense": 0,
    "depreciationAndAmortization": 600000,
    "ebitda": 8100000,
    "ebitdaratio": 0.112033195,
    "operatingIncome": 7500000,
    "operatingIncomeRatio": 0.1037344398,
    "totalOtherIncomeExpensesNet": 0,
    "incomeBeforeTax": 7500000,
    "incomeBeforeTaxRatio": 0.1037344398,
    "incomeTaxExpense": 3000000,
    "netIncome": 4500000,
    "netIncomeRatio": 0.0622406639,
    "eps": 0.0047,
    "epsdiluted": 0.0045,
    "weightedAverageShsOut": 956618688,
    "weightedAverageShsOutDil": 1009017984,
    "link": "https://www.sec.gov/Archives/edgar/data/865752/000086575200000003/0000865752-00-000003-index.html",
    "finalLink": "https://www.sec.gov/Archives/edgar/data/865752/000086575200000003/"
  },
  {
    "date": "1998-12-31",
    "symbol": "MNST",
    "reportedCurrency": "USD",
    "cik": "0000865752",
    "fillingDate": "1999-03-31",
    "acceptedDate": "1999-03-31 00:00:00",
    "calendarYear": "1998",
    "period": "FY",
    "revenue": 53900000,
    "costOfRevenue": 27100000,
    "grossProfit": 26800000,
    "grossProfitRatio": 0.4972170686,
    "researchAndDevelopmentExpenses": 0,
    "generalAndAdministrativeExpenses": 0,
    "sellingAndMarketingExpenses": 0,
    "sellingGeneralAndAdministrativeExpenses": 20300000,
    "otherExpenses": 500000,
    "operatingExpenses": 20800000,
    "costAndExpenses": 47900000,
    "interestIncome": 0,
    "interestExpense": 0,
    "depreciationAndAmortization": 500000,
    "ebitda": 6500000,
    "ebitdaratio": 0.120593692,
    "operatingIncome": 6000000,
    "operatingIncomeRatio": 0.1113172542,
    "totalOtherIncomeExpensesNet": -300000,
    "incomeBeforeTax": 5700000,
    "incomeBeforeTaxRatio": 0.1057513915,
    "incomeTaxExpense": 2100000,
    "netIncome": 3600000,
    "netIncomeRatio": 0.0667903525,
    "eps": 0.004,
    "epsdiluted": 0.0035,
    "weightedAverageShsOut": 901122048,
    "weightedAverageShsOutDil": 1001349792,
    "link": "https://www.sec.gov/Archives/edgar/data/865752/000086575299000003/0000865752-99-000003-index.html",
    "finalLink": "https://www.sec.gov/Archives/edgar/data/865752/"
  },
  {
    "date": "1997-12-31",
    "symbol": "MNST",
    "reportedCurrency": "USD",
    "cik": "0000865752",
    "fillingDate": "1998-03-31",
    "acceptedDate": "1998-03-31 00:00:00",
    "calendarYear": "1997",
    "period": "FY",
    "revenue": 43100000,
    "costOfRevenue": 24900000,
    "grossProfit": 18200000,
    "grossProfitRatio": 0.4222737819,
    "researchAndDevelopmentExpenses": 0,
    "generalAndAdministrativeExpenses": 0,
    "sellingAndMarketingExpenses": 0,
    "sellingGeneralAndAdministrativeExpenses": 15700000,
    "otherExpenses": 600000,
    "operatingExpenses": 16300000,
    "costAndExpenses": 41200000,
    "interestIncome": 0,
    "interestExpense": 0,
    "depreciationAndAmortization": 600000,
    "ebitda": 2500000,
    "ebitdaratio": 0.0580046404,
    "operatingIncome": 1900000,
    "operatingIncomeRatio": 0.0440835267,
    "totalOtherIncomeExpensesNet": 0,
    "incomeBeforeTax": 1900000,
    "incomeBeforeTaxRatio": 0.0440835267,
    "incomeTaxExpense": 0,
    "netIncome": 1300000,
    "netIncomeRatio": 0.030162413,
    "eps": 0.0015,
    "epsdiluted": 0.0014,
    "weightedAverageShsOut": 891428571,
    "weightedAverageShsOutDil": 960000000,
    "link": "https://www.sec.gov/Archives/edgar/data/865752/000086575298000003/0000865752-98-000003-index.html",
    "finalLink": "https://www.sec.gov/Archives/edgar/data/865752/"
  },
  {
    "date": "1996-12-31",
    "symbol": "MNST",
    "reportedCurrency": "USD",
    "cik": "0000865752",
    "fillingDate": "1997-03-31",
    "acceptedDate": "1997-03-31 00:00:00",
    "calendarYear": "1996",
    "period": "FY",
    "revenue": 35600000,
    "costOfRevenue": 21400000,
    "grossProfit": 14200000,
    "grossProfitRatio": 0.3988764045,
    "researchAndDevelopmentExpenses": 0,
    "generalAndAdministrativeExpenses": 0,
    "sellingAndMarketingExpenses": 0,
    "sellingGeneralAndAdministrativeExpenses": 12700000,
    "otherExpenses": 600000,
    "operatingExpenses": 13300000,
    "costAndExpenses": 34700000,
    "interestIncome": 0,
    "interestExpense": 0,
    "depreciationAndAmortization": 600000,
    "ebitda": 1500000,
    "ebitdaratio": 0.0421348315,
    "operatingIncome": 900000,
    "operatingIncomeRatio": 0.0252808989,
    "totalOtherIncomeExpensesNet": 0,
    "incomeBeforeTax": 900000,
    "incomeBeforeTaxRatio": 0.0252808989,
    "incomeTaxExpense": 0,
    "netIncome": 400000,
    "netIncomeRatio": 0.0112359551,
    "eps": 0.0004,
    "epsdiluted": 0.0004,
    "weightedAverageShsOut": 884915040,
    "weightedAverageShsOutDil": 960000000,
    "link": "https://www.sec.gov/Archives/edgar/data/865752/000091205797011221/0000912057-97-011221-index.html",
    "finalLink": "https://www.sec.gov/Archives/edgar/data/865752/"
  },
  {
    "date": "1995-12-31",
    "symbol": "MNST",
    "reportedCurrency": "USD",
    "cik": "0000865752",
    "fillingDate": "1995-12-31",
    "acceptedDate": "1995-12-31 00:00:00",
    "calendarYear": "1995",
    "period": "FY",
    "revenue": 34000000,
    "costOfRevenue": 21800000,
    "grossProfit": 12200000,
    "grossProfitRatio": 0.3588235294,
    "researchAndDevelopmentExpenses": 0,
    "generalAndAdministrativeExpenses": 0,
    "sellingAndMarketingExpenses": 0,
    "sellingGeneralAndAdministrativeExpenses": 12700000,
    "otherExpenses": 700000,
    "operatingExpenses": 13400000,
    "costAndExpenses": 35200000,
    "interestIncome": 0,
    "interestExpense": 0,
    "depreciationAndAmortization": 700000,
    "ebitda": -500000,
    "ebitdaratio": -0.0147058824,
    "operatingIncome": -1200000,
    "operatingIncomeRatio": -0.0352941176,
    "totalOtherIncomeExpensesNet": 0,
    "incomeBeforeTax": -1200000,
    "incomeBeforeTaxRatio": -0.0352941176,
    "incomeTaxExpense": 0,
    "netIncome": -1300000,
    "netIncomeRatio": -0.0382352941,
    "eps": -0.0016,
    "epsdiluted": -0.0016,
    "weightedAverageShsOut": 832000000,
    "weightedAverageShsOutDil": 832000000,
    "link": null,
    "finalLink": null
  },
  {
    "date": "1994-12-31",
    "symbol": "MNST",
    "reportedCurrency": "USD",
    "cik": "0000865752",
    "fillingDate": "1994-12-31",
    "acceptedDate": "1994-12-31 00:00:00",
    "calendarYear": "1994",
    "period": "FY",
    "revenue": 28800000,
    "costOfRevenue": 15900000,
    "grossProfit": 12900000,
    "grossProfitRatio": 0.4479166667,
    "researchAndDevelopmentExpenses": 0,
    "generalAndAdministrativeExpenses": 0,
    "sellingAndMarketingExpenses": 0,
    "sellingGeneralAndAdministrativeExpenses": 13400000,
    "otherExpenses": 700000,
    "operatingExpenses": 14100000,
    "costAndExpenses": 30000000,
    "interestIncome": 0,
    "interestExpense": 0,
    "depreciationAndAmortization": 700000,
    "ebitda": -500000,
    "ebitdaratio": -0.0173611111,
    "operatingIncome": -1200000,
    "operatingIncomeRatio": -0.0416666667,
    "totalOtherIncomeExpensesNet": 0,
    "incomeBeforeTax": -1200000,
    "incomeBeforeTaxRatio": -0.0416666667,
    "incomeTaxExpense": 0,
    "netIncome": -1400000,
    "netIncomeRatio": -0.0486111111,
    "eps": -0.0016,
    "epsdiluted": -0.0016,
    "weightedAverageShsOut": 896000000,
    "weightedAverageShsOutDil": 896000000,
    "link": null,
    "finalLink": null
  },
  {
    "date": "1993-12-31",
    "symbol": "MNST",
    "reportedCurrency": "USD",
    "cik": "0000865752",
    "fillingDate": "1993-12-31",
    "acceptedDate": "1993-12-31 00:00:00",
    "calendarYear": "1993",
    "period": "FY",
    "revenue": 23700000,
    "costOfRevenue": 13400000,
    "grossProfit": 10300000,
    "grossProfitRatio": 0.4345991561,
    "researchAndDevelopmentExpenses": 0,
    "generalAndAdministrativeExpenses": 0,
    "sellingAndMarketingExpenses": 0,
    "sellingGeneralAndAdministrativeExpenses": 8600000,
    "otherExpenses": 600000,
    "operatingExpenses": 9200000,
    "costAndExpenses": 22600000,
    "interestIncome": 0,
    "interestExpense": 0,
    "depreciationAndAmortization": 600000,
    "ebitda": 1700000,
    "ebitdaratio": 0.0717299578,
    "operatingIncome": 1100000,
    "operatingIncomeRatio": 0.0464135021,
    "totalOtherIncomeExpensesNet": -400000,
    "incomeBeforeTax": 700000,
    "incomeBeforeTaxRatio": 0.029535865,
    "incomeTaxExpense": 100000,
    "netIncome": 600000,
    "netIncomeRatio": 0.0253164557,
    "eps": 0.0007,
    "epsdiluted": 0.0007,
    "weightedAverageShsOut": 822857143,
    "weightedAverageShsOutDil": 822857143,
    "link": null,
    "finalLink": null
  },
  {
    "date": "1992-12-31",
    "symbol": "MNST",
    "reportedCurrency": "USD",
    "cik": "0000865752",
    "fillingDate": "1992-12-31",
    "acceptedDate": "1992-12-31 00:00:00",
    "calendarYear": "1992",
    "period": "FY",
    "revenue": 9600000,
    "costOfRevenue": 5100000,
    "grossProfit": 4500000,
    "grossProfitRatio": 0.46875,
    "researchAndDevelopmentExpenses": 0,
    "generalAndAdministrativeExpenses": 0,
    "sellingAndMarketingExpenses": 0,
    "sellingGeneralAndAdministrativeExpenses": 3900000,
    "otherExpenses": 300000,
    "operatingExpenses": 4200000,
    "costAndExpenses": 9300000,
    "interestIncome": 0,
    "interestExpense": 0,
    "depreciationAndAmortization": 300000,
    "ebitda": 600000,
    "ebitdaratio": 0.0625,
    "operatingIncome": 300000,
    "operatingIncomeRatio": 0.03125,
    "totalOtherIncomeExpensesNet": 0,
    "incomeBeforeTax": 300000,
    "incomeBeforeTaxRatio": 0.03125,
    "incomeTaxExpense": 0,
    "netIncome": 300000,
    "netIncomeRatio": 0.03125,
    "eps": 0.00046875,
    "epsdiluted": 0.00046875,
    "weightedAverageShsOut": 640000000,
    "weightedAverageShsOutDil": 640000000,
    "link": null,
    "finalLink": null
  },
  {
    "date": "1991-12-31",
    "symbol": "MNST",
    "reportedCurrency": "USD",
    "cik": "0000865752",
    "fillingDate": "1991-12-31",
    "acceptedDate": "1991-12-31 00:00:00",
    "calendarYear": "1991",
    "period": "FY",
    "revenue": 400000,
    "costOfRevenue": 0,
    "grossProfit": 400000,
    "grossProfitRatio": 1,
    "researchAndDevelopmentExpenses": 0,
    "generalAndAdministrativeExpenses": 0,
    "sellingAndMarketingExpenses": 0,
    "sellingGeneralAndAdministrativeExpenses": 400000,
    "otherExpenses": 0,
    "operatingExpenses": 400000,
    "costAndExpenses": 400000,
    "interestIncome": 0,
    "interestExpense": 0,
    "depreciationAndAmortization": 0,
    "ebitda": 0,
    "ebitdaratio": 0,
    "operatingIncome": 0,
    "operatingIncomeRatio": 0,
    "totalOtherIncomeExpensesNet": 0,
    "incomeBeforeTax": 0,
    "incomeBeforeTaxRatio": 0,
    "incomeTaxExpense": 0,
    "netIncome": 0,
    "netIncomeRatio": 0,
    "eps": 0,
    "epsdiluted": 0,
    "weightedAverageShsOut": 346176000,
    "weightedAverageShsOutDil": 346176000,
    "link": null,
    "finalLink": null
  },
  {
    "date": "1990-12-31",
    "symbol": "MNST",
    "reportedCurrency": "USD",
    "cik": "0000865752",
    "fillingDate": "1990-12-31",
    "acceptedDate": "1990-12-31 00:00:00",
    "calendarYear": "1990",
    "period": "FY",
    "revenue": 100000,
    "costOfRevenue": 0,
    "grossProfit": 100000,
    "grossProfitRatio": 1,
    "researchAndDevelopmentExpenses": 0,
    "generalAndAdministrativeExpenses": 0,
    "sellingAndMarketingExpenses": 0,
    "sellingGeneralAndAdministrativeExpenses": 300000,
    "otherExpenses": 0,
    "operatingExpenses": 300000,
    "costAndExpenses": 300000,
    "interestIncome": 0,
    "interestExpense": 0,
    "depreciationAndAmortization": 0,
    "ebitda": -200000,
    "ebitdaratio": -2,
    "operatingIncome": -200000,
    "operatingIncomeRatio": -2,
    "totalOtherIncomeExpensesNet": 0,
    "incomeBeforeTax": -200000,
    "incomeBeforeTaxRatio": -2,
    "incomeTaxExpense": 0,
    "netIncome": -200000,
    "netIncomeRatio": -2,
    "eps": -0.0014,
    "epsdiluted": -0.0014,
    "weightedAverageShsOut": 147692308,
    "weightedAverageShsOutDil": 147692308,
    "link": null,
    "finalLink": null
  }
]