[
  {
    "date": "2025-06-30",
    "symbol": "MO",
    "reportedCurrency": "USD",
    "cik": "0000764180",
    "fillingDate": "2025-07-30",
    "acceptedDate": "2025-07-30 07:22:57",
    "calendarYear": "2025",
    "period": "Q2",
    "revenue": 5290000000,
    "costOfRevenue": 1440000000,
    "grossProfit": 3850000000,
    "grossProfitRatio": 0.7277882798,
    "researchAndDevelopmentExpenses": 0,
    "generalAndAdministrativeExpenses": 0,
    "sellingAndMarketingExpenses": 619000000,
    "sellingGeneralAndAdministrativeExpenses": 619000000,
    "otherExpenses": 1000000,
    "operatingExpenses": 620000000,
    "costAndExpenses": 2060000000,
    "interestIncome": 0,
    "interestExpense": 275000000,
    "depreciationAndAmortization": 30000000,
    "ebitda": 3423000000,
    "ebitdaratio": 0.6470699433,
    "operatingIncome": 3230000000,
    "operatingIncomeRatio": 0.6105860113,
    "totalOtherIncomeExpensesNet": -112000000,
    "incomeBeforeTax": 3118000000,
    "incomeBeforeTaxRatio": 0.5894139887,
    "incomeTaxExpense": 740000000,
    "netIncome": 2378000000,
    "netIncomeRatio": 0.4495274102,
    "eps": 1.41,
    "epsdiluted": 1.41,
    "weightedAverageShsOut": 1684000000,
    "weightedAverageShsOutDil": 1684000000,
    "link": "https://www.sec.gov/Archives/edgar/data/764180/000076418025000111/0000764180-25-000111-index.htm",
    "finalLink": "https://www.sec.gov/ix?doc=/Archives/edgar/data/764180/000076418025000111/mo-20250630.htm#i299180162fe9402b9c224b58c3775c2a_10"
  },
  {
    "date": "2025-03-31",
    "symbol": "MO",
    "reportedCurrency": "USD",
    "cik": "0000764180",
    "fillingDate": "2025-04-29",
    "acceptedDate": "2025-04-29 07:26:00",
    "calendarYear": "2025",
    "period": "Q1",
    "revenue": 4519000000,
    "costOfRevenue": 1270000000,
    "grossProfit": 3249000000,
    "grossProfitRatio": 0.7189643726,
    "researchAndDevelopmentExpenses": 0,
    "generalAndAdministrativeExpenses": 0,
    "sellingAndMarketingExpenses": 588000000,
    "sellingGeneralAndAdministrativeExpenses": 588000000,
    "otherExpenses": 873000000,
    "operatingExpenses": 1461000000,
    "costAndExpenses": 2731000000,
    "interestIncome": 0,
    "interestExpense": 262000000,
    "depreciationAndAmortization": 71000000,
    "ebitda": 2016000000,
    "ebitdaratio": 0.4461163974,
    "operatingIncome": 1788000000,
    "operatingIncomeRatio": 0.3956627572,
    "totalOtherIncomeExpensesNet": -105000000,
    "incomeBeforeTax": 1683000000,
    "incomeBeforeTaxRatio": 0.3724275282,
    "incomeTaxExpense": 606000000,
    "netIncome": 1077000000,
    "netIncomeRatio": 0.2383270635,
    "eps": 0.63,
    "epsdiluted": 0.63,
    "weightedAverageShsOut": 1690000000,
    "weightedAverageShsOutDil": 1690000000,
    "link": "https://www.sec.gov/Archives/edgar/data/764180/000076418025000049/0000764180-25-000049-index.htm",
    "finalLink": "https://www.sec.gov/Archives/edgar/data/764180/000076418025000049/mo-20250331.htm"
  },
  {
    "date": "2024-12-31",
    "symbol": "MO",
    "reportedCurrency": "USD",
    "cik": "0000764180",
    "fillingDate": "2025-02-26",
    "acceptedDate": "2025-02-26 14:13:50",
    "calendarYear": "2024",
    "period": "Q4",
    "revenue": 5106000000,
    "costOfRevenue": 1502000000,
    "grossProfit": 3604000000,
    "grossProfitRatio": 0.7058362711,
    "researchAndDevelopmentExpenses": 43000000,
    "generalAndAdministrativeExpenses": 0,
    "sellingAndMarketingExpenses": 0,
    "sellingGeneralAndAdministrativeExpenses": 687000000,
    "otherExpenses": -8000000,
    "operatingExpenses": 722000000,
    "costAndExpenses": 2224000000,
    "interestIncome": 0,
    "interestExpense": 255000000,
    "depreciationAndAmortization": 73000000,
    "ebitda": 3192000000,
    "ebitdaratio": 0.625146886,
    "operatingIncome": 2882000000,
    "operatingIncomeRatio": 0.5644339992,
    "totalOtherIncomeExpensesNet": -105000000,
    "incomeBeforeTax": 2777000000,
    "incomeBeforeTaxRatio": 0.5438699569,
    "incomeTaxExpense": -262000000,
    "netIncome": 3039000000,
    "netIncomeRatio": 0.5951821387,
    "eps": 1.8,
    "epsdiluted": 1.79,
    "weightedAverageShsOut": 1690652000,
    "weightedAverageShsOutDil": 1694000000,
    "link": "https://www.sec.gov/Archives/edgar/data/764180/000076418025000019/0000764180-25-000019-index.htm",
    "finalLink": "https://www.sec.gov/Archives/edgar/data//000076418025000019/mo-20241231.htm"
  },
  {
    "date": "2024-09-30",
    "symbol": "MO",
    "reportedCurrency": "USD",
    "cik": "0000764180",
    "fillingDate": "2024-10-31",
    "acceptedDate": "2024-10-31 07:25:38",
    "calendarYear": "2024",
    "period": "Q3",
    "revenue": 5344000000,
    "costOfRevenue": 1536000000,
    "grossProfit": 3808000000,
    "grossProfitRatio": 0.7125748503,
    "researchAndDevelopmentExpenses": 61000000,
    "generalAndAdministrativeExpenses": 0,
    "sellingAndMarketingExpenses": 656000000,
    "sellingGeneralAndAdministrativeExpenses": 656000000,
    "otherExpenses": -61000000,
    "operatingExpenses": 656000000,
    "costAndExpenses": 2192000000,
    "interestIncome": 0,
    "interestExpense": 267000000,
    "depreciationAndAmortization": 74000000,
    "ebitda": 3367000000,
    "ebitdaratio": 0.6300523952,
    "operatingIncome": 3152000000,
    "operatingIncomeRatio": 0.5898203593,
    "totalOtherIncomeExpensesNet": -126000000,
    "incomeBeforeTax": 3026000000,
    "incomeBeforeTaxRatio": 0.566242515,
    "incomeTaxExpense": 733000000,
    "netIncome": 2293000000,
    "netIncomeRatio": 0.4290793413,
    "eps": 1.34,
    "epsdiluted": 1.34,
    "weightedAverageShsOut": 1703000000,
    "weightedAverageShsOutDil": 1703000000,
    "link": "https://www.sec.gov/Archives/edgar/data/764180/000076418024000102/0000764180-24-000102-index.htm",
    "finalLink": "https://www.sec.gov/Archives/edgar/data/764180/000076418024000102/mo-20240930.htm"
  },
  {
    "date": "2024-06-30",
    "symbol": "MO",
    "reportedCurrency": "USD",
    "cik": "0000764180",
    "fillingDate": "2024-07-31",
    "acceptedDate": "2024-07-31 07:23:37",
    "calendarYear": "2024",
    "period": "Q2",
    "revenue": 5277000000,
    "costOfRevenue": 1602000000,
    "grossProfit": 3675000000,
    "grossProfitRatio": 0.6964184196,
    "researchAndDevelopmentExpenses": 0,
    "generalAndAdministrativeExpenses": 0,
    "sellingAndMarketingExpenses": 788000000,
    "sellingGeneralAndAdministrativeExpenses": 788000000,
    "otherExpenses": 354000000,
    "operatingExpenses": 1142000000,
    "costAndExpenses": 2744000000,
    "interestIncome": 0,
    "interestExpense": 261000000,
    "depreciationAndAmortization": 74000000,
    "ebitda": 5451000000,
    "ebitdaratio": 1.0329732803,
    "operatingIncome": 2533000000,
    "operatingIncomeRatio": 0.4800075801,
    "totalOtherIncomeExpensesNet": 2583000000,
    "incomeBeforeTax": 5116000000,
    "incomeBeforeTaxRatio": 0.9694902407,
    "incomeTaxExpense": 1313000000,
    "netIncome": 3803000000,
    "netIncomeRatio": 0.7206746257,
    "eps": 2.21,
    "epsdiluted": 2.21,
    "weightedAverageShsOut": 1718000000,
    "weightedAverageShsOutDil": 1718000000,
    "link": "https://www.sec.gov/Archives/edgar/data/764180/000076418024000093/0000764180-24-000093-index.htm",
    "finalLink": "https://www.sec.gov/Archives/edgar/data/764180/000076418024000057/mo-20240331.htm"
  },
  {
    "date": "2024-03-31",
    "symbol": "MO",
    "reportedCurrency": "USD",
    "cik": "0000764180",
    "fillingDate": "2024-04-25",
    "acceptedDate": "2024-04-25 07:12:36",
    "calendarYear": "2024",
    "period": "Q1",
    "revenue": 4717000000,
    "costOfRevenue": 1437000000,
    "grossProfit": 3280000000,
    "grossProfitRatio": 0.6953572186,
    "researchAndDevelopmentExpenses": 0,
    "generalAndAdministrativeExpenses": 0,
    "sellingAndMarketingExpenses": 606000000,
    "sellingGeneralAndAdministrativeExpenses": 606000000,
    "otherExpenses": 0,
    "operatingExpenses": 606000000,
    "costAndExpenses": 2043000000,
    "interestIncome": 0,
    "interestExpense": 254000000,
    "depreciationAndAmortization": 65000000,
    "ebitda": 3058000000,
    "ebitdaratio": 0.6482934068,
    "operatingIncome": 2674000000,
    "operatingIncomeRatio": 0.5668857325,
    "totalOtherIncomeExpensesNet": 65000000,
    "incomeBeforeTax": 2739000000,
    "incomeBeforeTaxRatio": 0.5806656773,
    "incomeTaxExpense": 610000000,
    "netIncome": 2129000000,
    "netIncomeRatio": 0.4513461946,
    "eps": 1.21,
    "epsdiluted": 1.21,
    "weightedAverageShsOut": 1758000000,
    "weightedAverageShsOutDil": 1758000000,
    "link": "https://www.sec.gov/Archives/edgar/data/764180/000076418024000057/0000764180-24-000057-index.htm",
    "finalLink": "https://www.sec.gov/Archives/edgar/data/764180/000076418024000057/mo-20240331.htm"
  },
  {
    "date": "2023-12-31",
    "symbol": "MO",
    "reportedCurrency": "USD",
    "cik": "0000764180",
    "fillingDate": "2024-06-05",
    "acceptedDate": "2024-06-05 13:23:49",
    "calendarYear": "2023",
    "period": "Q4",
    "revenue": 5024000000,
    "costOfRevenue": 1525000000,
    "grossProfit": 3499000000,
    "grossProfitRatio": 0.6964570064,
    "researchAndDevelopmentExpenses": 0,
    "generalAndAdministrativeExpenses": 0,
    "sellingAndMarketingExpenses": 0,
    "sellingGeneralAndAdministrativeExpenses": 703000000,
    "otherExpenses": 0,
    "operatingExpenses": 703000000,
    "costAndExpenses": 2228000000,
    "interestIncome": 0,
    "interestExpense": 231000000,
    "depreciationAndAmortization": 78000000,
    "ebitda": 3204000000,
    "ebitdaratio": 0.6377388535,
    "operatingIncome": 2796000000,
    "operatingIncomeRatio": 0.5565286624,
    "totalOtherIncomeExpensesNet": -61000000,
    "incomeBeforeTax": 2735000000,
    "incomeBeforeTaxRatio": 0.5443869427,
    "incomeTaxExpense": 675000000,
    "netIncome": 2060000000,
    "netIncomeRatio": 0.4100318471,
    "eps": 1.16,
    "epsdiluted": 1.16,
    "weightedAverageShsOut": 1768214758,
    "weightedAverageShsOutDil": 1768214758,
    "link": "https://www.sec.gov/Archives/edgar/data/764180/000076418024000079/0000764180-24-000079-index.htm",
    "finalLink": "https://www.sec.gov/Archives/edgar/data/764180/000076418024000079/mo-20231231.htm"
  },
  {
    "date": "2023-09-30",
    "symbol": "MO",
    "reportedCurrency": "USD",
    "cik": "0000764180",
    "fillingDate": "2023-10-26",
    "acceptedDate": "2023-10-26 07:11:10",
    "calendarYear": "2023",
    "period": "Q3",
    "revenue": 5277000000,
    "costOfRevenue": 1578000000,
    "grossProfit": 3699000000,
    "grossProfitRatio": 0.7009664582,
    "researchAndDevelopmentExpenses": 0,
    "generalAndAdministrativeExpenses": 0,
    "sellingAndMarketingExpenses": 610000000,
    "sellingGeneralAndAdministrativeExpenses": 610000000,
    "otherExpenses": 0,
    "operatingExpenses": 610000000,
    "costAndExpenses": 2188000000,
    "interestIncome": 0,
    "interestExpense": 272000000,
    "depreciationAndAmortization": 80000000,
    "ebitda": 3260000000,
    "ebitdaratio": 0.6177752511,
    "operatingIncome": 3089000000,
    "operatingIncomeRatio": 0.5853704756,
    "totalOtherIncomeExpensesNet": -181000000,
    "incomeBeforeTax": 2908000000,
    "incomeBeforeTaxRatio": 0.5510706841,
    "incomeTaxExpense": 742000000,
    "netIncome": 2166000000,
    "netIncomeRatio": 0.4104604889,
    "eps": 1.22,
    "epsdiluted": 1.22,
    "weightedAverageShsOut": 1773000000,
    "weightedAverageShsOutDil": 1773000000,
    "link": "https://www.sec.gov/Archives/edgar/data/764180/000076418023000126/0000764180-23-000126-index.htm",
    "finalLink": "https://www.sec.gov/Archives/edgar/data/764180/000076418023000126/mo-20230930.htm"
  },
  {
    "date": "2023-06-30",
    "symbol": "MO",
    "reportedCurrency": "USD",
    "cik": "0000764180",
    "fillingDate": "2023-08-01",
    "acceptedDate": "2023-08-01 07:20:09",
    "calendarYear": "2023",
    "period": "Q2",
    "revenue": 5438000000,
    "costOfRevenue": 1681000000,
    "grossProfit": 3757000000,
    "grossProfitRatio": 0.6908789996,
    "researchAndDevelopmentExpenses": 0,
    "generalAndAdministrativeExpenses": 0,
    "sellingAndMarketingExpenses": 852000000,
    "sellingGeneralAndAdministrativeExpenses": 852000000,
    "otherExpenses": 0,
    "operatingExpenses": 852000000,
    "costAndExpenses": 2533000000,
    "interestIncome": 0,
    "interestExpense": 257000000,
    "depreciationAndAmortization": 62000000,
    "ebitda": 3125000000,
    "ebitdaratio": 0.5746598014,
    "operatingIncome": 2905000000,
    "operatingIncomeRatio": 0.5342037514,
    "totalOtherIncomeExpensesNet": -99000000,
    "incomeBeforeTax": 2806000000,
    "incomeBeforeTaxRatio": 0.5159985289,
    "incomeTaxExpense": 689000000,
    "netIncome": 2117000000,
    "netIncomeRatio": 0.3892975359,
    "eps": 1.19,
    "epsdiluted": 1.19,
    "weightedAverageShsOut": 1782000000,
    "weightedAverageShsOutDil": 1782000000,
    "link": "https://www.sec.gov/Archives/edgar/data/764180/000076418023000113/0000764180-23-000113-index.htm",
    "finalLink": "https://www.sec.gov/Archives/edgar/data/764180/000076418023000113/mo-20230630.htm"
  },
  {
    "date": "2023-03-31",
    "symbol": "MO",
    "reportedCurrency": "USD",
    "cik": "0000764180",
    "fillingDate": "2023-04-27",
    "acceptedDate": "2023-04-27 07:16:26",
    "calendarYear": "2023",
    "period": "Q1",
    "revenue": 4763000000,
    "costOfRevenue": 1434000000,
    "grossProfit": 3329000000,
    "grossProfitRatio": 0.6989292463,
    "researchAndDevelopmentExpenses": 0,
    "generalAndAdministrativeExpenses": 0,
    "sellingAndMarketingExpenses": 572000000,
    "sellingGeneralAndAdministrativeExpenses": 572000000,
    "otherExpenses": 0,
    "operatingExpenses": 572000000,
    "costAndExpenses": 2006000000,
    "interestIncome": 0,
    "interestExpense": 229000000,
    "depreciationAndAmortization": 52000000,
    "ebitda": 2760000000,
    "ebitdaratio": 0.5794667227,
    "operatingIncome": 2757000000,
    "operatingIncomeRatio": 0.5788368675,
    "totalOtherIncomeExpensesNet": -278000000,
    "incomeBeforeTax": 2479000000,
    "incomeBeforeTaxRatio": 0.5204702918,
    "incomeTaxExpense": 692000000,
    "netIncome": 1787000000,
    "netIncomeRatio": 0.3751837077,
    "eps": 1,
    "epsdiluted": 1,
    "weightedAverageShsOut": 1786000000,
    "weightedAverageShsOutDil": 1786000000,
    "link": "https://www.sec.gov/Archives/edgar/data/764180/000076418023000060/0000764180-23-000060-index.htm",
    "finalLink": "https://www.sec.gov/Archives/edgar/data/764180/000076418023000060/mo-20230331.htm"
  },
  {
    "date": "2022-12-31",
    "symbol": "MO",
    "reportedCurrency": "USD",
    "cik": "0000764180",
    "fillingDate": "2023-02-27",
    "acceptedDate": "2023-02-27 14:16:53",
    "calendarYear": "2022",
    "period": "Q4",
    "revenue": 5083000000,
    "costOfRevenue": 1573000000,
    "grossProfit": 3510000000,
    "grossProfitRatio": 0.6905370844,
    "researchAndDevelopmentExpenses": 0,
    "generalAndAdministrativeExpenses": 0,
    "sellingAndMarketingExpenses": 0,
    "sellingGeneralAndAdministrativeExpenses": 692000000,
    "otherExpenses": 0,
    "operatingExpenses": 692000000,
    "costAndExpenses": 2265000000,
    "interestIncome": 0,
    "interestExpense": 226000000,
    "depreciationAndAmortization": 63000000,
    "ebitda": 3063000000,
    "ebitdaratio": 0.6025968916,
    "operatingIncome": 2818000000,
    "operatingIncomeRatio": 0.5543970096,
    "totalOtherIncomeExpensesNet": -114000000,
    "incomeBeforeTax": 2704000000,
    "incomeBeforeTaxRatio": 0.5319693095,
    "incomeTaxExpense": 14000000,
    "netIncome": 2690000000,
    "netIncomeRatio": 0.5292150305,
    "eps": 1.5,
    "epsdiluted": 1.5,
    "weightedAverageShsOut": 1785534122,
    "weightedAverageShsOutDil": 1790000000,
    "link": "https://www.sec.gov/Archives/edgar/data/764180/000076418023000020/0000764180-23-000020-index.htm",
    "finalLink": "https://www.sec.gov/Archives/edgar/data/764180/000076418023000020/mo-20221231.htm"
  },
  {
    "date": "2022-09-30",
    "symbol": "MO",
    "reportedCurrency": "USD",
    "cik": "0000764180",
    "fillingDate": "2022-10-27",
    "acceptedDate": "2022-10-27 07:57:58",
    "calendarYear": "2022",
    "period": "Q3",
    "revenue": 5412000000,
    "costOfRevenue": 1715000000,
    "grossProfit": 3697000000,
    "grossProfitRatio": 0.6831116038,
    "researchAndDevelopmentExpenses": 0,
    "generalAndAdministrativeExpenses": 0,
    "sellingAndMarketingExpenses": 585000000,
    "sellingGeneralAndAdministrativeExpenses": 585000000,
    "otherExpenses": 0,
    "operatingExpenses": 585000000,
    "costAndExpenses": 2300000000,
    "interestIncome": 0,
    "interestExpense": 271000000,
    "depreciationAndAmortization": 54000000,
    "ebitda": 732000000,
    "ebitdaratio": 0.1352549889,
    "operatingIncome": 3112000000,
    "operatingIncomeRatio": 0.5750184775,
    "totalOtherIncomeExpensesNet": -2705000000,
    "incomeBeforeTax": 407000000,
    "incomeBeforeTaxRatio": 0.075203252,
    "incomeTaxExpense": 183000000,
    "netIncome": 224000000,
    "netIncomeRatio": 0.0413895048,
    "eps": 0.12,
    "epsdiluted": 0.12,
    "weightedAverageShsOut": 1799000000,
    "weightedAverageShsOutDil": 1799000000,
    "link": "https://www.sec.gov/Archives/edgar/data/764180/000076418022000102/0000764180-22-000102-index.htm",
    "finalLink": "https://www.sec.gov/Archives/edgar/data/764180/000076418022000102/mo-20220930.htm"
  },
  {
    "date": "2022-06-30",
    "symbol": "MO",
    "reportedCurrency": "USD",
    "cik": "0000764180",
    "fillingDate": "2022-07-28",
    "acceptedDate": "2022-07-28 07:12:02",
    "calendarYear": "2022",
    "period": "Q2",
    "revenue": 5374000000,
    "costOfRevenue": 1708000000,
    "grossProfit": 3666000000,
    "grossProfitRatio": 0.6821734276,
    "researchAndDevelopmentExpenses": 0,
    "generalAndAdministrativeExpenses": 0,
    "sellingAndMarketingExpenses": 561000000,
    "sellingGeneralAndAdministrativeExpenses": 561000000,
    "otherExpenses": 0,
    "operatingExpenses": 561000000,
    "costAndExpenses": 2269000000,
    "interestIncome": 0,
    "interestExpense": 280000000,
    "depreciationAndAmortization": 57000000,
    "ebitda": 1942000000,
    "ebitdaratio": 0.3613695571,
    "operatingIncome": 3105000000,
    "operatingIncomeRatio": 0.5777819129,
    "totalOtherIncomeExpensesNet": -1500000000,
    "incomeBeforeTax": 1605000000,
    "incomeBeforeTaxRatio": 0.2986602159,
    "incomeTaxExpense": 714000000,
    "netIncome": 891000000,
    "netIncomeRatio": 0.1657982881,
    "eps": 0.49,
    "epsdiluted": 0.49,
    "weightedAverageShsOut": 1809000000,
    "weightedAverageShsOutDil": 1809000000,
    "link": "https://www.sec.gov/Archives/edgar/data/764180/000076418022000091/0000764180-22-000091-index.htm",
    "finalLink": "https://www.sec.gov/Archives/edgar/data/764180/000076418022000091/mo-20220630.htm"
  },
  {
    "date": "2022-03-31",
    "symbol": "MO",
    "reportedCurrency": "USD",
    "cik": "0000764180",
    "fillingDate": "2022-04-28",
    "acceptedDate": "2022-04-28 07:24:13",
    "calendarYear": "2022",
    "period": "Q1",
    "revenue": 4819000000,
    "costOfRevenue": 1446000000,
    "grossProfit": 3373000000,
    "grossProfitRatio": 0.6999377464,
    "researchAndDevelopmentExpenses": 0,
    "generalAndAdministrativeExpenses": 489000000,
    "sellingAndMarketingExpenses": 0,
    "sellingGeneralAndAdministrativeExpenses": 489000000,
    "otherExpenses": 0,
    "operatingExpenses": 489000000,
    "costAndExpenses": 1935000000,
    "interestIncome": 0,
    "interestExpense": 281000000,
    "depreciationAndAmortization": 52000000,
    "ebitda": 3006000000,
    "ebitdaratio": 0.6237808674,
    "operatingIncome": 2884000000,
    "operatingIncomeRatio": 0.5984644117,
    "totalOtherIncomeExpensesNet": -211000000,
    "incomeBeforeTax": 2673000000,
    "incomeBeforeTaxRatio": 0.5546793941,
    "incomeTaxExpense": 714000000,
    "netIncome": 1959000000,
    "netIncomeRatio": 0.4065158747,
    "eps": 1.08,
    "epsdiluted": 1.08,
    "weightedAverageShsOut": 1817000619,
    "weightedAverageShsOutDil": 1818000000,
    "link": "https://www.sec.gov/Archives/edgar/data/764180/000076418022000044/0000764180-22-000044-index.htm",
    "finalLink": "https://www.sec.gov/Archives/edgar/data/764180/000076418022000044/mo-20220331.htm"
  },
  {
    "date": "2021-12-31",
    "symbol": "MO",
    "reportedCurrency": "USD",
    "cik": "0000764180",
    "fillingDate": "2022-02-25",
    "acceptedDate": "2022-02-25 12:52:58",
    "calendarYear": "2021",
    "period": "Q4",
    "revenue": 5086000000,
    "costOfRevenue": 1771000000,
    "grossProfit": 3315000000,
    "grossProfitRatio": 0.6517892253,
    "researchAndDevelopmentExpenses": 0,
    "generalAndAdministrativeExpenses": 0,
    "sellingAndMarketingExpenses": 0,
    "sellingGeneralAndAdministrativeExpenses": 582000000,
    "otherExpenses": 0,
    "operatingExpenses": 582000000,
    "costAndExpenses": 2353000000,
    "interestIncome": 0,
    "interestExpense": 293000000,
    "depreciationAndAmortization": 54000000,
    "ebitda": 2653000000,
    "ebitdaratio": 0.5216279984,
    "operatingIncome": 2733000000,
    "operatingIncomeRatio": 0.5373574518,
    "totalOtherIncomeExpensesNet": -453000000,
    "incomeBeforeTax": 2280000000,
    "incomeBeforeTaxRatio": 0.4482894219,
    "incomeTaxExpense": 656000000,
    "netIncome": 1624000000,
    "netIncomeRatio": 0.3193079041,
    "eps": 0.89,
    "epsdiluted": 0.88,
    "weightedAverageShsOut": 1823175618,
    "weightedAverageShsOutDil": 1832000000,
    "link": "https://www.sec.gov/Archives/edgar/data/764180/000076418022000019/0000764180-22-000019-index.htm",
    "finalLink": "https://www.sec.gov/Archives/edgar/data/764180/000076418022000019/mo-20211231.htm"
  },
  {
    "date": "2021-09-30",
    "symbol": "MO",
    "reportedCurrency": "USD",
    "cik": "0000764180",
    "fillingDate": "2021-10-28",
    "acceptedDate": "2021-10-28 10:10:06",
    "calendarYear": "2021",
    "period": "Q3",
    "revenue": 5531000000,
    "costOfRevenue": 1858000000,
    "grossProfit": 3673000000,
    "grossProfitRatio": 0.6640752124,
    "researchAndDevelopmentExpenses": 0,
    "generalAndAdministrativeExpenses": 0,
    "sellingAndMarketingExpenses": 722000000,
    "sellingGeneralAndAdministrativeExpenses": 722000000,
    "otherExpenses": 0,
    "operatingExpenses": 722000000,
    "costAndExpenses": 2580000000,
    "interestIncome": 0,
    "interestExpense": 266000000,
    "depreciationAndAmortization": 62000000,
    "ebitda": -2974000000,
    "ebitdaratio": -0.5376966191,
    "operatingIncome": 2951000000,
    "operatingIncomeRatio": 0.533538239,
    "totalOtherIncomeExpensesNet": -6253000000,
    "incomeBeforeTax": -3302000000,
    "incomeBeforeTaxRatio": -0.5969987344,
    "incomeTaxExpense": -582000000,
    "netIncome": -2722000000,
    "netIncomeRatio": -0.4921352378,
    "eps": -1.48,
    "epsdiluted": -1.48,
    "weightedAverageShsOut": 1840540540,
    "weightedAverageShsOutDil": 1842000000,
    "link": "https://www.sec.gov/Archives/edgar/data/764180/000076418021000127/0000764180-21-000127-index.htm",
    "finalLink": "https://www.sec.gov/Archives/edgar/data/764180/000076418021000127/mo-20210930.htm"
  },
  {
    "date": "2021-06-30",
    "symbol": "MO",
    "reportedCurrency": "USD",
    "cik": "0000764180",
    "fillingDate": "2021-07-29",
    "acceptedDate": "2021-07-29 10:42:42",
    "calendarYear": "2021",
    "period": "Q2",
    "revenue": 5614000000,
    "costOfRevenue": 1882000000,
    "grossProfit": 3732000000,
    "grossProfitRatio": 0.6647666548,
    "researchAndDevelopmentExpenses": 0,
    "generalAndAdministrativeExpenses": 0,
    "sellingAndMarketingExpenses": 0,
    "sellingGeneralAndAdministrativeExpenses": 546000000,
    "otherExpenses": 0,
    "operatingExpenses": 546000000,
    "costAndExpenses": 2428000000,
    "interestIncome": 0,
    "interestExpense": 295000000,
    "depreciationAndAmortization": 65000000,
    "ebitda": 3269000000,
    "ebitdaratio": 0.5822942643,
    "operatingIncome": 3186000000,
    "operatingIncomeRatio": 0.5675097969,
    "totalOtherIncomeExpensesNet": -277000000,
    "incomeBeforeTax": 2909000000,
    "incomeBeforeTaxRatio": 0.5181688636,
    "incomeTaxExpense": 759000000,
    "netIncome": 2149000000,
    "netIncomeRatio": 0.3827930175,
    "eps": 1.16,
    "epsdiluted": 1.16,
    "weightedAverageShsOut": 1848646981,
    "weightedAverageShsOutDil": 1849000000,
    "link": "https://www.sec.gov/Archives/edgar/data/764180/000076418021000108/0000764180-21-000108-index.htm",
    "finalLink": "https://www.sec.gov/Archives/edgar/data/764180/000076418021000108/mo-20210630.htm"
  },
  {
    "date": "2021-03-31",
    "symbol": "MO",
    "reportedCurrency": "USD",
    "cik": "0000764180",
    "fillingDate": "2021-04-29",
    "acceptedDate": "2021-04-29 07:20:48",
    "calendarYear": "2021",
    "period": "Q1",
    "revenue": 4880000000,
    "costOfRevenue": 1608000000,
    "grossProfit": 3272000000,
    "grossProfitRatio": 0.6704918033,
    "researchAndDevelopmentExpenses": 0,
    "generalAndAdministrativeExpenses": 582000000,
    "sellingAndMarketingExpenses": 0,
    "sellingGeneralAndAdministrativeExpenses": 582000000,
    "otherExpenses": 0,
    "operatingExpenses": 582000000,
    "costAndExpenses": 2190000000,
    "interestIncome": 0,
    "interestExpense": 308000000,
    "depreciationAndAmortization": 63000000,
    "ebitda": 2308000000,
    "ebitdaratio": 0.4729508197,
    "operatingIncome": 2690000000,
    "operatingIncomeRatio": 0.5512295082,
    "totalOtherIncomeExpensesNet": -753000000,
    "incomeBeforeTax": 1937000000,
    "incomeBeforeTaxRatio": 0.3969262295,
    "incomeTaxExpense": 516000000,
    "netIncome": 1424000000,
    "netIncomeRatio": 0.2918032787,
    "eps": 0.77,
    "epsdiluted": 0.77,
    "weightedAverageShsOut": 1857000000,
    "weightedAverageShsOutDil": 1857000000,
    "link": "https://www.sec.gov/Archives/edgar/data/764180/000076418021000065/0000764180-21-000065-index.htm",
    "finalLink": "https://www.sec.gov/Archives/edgar/data/764180/000076418021000065/mo-20210331.htm"
  },
  {
    "date": "2020-12-31",
    "symbol": "MO",
    "reportedCurrency": "USD",
    "cik": "0000764180",
    "fillingDate": "2021-02-26",
    "acceptedDate": "2021-02-26 14:45:40",
    "calendarYear": "2020",
    "period": "Q4",
    "revenue": 5055000000,
    "costOfRevenue": 1909000000,
    "grossProfit": 3146000000,
    "grossProfitRatio": 0.6223541048,
    "researchAndDevelopmentExpenses": 0,
    "generalAndAdministrativeExpenses": 0,
    "sellingAndMarketingExpenses": 0,
    "sellingGeneralAndAdministrativeExpenses": 569000000,
    "otherExpenses": -4000000,
    "operatingExpenses": 565000000,
    "costAndExpenses": 2474000000,
    "interestIncome": 0,
    "interestExpense": 315000000,
    "depreciationAndAmortization": 65000000,
    "ebitda": -114000000,
    "ebitdaratio": -0.0225519288,
    "operatingIncome": 2581000000,
    "operatingIncomeRatio": 0.5105835806,
    "totalOtherIncomeExpensesNet": -40000000,
    "incomeBeforeTax": 2541000000,
    "incomeBeforeTaxRatio": 0.5026706231,
    "incomeTaxExpense": 619000000,
    "netIncome": 1924000000,
    "netIncomeRatio": 0.3806132542,
    "eps": 1.03,
    "epsdiluted": 1.03,
    "weightedAverageShsOut": 1859000000,
    "weightedAverageShsOutDil": 1859000000,
    "link": "https://www.sec.gov/Archives/edgar/data/764180/000076418021000037/0000764180-21-000037-index.htm",
    "finalLink": "https://www.sec.gov/Archives/edgar/data/764180/000076418021000037/mo-20201231.htm"
  },
  {
    "date": "2020-09-30",
    "symbol": "MO",
    "reportedCurrency": "USD",
    "cik": "0000764180",
    "fillingDate": "2020-10-30",
    "acceptedDate": "2020-10-30 10:34:47",
    "calendarYear": "2020",
    "period": "Q3",
    "revenue": 5678000000,
    "costOfRevenue": 1961000000,
    "grossProfit": 3717000000,
    "grossProfitRatio": 0.6546319126,
    "researchAndDevelopmentExpenses": 0,
    "generalAndAdministrativeExpenses": 0,
    "sellingAndMarketingExpenses": 557000000,
    "sellingGeneralAndAdministrativeExpenses": 557000000,
    "otherExpenses": 0,
    "operatingExpenses": 557000000,
    "costAndExpenses": 2518000000,
    "interestIncome": 0,
    "interestExpense": 310000000,
    "depreciationAndAmortization": 62000000,
    "ebitda": 48000000,
    "ebitdaratio": 0.0084536809,
    "operatingIncome": 3160000000,
    "operatingIncomeRatio": 0.5565339908,
    "totalOtherIncomeExpensesNet": -3484000000,
    "incomeBeforeTax": -324000000,
    "incomeBeforeTaxRatio": -0.0570623459,
    "incomeTaxExpense": 632000000,
    "netIncome": -952000000,
    "netIncomeRatio": -0.1676646707,
    "eps": -0.51,
    "epsdiluted": -0.51,
    "weightedAverageShsOut": 1858419165,
    "weightedAverageShsOutDil": 1859000000,
    "link": "https://www.sec.gov/Archives/edgar/data/764180/000076418020000106/0000764180-20-000106-index.htm",
    "finalLink": "https://www.sec.gov/Archives/edgar/data/764180/000076418020000106/mo-20200930.htm"
  },
  {
    "date": "2020-06-30",
    "symbol": "MO",
    "reportedCurrency": "USD",
    "cik": "0000764180",
    "fillingDate": "2020-07-30",
    "acceptedDate": "2020-07-30 09:08:32",
    "calendarYear": "2020",
    "period": "Q2",
    "revenue": 5062000000,
    "costOfRevenue": 1775000000,
    "grossProfit": 3287000000,
    "grossProfitRatio": 0.6493480838,
    "researchAndDevelopmentExpenses": 0,
    "generalAndAdministrativeExpenses": 0,
    "sellingAndMarketingExpenses": 0,
    "sellingGeneralAndAdministrativeExpenses": 491000000,
    "otherExpenses": 0,
    "operatingExpenses": 491000000,
    "costAndExpenses": 2266000000,
    "interestIncome": 0,
    "interestExpense": 308000000,
    "depreciationAndAmortization": 65000000,
    "ebitda": 2861000000,
    "ebitdaratio": 0.5651916239,
    "operatingIncome": 2796000000,
    "operatingIncomeRatio": 0.5523508495,
    "totalOtherIncomeExpensesNet": -231000000,
    "incomeBeforeTax": 2565000000,
    "incomeBeforeTaxRatio": 0.5067167128,
    "incomeTaxExpense": 627000000,
    "netIncome": 1943000000,
    "netIncomeRatio": 0.3838403793,
    "eps": 1.05,
    "epsdiluted": 1.04,
    "weightedAverageShsOut": 1858387522,
    "weightedAverageShsOutDil": 1859000000,
    "link": "https://www.sec.gov/Archives/edgar/data/764180/000076418020000074/0000764180-20-000074-index.htm",
    "finalLink": "https://www.sec.gov/Archives/edgar/data/764180/000076418020000074/a2020form10qq22020.htm"
  },
  {
    "date": "2020-03-31",
    "symbol": "MO",
    "reportedCurrency": "USD",
    "cik": "0000764180",
    "fillingDate": "2020-04-30",
    "acceptedDate": "2020-04-30 11:12:00",
    "calendarYear": "2020",
    "period": "Q1",
    "revenue": 5046000000,
    "costOfRevenue": 2173000000,
    "grossProfit": 2873000000,
    "grossProfitRatio": 0.5693618708,
    "researchAndDevelopmentExpenses": 0,
    "generalAndAdministrativeExpenses": 0,
    "sellingAndMarketingExpenses": 0,
    "sellingGeneralAndAdministrativeExpenses": 537000000,
    "otherExpenses": 0,
    "operatingExpenses": 537000000,
    "costAndExpenses": 2710000000,
    "interestIncome": 0,
    "interestExpense": 275000000,
    "depreciationAndAmortization": 65000000,
    "ebitda": 2448000000,
    "ebitdaratio": 0.485136742,
    "operatingIncome": 2336000000,
    "operatingIncomeRatio": 0.4629409433,
    "totalOtherIncomeExpensesNet": -228000000,
    "incomeBeforeTax": 2108000000,
    "incomeBeforeTaxRatio": 0.4177566389,
    "incomeTaxExpense": 558000000,
    "netIncome": 1552000000,
    "netIncomeRatio": 0.3075703528,
    "eps": 0.83,
    "epsdiluted": 0.83,
    "weightedAverageShsOut": 1858000000,
    "weightedAverageShsOutDil": 1858000000,
    "link": "https://www.sec.gov/Archives/edgar/data/764180/000076418020000048/0000764180-20-000048-index.htm",
    "finalLink": "https://www.sec.gov/Archives/edgar/data/764180/000076418020000048/a2020form10qq12020.htm"
  },
  {
    "date": "2019-12-31",
    "symbol": "MO",
    "reportedCurrency": "USD",
    "cik": "0000764180",
    "fillingDate": "2020-02-25",
    "acceptedDate": "2020-02-25 16:31:52",
    "calendarYear": "2019",
    "period": "Q4",
    "revenue": 4802000000,
    "costOfRevenue": 1718000000,
    "grossProfit": 3084000000,
    "grossProfitRatio": 0.6422324032,
    "researchAndDevelopmentExpenses": 0,
    "generalAndAdministrativeExpenses": 0,
    "sellingAndMarketingExpenses": 0,
    "sellingGeneralAndAdministrativeExpenses": 572000000,
    "otherExpenses": 85000000,
    "operatingExpenses": 657000000,
    "costAndExpenses": 2375000000,
    "interestIncome": 0,
    "interestExpense": 333000000,
    "depreciationAndAmortization": 63000000,
    "ebitda": -5822000000,
    "ebitdaratio": -1.2124114952,
    "operatingIncome": 2427000000,
    "operatingIncomeRatio": 0.5054144107,
    "totalOtherIncomeExpensesNet": -3650000000,
    "incomeBeforeTax": -1223000000,
    "incomeBeforeTaxRatio": -0.2546855477,
    "incomeTaxExpense": 591000000,
    "netIncome": -1809000000,
    "netIncomeRatio": -0.3767180342,
    "eps": -0.97,
    "epsdiluted": -0.97,
    "weightedAverageShsOut": 1857981554,
    "weightedAverageShsOutDil": 1865000000,
    "link": "https://www.sec.gov/Archives/edgar/data/764180/000076418020000018/0000764180-20-000018-index.htm",
    "finalLink": "https://www.sec.gov/Archives/edgar/data/764180/000076418020000018/a2019form10-kq4.htm"
  },
  {
    "date": "2019-09-30",
    "symbol": "MO",
    "reportedCurrency": "USD",
    "cik": "0000764180",
    "fillingDate": "2019-10-31",
    "acceptedDate": "2019-10-31 10:40:35",
    "calendarYear": "2019",
    "period": "Q3",
    "revenue": 5412000000,
    "costOfRevenue": 1915000000,
    "grossProfit": 3497000000,
    "grossProfitRatio": 0.6461566888,
    "researchAndDevelopmentExpenses": 0,
    "generalAndAdministrativeExpenses": 0,
    "sellingAndMarketingExpenses": 552000000,
    "sellingGeneralAndAdministrativeExpenses": 552000000,
    "otherExpenses": 1000000,
    "operatingExpenses": 553000000,
    "costAndExpenses": 2468000000,
    "interestIncome": 0,
    "interestExpense": 293000000,
    "depreciationAndAmortization": 57000000,
    "ebitda": 3002000000,
    "ebitdaratio": 0.5546932742,
    "operatingIncome": 2944000000,
    "operatingIncomeRatio": 0.5439763489,
    "totalOtherIncomeExpensesNet": -5072000000,
    "incomeBeforeTax": -2128000000,
    "incomeBeforeTaxRatio": -0.3932002956,
    "incomeTaxExpense": 474000000,
    "netIncome": -2600000000,
    "netIncomeRatio": -0.480413895,
    "eps": -1.39,
    "epsdiluted": -1.39,
    "weightedAverageShsOut": 1868000000,
    "weightedAverageShsOutDil": 1868000000,
    "link": "https://www.sec.gov/Archives/edgar/data/764180/000076418019000083/0000764180-19-000083-index.htm",
    "finalLink": "https://www.sec.gov/Archives/edgar/data/764180/000076418019000083/a2019form10qq32019.htm"
  },
  {
    "date": "2019-06-30",
    "symbol": "MO",
    "reportedCurrency": "USD",
    "cik": "0000764180",
    "fillingDate": "2019-07-30",
    "acceptedDate": "2019-07-30 10:39:12",
    "calendarYear": "2019",
    "period": "Q2",
    "revenue": 5193000000,
    "costOfRevenue": 1874000000,
    "grossProfit": 3319000000,
    "grossProfitRatio": 0.6391295975,
    "researchAndDevelopmentExpenses": 0,
    "generalAndAdministrativeExpenses": 0,
    "sellingAndMarketingExpenses": 569000000,
    "sellingGeneralAndAdministrativeExpenses": 569000000,
    "otherExpenses": 33000000,
    "operatingExpenses": 602000000,
    "costAndExpenses": 2476000000,
    "interestIncome": 0,
    "interestExpense": 312000000,
    "depreciationAndAmortization": 53000000,
    "ebitda": 2803000000,
    "ebitdaratio": 0.5397650684,
    "operatingIncome": 2717000000,
    "operatingIncomeRatio": 0.5232043135,
    "totalOtherIncomeExpensesNet": -116000000,
    "incomeBeforeTax": 2601000000,
    "incomeBeforeTaxRatio": 0.5008665511,
    "incomeTaxExpense": 604000000,
    "netIncome": 1996000000,
    "netIncomeRatio": 0.3843635663,
    "eps": 1.07,
    "epsdiluted": 1.07,
    "weightedAverageShsOut": 1870000000,
    "weightedAverageShsOutDil": 1870000000,
    "link": "https://www.sec.gov/Archives/edgar/data/764180/000076418019000070/0000764180-19-000070-index.htm",
    "finalLink": "https://www.sec.gov/Archives/edgar/data/764180/000076418019000070/a2019form10qq22019.htm"
  },
  {
    "date": "2019-03-31",
    "symbol": "MO",
    "reportedCurrency": "USD",
    "cik": "0000764180",
    "fillingDate": "2019-04-25",
    "acceptedDate": "2019-04-25 11:10:43",
    "calendarYear": "2019",
    "period": "Q1",
    "revenue": 4389000000,
    "costOfRevenue": 1578000000,
    "grossProfit": 2811000000,
    "grossProfitRatio": 0.6404647984,
    "researchAndDevelopmentExpenses": 0,
    "generalAndAdministrativeExpenses": 0,
    "sellingAndMarketingExpenses": 533000000,
    "sellingGeneralAndAdministrativeExpenses": 533000000,
    "otherExpenses": 40000000,
    "operatingExpenses": 573000000,
    "costAndExpenses": 2151000000,
    "interestIncome": 0,
    "interestExpense": 384000000,
    "depreciationAndAmortization": 53000000,
    "ebitda": 1953000000,
    "ebitdaratio": 0.4449760766,
    "operatingIncome": 2238000000,
    "operatingIncomeRatio": 0.5099111415,
    "totalOtherIncomeExpensesNet": -722000000,
    "incomeBeforeTax": 1516000000,
    "incomeBeforeTaxRatio": 0.345408977,
    "incomeTaxExpense": 395000000,
    "netIncome": 1120000000,
    "netIncomeRatio": 0.2551834131,
    "eps": 0.6,
    "epsdiluted": 0.6,
    "weightedAverageShsOut": 1874000000,
    "weightedAverageShsOutDil": 1874000000,
    "link": "https://www.sec.gov/Archives/edgar/data/764180/000076418019000037/0000764180-19-000037-index.htm",
    "finalLink": "https://www.sec.gov/Archives/edgar/data/764180/000076418019000037/a2019form10qq12019.htm"
  },
  {
    "date": "2018-12-31",
    "symbol": "MO",
    "reportedCurrency": "USD",
    "cik": "0000764180",
    "fillingDate": "2019-05-29",
    "acceptedDate": "2019-05-29 11:55:51",
    "calendarYear": "2018",
    "period": "Q4",
    "revenue": 4786000000,
    "costOfRevenue": 1864000000,
    "grossProfit": 2922000000,
    "grossProfitRatio": 0.6105307146,
    "researchAndDevelopmentExpenses": 0,
    "generalAndAdministrativeExpenses": 0,
    "sellingAndMarketingExpenses": 797000000,
    "sellingGeneralAndAdministrativeExpenses": 797000000,
    "otherExpenses": 381000000,
    "operatingExpenses": 1178000000,
    "costAndExpenses": 3042000000,
    "interestIncome": 0,
    "interestExpense": 194000000,
    "depreciationAndAmortization": 59000000,
    "ebitda": 2724000000,
    "ebitdaratio": 0.5691600501,
    "operatingIncome": 1744000000,
    "operatingIncomeRatio": 0.3643961555,
    "totalOtherIncomeExpensesNet": -34000000,
    "incomeBeforeTax": 1710000000,
    "incomeBeforeTaxRatio": 0.357292102,
    "incomeTaxExpense": 459000000,
    "netIncome": 1250000000,
    "netIncomeRatio": 0.2611784371,
    "eps": 0.67,
    "epsdiluted": 0.66,
    "weightedAverageShsOut": 1865671642,
    "weightedAverageShsOutDil": 1877000000,
    "link": "https://www.sec.gov/Archives/edgar/data/764180/000076418019000049/0000764180-19-000049-index.htm",
    "finalLink": "https://www.sec.gov/Archives/edgar/data/764180/000076418019000049/a2018form10-ka.htm"
  },
  {
    "date": "2018-09-30",
    "symbol": "MO",
    "reportedCurrency": "USD",
    "cik": "0000764180",
    "fillingDate": "2018-10-25",
    "acceptedDate": "2018-10-25 17:00:20",
    "calendarYear": "2018",
    "period": "Q3",
    "revenue": 5292000000,
    "costOfRevenue": 2037000000,
    "grossProfit": 3255000000,
    "grossProfitRatio": 0.6150793651,
    "researchAndDevelopmentExpenses": 0,
    "generalAndAdministrativeExpenses": 0,
    "sellingAndMarketingExpenses": 700000000,
    "sellingGeneralAndAdministrativeExpenses": 700000000,
    "otherExpenses": -2000000,
    "operatingExpenses": 698000000,
    "costAndExpenses": 2735000000,
    "interestIncome": 0,
    "interestExpense": 159000000,
    "depreciationAndAmortization": 64000000,
    "ebitda": 2619000000,
    "ebitdaratio": 0.4948979592,
    "operatingIncome": 2557000000,
    "operatingIncomeRatio": 0.4831821618,
    "totalOtherIncomeExpensesNet": 51000000,
    "incomeBeforeTax": 2608000000,
    "incomeBeforeTaxRatio": 0.49281935,
    "incomeTaxExpense": 664000000,
    "netIncome": 1943000000,
    "netIncomeRatio": 0.3671579743,
    "eps": 1.03,
    "epsdiluted": 1.03,
    "weightedAverageShsOut": 1883000000,
    "weightedAverageShsOutDil": 1883000000,
    "link": "https://www.sec.gov/Archives/edgar/data/764180/000076418018000095/0000764180-18-000095-index.htm",
    "finalLink": "https://www.sec.gov/Archives/edgar/data/764180/000076418018000095/a2018form10qq32018.htm"
  },
  {
    "date": "2018-06-30",
    "symbol": "MO",
    "reportedCurrency": "USD",
    "cik": "0000764180",
    "fillingDate": "2018-07-26",
    "acceptedDate": "2018-07-26 10:44:30",
    "calendarYear": "2018",
    "period": "Q2",
    "revenue": 4879000000,
    "costOfRevenue": 1738000000,
    "grossProfit": 3141000000,
    "grossProfitRatio": 0.643779463,
    "researchAndDevelopmentExpenses": 0,
    "generalAndAdministrativeExpenses": 0,
    "sellingAndMarketingExpenses": 641000000,
    "sellingGeneralAndAdministrativeExpenses": 641000000,
    "otherExpenses": 2000000,
    "operatingExpenses": 643000000,
    "costAndExpenses": 2381000000,
    "interestIncome": 0,
    "interestExpense": 178000000,
    "depreciationAndAmortization": 51000000,
    "ebitda": 2551000000,
    "ebitdaratio": 0.5228530437,
    "operatingIncome": 2498000000,
    "operatingIncomeRatio": 0.5119901619,
    "totalOtherIncomeExpensesNet": 59000000,
    "incomeBeforeTax": 2557000000,
    "incomeBeforeTaxRatio": 0.5240828039,
    "incomeTaxExpense": 680000000,
    "netIncome": 1876000000,
    "netIncomeRatio": 0.3845050215,
    "eps": 0.99,
    "epsdiluted": 0.99,
    "weightedAverageShsOut": 1891000000,
    "weightedAverageShsOutDil": 1891000000,
    "link": "https://www.sec.gov/Archives/edgar/data/764180/000076418018000072/0000764180-18-000072-index.htm",
    "finalLink": "https://www.sec.gov/Archives/edgar/data/764180/000076418018000072/a2018form10qq22018.htm"
  },
  {
    "date": "2018-03-31",
    "symbol": "MO",
    "reportedCurrency": "USD",
    "cik": "0000764180",
    "fillingDate": "2018-04-26",
    "acceptedDate": "2018-04-26 10:28:05",
    "calendarYear": "2018",
    "period": "Q1",
    "revenue": 4670000000,
    "costOfRevenue": 1734000000,
    "grossProfit": 2936000000,
    "grossProfitRatio": 0.6286937901,
    "researchAndDevelopmentExpenses": 0,
    "generalAndAdministrativeExpenses": 0,
    "sellingAndMarketingExpenses": 618000000,
    "sellingGeneralAndAdministrativeExpenses": 618000000,
    "otherExpenses": 2000000,
    "operatingExpenses": 620000000,
    "costAndExpenses": 2354000000,
    "interestIncome": 0,
    "interestExpense": 166000000,
    "depreciationAndAmortization": 53000000,
    "ebitda": 2371000000,
    "ebitdaratio": 0.5077087794,
    "operatingIncome": 2316000000,
    "operatingIncomeRatio": 0.4959314775,
    "totalOtherIncomeExpensesNet": 150000000,
    "incomeBeforeTax": 2466000000,
    "incomeBeforeTaxRatio": 0.5280513919,
    "incomeTaxExpense": 571000000,
    "netIncome": 1894000000,
    "netIncomeRatio": 0.4055674518,
    "eps": 1,
    "epsdiluted": 1,
    "weightedAverageShsOut": 1894000000,
    "weightedAverageShsOutDil": 1899000000,
    "link": "https://www.sec.gov/Archives/edgar/data/764180/000076418018000038/0000764180-18-000038-index.htm",
    "finalLink": "https://www.sec.gov/Archives/edgar/data/764180/000076418018000038/a2018form10qq12018.htm"
  },
  {
    "date": "2017-12-31",
    "symbol": "MO",
    "reportedCurrency": "USD",
    "cik": "0000764180",
    "fillingDate": "2018-02-27",
    "acceptedDate": "2018-02-27 17:31:37",
    "calendarYear": "2017",
    "period": "Q4",
    "revenue": 4714000000,
    "costOfRevenue": 1844000000,
    "grossProfit": 2870000000,
    "grossProfitRatio": 0.6088247773,
    "researchAndDevelopmentExpenses": 0,
    "generalAndAdministrativeExpenses": 0,
    "sellingAndMarketingExpenses": 698000000,
    "sellingGeneralAndAdministrativeExpenses": 698000000,
    "otherExpenses": 9000000,
    "operatingExpenses": 707000000,
    "costAndExpenses": 2551000000,
    "interestIncome": 0,
    "interestExpense": 211000000,
    "depreciationAndAmortization": 54000000,
    "ebitda": 3201000000,
    "ebitdaratio": 0.679041154,
    "operatingIncome": 2163000000,
    "operatingIncomeRatio": 0.4588459907,
    "totalOtherIncomeExpensesNet": 20000000,
    "incomeBeforeTax": 2183000000,
    "incomeBeforeTaxRatio": 0.463088672,
    "incomeTaxExpense": -2785000000,
    "netIncome": 4966000000,
    "netIncomeRatio": 1.0534577853,
    "eps": 2.62,
    "epsdiluted": 2.62,
    "weightedAverageShsOut": 1894000000,
    "weightedAverageShsOutDil": 1894000000,
    "link": "https://www.sec.gov/Archives/edgar/data/764180/000076418018000028/0000764180-18-000028-index.htm",
    "finalLink": "https://www.sec.gov/Archives/edgar/data/764180/000076418018000028/a2017form10-kq4.htm"
  },
  {
    "date": "2017-09-30",
    "symbol": "MO",
    "reportedCurrency": "USD",
    "cik": "0000764180",
    "fillingDate": "2017-10-26",
    "acceptedDate": "2017-10-26 10:16:56",
    "calendarYear": "2017",
    "period": "Q3",
    "revenue": 5123000000,
    "costOfRevenue": 1952000000,
    "grossProfit": 3171000000,
    "grossProfitRatio": 0.6189732579,
    "researchAndDevelopmentExpenses": 0,
    "generalAndAdministrativeExpenses": 0,
    "sellingAndMarketingExpenses": 574000000,
    "sellingGeneralAndAdministrativeExpenses": 574000000,
    "otherExpenses": 8000000,
    "operatingExpenses": 582000000,
    "costAndExpenses": 2534000000,
    "interestIncome": 0,
    "interestExpense": 169000000,
    "depreciationAndAmortization": 51000000,
    "ebitda": 2648000000,
    "ebitdaratio": 0.5168846379,
    "operatingIncome": 2589000000,
    "operatingIncomeRatio": 0.5053679485,
    "totalOtherIncomeExpensesNet": 55000000,
    "incomeBeforeTax": 2644000000,
    "incomeBeforeTaxRatio": 0.5161038454,
    "incomeTaxExpense": 777000000,
    "netIncome": 1866000000,
    "netIncomeRatio": 0.3642397033,
    "eps": 0.97,
    "epsdiluted": 0.97,
    "weightedAverageShsOut": 1915000000,
    "weightedAverageShsOutDil": 1915000000,
    "link": "https://www.sec.gov/Archives/edgar/data/764180/000076418017000126/0000764180-17-000126-index.htm",
    "finalLink": "https://www.sec.gov/Archives/edgar/data/764180/000076418017000126/a2017form10qq32017.htm"
  },
  {
    "date": "2017-06-30",
    "symbol": "MO",
    "reportedCurrency": "USD",
    "cik": "0000764180",
    "fillingDate": "2017-07-27",
    "acceptedDate": "2017-07-27 10:04:54",
    "calendarYear": "2017",
    "period": "Q2",
    "revenue": 5068000000,
    "costOfRevenue": 1954000000,
    "grossProfit": 3114000000,
    "grossProfitRatio": 0.6144435675,
    "researchAndDevelopmentExpenses": 0,
    "generalAndAdministrativeExpenses": 0,
    "sellingAndMarketingExpenses": 574000000,
    "sellingGeneralAndAdministrativeExpenses": 574000000,
    "otherExpenses": 12000000,
    "operatingExpenses": 586000000,
    "costAndExpenses": 2540000000,
    "interestIncome": 0,
    "interestExpense": 177000000,
    "depreciationAndAmortization": 52000000,
    "ebitda": 2592000000,
    "ebitdaratio": 0.5114443567,
    "operatingIncome": 2528000000,
    "operatingIncomeRatio": 0.498816101,
    "totalOtherIncomeExpensesNet": 382000000,
    "incomeBeforeTax": 2910000000,
    "incomeBeforeTaxRatio": 0.5741910024,
    "incomeTaxExpense": 920000000,
    "netIncome": 1989000000,
    "netIncomeRatio": 0.3924625099,
    "eps": 1.03,
    "epsdiluted": 1.03,
    "weightedAverageShsOut": 1928155339,
    "weightedAverageShsOutDil": 1931067961,
    "link": "https://www.sec.gov/Archives/edgar/data/764180/000076418017000099/0000764180-17-000099-index.htm",
    "finalLink": "https://www.sec.gov/Archives/edgar/data/764180/000076418017000099/a2017form10qq22017.htm"
  },
  {
    "date": "2017-03-31",
    "symbol": "MO",
    "reportedCurrency": "USD",
    "cik": "0000764180",
    "fillingDate": "2017-05-02",
    "acceptedDate": "2017-05-02 10:11:28",
    "calendarYear": "2017",
    "period": "Q1",
    "revenue": 4589000000,
    "costOfRevenue": 1813000000,
    "grossProfit": 2776000000,
    "grossProfitRatio": 0.6049248202,
    "researchAndDevelopmentExpenses": 0,
    "generalAndAdministrativeExpenses": 0,
    "sellingAndMarketingExpenses": 533000000,
    "sellingGeneralAndAdministrativeExpenses": 533000000,
    "otherExpenses": 4000000,
    "operatingExpenses": 537000000,
    "costAndExpenses": 2350000000,
    "interestIncome": 0,
    "interestExpense": 179000000,
    "depreciationAndAmortization": 52000000,
    "ebitda": 2295000000,
    "ebitdaratio": 0.5001089562,
    "operatingIncome": 2239000000,
    "operatingIncomeRatio": 0.4879058618,
    "totalOtherIncomeExpensesNet": -148000000,
    "incomeBeforeTax": 2091000000,
    "incomeBeforeTaxRatio": 0.4556548268,
    "incomeTaxExpense": 689000000,
    "netIncome": 1401000000,
    "netIncomeRatio": 0.3052952713,
    "eps": 0.72,
    "epsdiluted": 0.72,
    "weightedAverageShsOut": 1939000000,
    "weightedAverageShsOutDil": 1939000000,
    "link": "https://www.sec.gov/Archives/edgar/data/764180/000076418017000050/0000764180-17-000050-index.htm",
    "finalLink": "https://www.sec.gov/Archives/edgar/data/764180/000076418017000050/a2017form10qq12017.htm"
  },
  {
    "date": "2016-12-31",
    "symbol": "MO",
    "reportedCurrency": "USD",
    "cik": "0000764180",
    "fillingDate": "2017-02-27",
    "acceptedDate": "2017-02-27 13:56:20",
    "calendarYear": "2016",
    "period": "Q4",
    "revenue": 4733000000,
    "costOfRevenue": 1905000000,
    "grossProfit": 2828000000,
    "grossProfitRatio": 0.5975068667,
    "researchAndDevelopmentExpenses": 0,
    "generalAndAdministrativeExpenses": 0,
    "sellingAndMarketingExpenses": 779000000,
    "sellingGeneralAndAdministrativeExpenses": 779000000,
    "otherExpenses": 56000000,
    "operatingExpenses": 835000000,
    "costAndExpenses": 2740000000,
    "interestIncome": 0,
    "interestExpense": 189000000,
    "depreciationAndAmortization": 55000000,
    "ebitda": 15775000000,
    "ebitdaratio": 3.3329811959,
    "operatingIncome": 1993000000,
    "operatingIncomeRatio": 0.421085992,
    "totalOtherIncomeExpensesNet": 13715000000,
    "incomeBeforeTax": 15708000000,
    "incomeBeforeTaxRatio": 3.3188252694,
    "incomeTaxExpense": 5430000000,
    "netIncome": 10276000000,
    "netIncomeRatio": 2.1711388126,
    "eps": 5.3,
    "epsdiluted": 5.3,
    "weightedAverageShsOut": 1939000000,
    "weightedAverageShsOutDil": 1939000000,
    "link": "https://www.sec.gov/Archives/edgar/data/764180/000076418017000028/0000764180-17-000028-index.htm",
    "finalLink": "https://www.sec.gov/Archives/edgar/data/764180/000076418017000028/a2016form10-k.htm"
  },
  {
    "date": "2016-09-30",
    "symbol": "MO",
    "reportedCurrency": "USD",
    "cik": "0000764180",
    "fillingDate": "2016-10-27",
    "acceptedDate": "2016-10-27 10:04:23",
    "calendarYear": "2016",
    "period": "Q3",
    "revenue": 5193000000,
    "costOfRevenue": 2043000000,
    "grossProfit": 3150000000,
    "grossProfitRatio": 0.6065857886,
    "researchAndDevelopmentExpenses": 0,
    "generalAndAdministrativeExpenses": 0,
    "sellingAndMarketingExpenses": 766000000,
    "sellingGeneralAndAdministrativeExpenses": 766000000,
    "otherExpenses": 2000000,
    "operatingExpenses": 768000000,
    "costAndExpenses": 2811000000,
    "interestIncome": 0,
    "interestExpense": 179000000,
    "depreciationAndAmortization": 51000000,
    "ebitda": 2435000000,
    "ebitdaratio": 0.4689004429,
    "operatingIncome": 2382000000,
    "operatingIncomeRatio": 0.4586943963,
    "totalOtherIncomeExpensesNet": -655000000,
    "incomeBeforeTax": 1727000000,
    "incomeBeforeTaxRatio": 0.3325630657,
    "incomeTaxExpense": 633000000,
    "netIncome": 1093000000,
    "netIncomeRatio": 0.2104756403,
    "eps": 0.56,
    "epsdiluted": 0.56,
    "weightedAverageShsOut": 1952000000,
    "weightedAverageShsOutDil": 1952000000,
    "link": "https://www.sec.gov/Archives/edgar/data/764180/000076418016000211/0000764180-16-000211-index.htm",
    "finalLink": "https://www.sec.gov/Archives/edgar/data/764180/000076418016000211/a2016form10-qq32016.htm"
  },
  {
    "date": "2016-06-30",
    "symbol": "MO",
    "reportedCurrency": "USD",
    "cik": "0000764180",
    "fillingDate": "2016-07-27",
    "acceptedDate": "2016-07-27 10:34:46",
    "calendarYear": "2016",
    "period": "Q2",
    "revenue": 4881000000,
    "costOfRevenue": 1924000000,
    "grossProfit": 2957000000,
    "grossProfitRatio": 0.6058184798,
    "researchAndDevelopmentExpenses": 0,
    "generalAndAdministrativeExpenses": 0,
    "sellingAndMarketingExpenses": 546000000,
    "sellingGeneralAndAdministrativeExpenses": 546000000,
    "otherExpenses": 1000000,
    "operatingExpenses": 547000000,
    "costAndExpenses": 2471000000,
    "interestIncome": 0,
    "interestExpense": 192000000,
    "depreciationAndAmortization": 49000000,
    "ebitda": 2460000000,
    "ebitdaratio": 0.503995083,
    "operatingIncome": 2410000000,
    "operatingIncomeRatio": 0.4937512805,
    "totalOtherIncomeExpensesNet": 124000000,
    "incomeBeforeTax": 2534000000,
    "incomeBeforeTaxRatio": 0.5191559107,
    "incomeTaxExpense": 880000000,
    "netIncome": 1653000000,
    "netIncomeRatio": 0.3386601106,
    "eps": 0.84,
    "epsdiluted": 0.84,
    "weightedAverageShsOut": 1954000000,
    "weightedAverageShsOutDil": 1954000000,
    "link": "https://www.sec.gov/Archives/edgar/data/764180/000076418016000188/0000764180-16-000188-index.htm",
    "finalLink": "https://www.sec.gov/Archives/edgar/data/764180/000076418016000188/a2016form10-qq22016.htm"
  },
  {
    "date": "2016-03-31",
    "symbol": "MO",
    "reportedCurrency": "USD",
    "cik": "0000764180",
    "fillingDate": "2016-04-28",
    "acceptedDate": "2016-04-28 09:56:46",
    "calendarYear": "2016",
    "period": "Q1",
    "revenue": 4530000000,
    "costOfRevenue": 1874000000,
    "grossProfit": 2656000000,
    "grossProfitRatio": 0.5863134658,
    "researchAndDevelopmentExpenses": 0,
    "generalAndAdministrativeExpenses": 0,
    "sellingAndMarketingExpenses": 559000000,
    "sellingGeneralAndAdministrativeExpenses": 559000000,
    "otherExpenses": 120000000,
    "operatingExpenses": 679000000,
    "costAndExpenses": 2553000000,
    "interestIncome": 0,
    "interestExpense": 200000000,
    "depreciationAndAmortization": 49000000,
    "ebitda": 2146000000,
    "ebitdaratio": 0.4737306843,
    "operatingIncome": 1977000000,
    "operatingIncomeRatio": 0.4364238411,
    "totalOtherIncomeExpensesNet": -94000000,
    "incomeBeforeTax": 1883000000,
    "incomeBeforeTaxRatio": 0.4156732892,
    "incomeTaxExpense": 665000000,
    "netIncome": 1217000000,
    "netIncomeRatio": 0.2686534216,
    "eps": 0.62,
    "epsdiluted": 0.62,
    "weightedAverageShsOut": 1956000000,
    "weightedAverageShsOutDil": 1956000000,
    "link": "https://www.sec.gov/Archives/edgar/data/764180/000076418016000143/0000764180-16-000143-index.htm",
    "finalLink": "https://www.sec.gov/Archives/edgar/data/764180/000076418016000143/a2016form10-qq12016.htm"
  },
  {
    "date": "2015-12-31",
    "symbol": "MO",
    "reportedCurrency": "USD",
    "cik": "0000764180",
    "fillingDate": "2016-02-25",
    "acceptedDate": "2016-02-25 09:47:25",
    "calendarYear": "2015",
    "period": "Q4",
    "revenue": 4729000000,
    "costOfRevenue": 2007000000,
    "grossProfit": 2722000000,
    "grossProfitRatio": 0.5755973779,
    "researchAndDevelopmentExpenses": 0,
    "generalAndAdministrativeExpenses": 0,
    "sellingAndMarketingExpenses": 757000000,
    "sellingGeneralAndAdministrativeExpenses": 757000000,
    "otherExpenses": 0,
    "operatingExpenses": 757000000,
    "costAndExpenses": 2764000000,
    "interestIncome": 0,
    "interestExpense": 212000000,
    "depreciationAndAmortization": 75000000,
    "ebitda": 2574000000,
    "ebitdaratio": 0.5443011207,
    "operatingIncome": 1965000000,
    "operatingIncomeRatio": 0.4155212519,
    "totalOtherIncomeExpensesNet": 8000000,
    "incomeBeforeTax": 1973000000,
    "incomeBeforeTaxRatio": 0.4172129414,
    "incomeTaxExpense": 725000000,
    "netIncome": 1247000000,
    "netIncomeRatio": 0.2636921125,
    "eps": 0.64,
    "epsdiluted": 0.64,
    "weightedAverageShsOut": 1948437500,
    "weightedAverageShsOutDil": 1958000000,
    "link": "https://www.sec.gov/Archives/edgar/data/764180/000076418016000128/0000764180-16-000128-index.htm",
    "finalLink": "https://www.sec.gov/Archives/edgar/data/764180/000076418016000128/a2015form10-k.htm"
  },
  {
    "date": "2015-09-30",
    "symbol": "MO",
    "reportedCurrency": "USD",
    "cik": "0000764180",
    "fillingDate": "2015-10-29",
    "acceptedDate": "2015-10-29 10:10:51",
    "calendarYear": "2015",
    "period": "Q3",
    "revenue": 4978000000,
    "costOfRevenue": 1932000000,
    "grossProfit": 3046000000,
    "grossProfitRatio": 0.6118923262,
    "researchAndDevelopmentExpenses": 0,
    "generalAndAdministrativeExpenses": 0,
    "sellingAndMarketingExpenses": 698000000,
    "sellingGeneralAndAdministrativeExpenses": 698000000,
    "otherExpenses": 41000000,
    "operatingExpenses": 739000000,
    "costAndExpenses": 2671000000,
    "interestIncome": 0,
    "interestExpense": 205000000,
    "depreciationAndAmortization": 50000000,
    "ebitda": 2357000000,
    "ebitdaratio": 0.4734833266,
    "operatingIncome": 2307000000,
    "operatingIncomeRatio": 0.4634391322,
    "totalOtherIncomeExpensesNet": -18000000,
    "incomeBeforeTax": 2289000000,
    "incomeBeforeTaxRatio": 0.4598232222,
    "incomeTaxExpense": 761000000,
    "netIncome": 1528000000,
    "netIncomeRatio": 0.3069505826,
    "eps": 0.78,
    "epsdiluted": 0.78,
    "weightedAverageShsOut": 1958000000,
    "weightedAverageShsOutDil": 1958000000,
    "link": "https://www.sec.gov/Archives/edgar/data/764180/000076418015000094/0000764180-15-000094-index.htm",
    "finalLink": "https://www.sec.gov/Archives/edgar/data/764180/000076418015000094/a2015form10-qq32015.htm"
  },
  {
    "date": "2015-06-30",
    "symbol": "MO",
    "reportedCurrency": "USD",
    "cik": "0000764180",
    "fillingDate": "2015-07-29",
    "acceptedDate": "2015-07-29 09:50:55",
    "calendarYear": "2015",
    "period": "Q2",
    "revenue": 4875000000,
    "costOfRevenue": 2004000000,
    "grossProfit": 2871000000,
    "grossProfitRatio": 0.5889230769,
    "researchAndDevelopmentExpenses": 0,
    "generalAndAdministrativeExpenses": 0,
    "sellingAndMarketingExpenses": 643000000,
    "sellingGeneralAndAdministrativeExpenses": 643000000,
    "otherExpenses": 4000000,
    "operatingExpenses": 647000000,
    "costAndExpenses": 2651000000,
    "interestIncome": 0,
    "interestExpense": 195000000,
    "depreciationAndAmortization": 51000000,
    "ebitda": 2279000000,
    "ebitdaratio": 0.4674871795,
    "operatingIncome": 2224000000,
    "operatingIncomeRatio": 0.4562051282,
    "totalOtherIncomeExpensesNet": 30000000,
    "incomeBeforeTax": 2254000000,
    "incomeBeforeTaxRatio": 0.4623589744,
    "incomeTaxExpense": 805000000,
    "netIncome": 1448000000,
    "netIncomeRatio": 0.297025641,
    "eps": 0.74,
    "epsdiluted": 0.74,
    "weightedAverageShsOut": 1962000000,
    "weightedAverageShsOutDil": 1962000000,
    "link": "https://www.sec.gov/Archives/edgar/data/764180/000076418015000071/0000764180-15-000071-index.htm",
    "finalLink": "https://www.sec.gov/Archives/edgar/data/764180/000076418015000071/a2015form10-qq22015.htm"
  },
  {
    "date": "2015-03-31",
    "symbol": "MO",
    "reportedCurrency": "USD",
    "cik": "0000764180",
    "fillingDate": "2015-04-23",
    "acceptedDate": "2015-04-23 10:07:53",
    "calendarYear": "2015",
    "period": "Q1",
    "revenue": 4272000000,
    "costOfRevenue": 1797000000,
    "grossProfit": 2475000000,
    "grossProfitRatio": 0.5793539326,
    "researchAndDevelopmentExpenses": 0,
    "generalAndAdministrativeExpenses": 0,
    "sellingAndMarketingExpenses": 610000000,
    "sellingGeneralAndAdministrativeExpenses": 610000000,
    "otherExpenses": 0,
    "operatingExpenses": 610000000,
    "costAndExpenses": 2407000000,
    "interestIncome": 0,
    "interestExpense": 209000000,
    "depreciationAndAmortization": 49000000,
    "ebitda": 1914000000,
    "ebitdaratio": 0.4480337079,
    "operatingIncome": 1865000000,
    "operatingIncomeRatio": 0.4365636704,
    "totalOtherIncomeExpensesNet": -303000000,
    "incomeBeforeTax": 1562000000,
    "incomeBeforeTaxRatio": 0.3656367041,
    "incomeTaxExpense": 544000000,
    "netIncome": 1018000000,
    "netIncomeRatio": 0.2382958801,
    "eps": 0.52,
    "epsdiluted": 0.52,
    "weightedAverageShsOut": 1966000000,
    "weightedAverageShsOutDil": 1966000000,
    "link": "https://www.sec.gov/Archives/edgar/data/764180/000076418015000034/0000764180-15-000034-index.htm",
    "finalLink": "https://www.sec.gov/Archives/edgar/data/764180/000076418015000034/a2015form10-qq12015.htm"
  },
  {
    "date": "2014-12-31",
    "symbol": "MO",
    "reportedCurrency": "USD",
    "cik": "0000764180",
    "fillingDate": "2015-02-25",
    "acceptedDate": "2015-02-25 14:10:07",
    "calendarYear": "2014",
    "period": "Q4",
    "revenue": 4613000000,
    "costOfRevenue": 1986000000,
    "grossProfit": 2627000000,
    "grossProfitRatio": 0.5694775634,
    "researchAndDevelopmentExpenses": 0,
    "generalAndAdministrativeExpenses": 0,
    "sellingAndMarketingExpenses": 718000000,
    "sellingGeneralAndAdministrativeExpenses": 718000000,
    "otherExpenses": -3000000,
    "operatingExpenses": 715000000,
    "costAndExpenses": 2701000000,
    "interestIncome": 0,
    "interestExpense": 261000000,
    "depreciationAndAmortization": 59000000,
    "ebitda": 2983000000,
    "ebitdaratio": 0.6466507696,
    "operatingIncome": 1912000000,
    "operatingIncomeRatio": 0.4144808151,
    "totalOtherIncomeExpensesNet": -3000000,
    "incomeBeforeTax": 1909000000,
    "incomeBeforeTaxRatio": 0.4138304791,
    "incomeTaxExpense": 673000000,
    "netIncome": 1236000000,
    "netIncomeRatio": 0.2679384349,
    "eps": 0.63,
    "epsdiluted": 0.63,
    "weightedAverageShsOut": 1961904762,
    "weightedAverageShsOutDil": 1970000000,
    "link": "https://www.sec.gov/Archives/edgar/data/764180/000076418015000022/0000764180-15-000022-index.htm",
    "finalLink": "https://www.sec.gov/Archives/edgar/data/764180/000076418015000022/a2014form10-kq42014.htm"
  },
  {
    "date": "2014-09-30",
    "symbol": "MO",
    "reportedCurrency": "USD",
    "cik": "0000764180",
    "fillingDate": "2014-10-30",
    "acceptedDate": "2014-10-30 10:20:23",
    "calendarYear": "2014",
    "period": "Q3",
    "revenue": 4753000000,
    "costOfRevenue": 2079000000,
    "grossProfit": 2674000000,
    "grossProfitRatio": 0.5625920471,
    "researchAndDevelopmentExpenses": 0,
    "generalAndAdministrativeExpenses": 0,
    "sellingAndMarketingExpenses": 663000000,
    "sellingGeneralAndAdministrativeExpenses": 663000000,
    "otherExpenses": 12000000,
    "operatingExpenses": 675000000,
    "costAndExpenses": 2754000000,
    "interestIncome": 0,
    "interestExpense": 213000000,
    "depreciationAndAmortization": 49000000,
    "ebitda": 2055000000,
    "ebitdaratio": 0.4323585104,
    "operatingIncome": 1999000000,
    "operatingIncomeRatio": 0.420576478,
    "totalOtherIncomeExpensesNet": 115000000,
    "incomeBeforeTax": 2114000000,
    "incomeBeforeTaxRatio": 0.4447717231,
    "incomeTaxExpense": 717000000,
    "netIncome": 1397000000,
    "netIncomeRatio": 0.2939196297,
    "eps": 0.71,
    "epsdiluted": 0.71,
    "weightedAverageShsOut": 1967605634,
    "weightedAverageShsOutDil": 1976000000,
    "link": "https://www.sec.gov/Archives/edgar/data/764180/000076418014000082/0000764180-14-000082-index.htm",
    "finalLink": "https://www.sec.gov/Archives/edgar/data/764180/000076418014000082/a2014form10-qq32014.htm"
  },
  {
    "date": "2014-06-30",
    "symbol": "MO",
    "reportedCurrency": "USD",
    "cik": "0000764180",
    "fillingDate": "2014-07-22",
    "acceptedDate": "2014-07-22 10:49:13",
    "calendarYear": "2014",
    "period": "Q2",
    "revenue": 4571000000,
    "costOfRevenue": 1968000000,
    "grossProfit": 2603000000,
    "grossProfitRatio": 0.5694596368,
    "researchAndDevelopmentExpenses": 0,
    "generalAndAdministrativeExpenses": 0,
    "sellingAndMarketingExpenses": 638000000,
    "sellingGeneralAndAdministrativeExpenses": 638000000,
    "otherExpenses": -10000000,
    "operatingExpenses": 628000000,
    "costAndExpenses": 2596000000,
    "interestIncome": 0,
    "interestExpense": 230000000,
    "depreciationAndAmortization": 50000000,
    "ebitda": 2015000000,
    "ebitdaratio": 0.4408225771,
    "operatingIncome": 1975000000,
    "operatingIncomeRatio": 0.4320717567,
    "totalOtherIncomeExpensesNet": -30000000,
    "incomeBeforeTax": 1945000000,
    "incomeBeforeTaxRatio": 0.4255086414,
    "incomeTaxExpense": 683000000,
    "netIncome": 1262000000,
    "netIncomeRatio": 0.2760883833,
    "eps": 0.64,
    "epsdiluted": 0.64,
    "weightedAverageShsOut": 1980000000,
    "weightedAverageShsOutDil": 1980000000,
    "link": "https://www.sec.gov/Archives/edgar/data/764180/000076418014000059/0000764180-14-000059-index.htm",
    "finalLink": "https://www.sec.gov/Archives/edgar/data/764180/000076418014000059/a2014form10-qq22014.htm"
  },
  {
    "date": "2014-03-31",
    "symbol": "MO",
    "reportedCurrency": "USD",
    "cik": "0000764180",
    "fillingDate": "2014-04-24",
    "acceptedDate": "2014-04-24 14:24:16",
    "calendarYear": "2014",
    "period": "Q1",
    "revenue": 4008000000,
    "costOfRevenue": 1752000000,
    "grossProfit": 2256000000,
    "grossProfitRatio": 0.5628742515,
    "researchAndDevelopmentExpenses": 0,
    "generalAndAdministrativeExpenses": 0,
    "sellingAndMarketingExpenses": 520000000,
    "sellingGeneralAndAdministrativeExpenses": 520000000,
    "otherExpenses": 2000000,
    "operatingExpenses": 522000000,
    "costAndExpenses": 2274000000,
    "interestIncome": 0,
    "interestExpense": 153000000,
    "depreciationAndAmortization": 50000000,
    "ebitda": 1786000000,
    "ebitdaratio": 0.4456087824,
    "operatingIncome": 1734000000,
    "operatingIncomeRatio": 0.4326347305,
    "totalOtherIncomeExpensesNet": 72000000,
    "incomeBeforeTax": 1806000000,
    "incomeBeforeTaxRatio": 0.4505988024,
    "incomeTaxExpense": 631000000,
    "netIncome": 1175000000,
    "netIncomeRatio": 0.2931636727,
    "eps": 0.59,
    "epsdiluted": 0.59,
    "weightedAverageShsOut": 1986003084,
    "weightedAverageShsOutDil": 1991525424,
    "link": "https://www.sec.gov/Archives/edgar/data/764180/000076418014000036/0000764180-14-000036-index.htm",
    "finalLink": "https://www.sec.gov/Archives/edgar/data/764180/000076418014000036/a2014form10-qq12014.htm"
  },
  {
    "date": "2013-12-31",
    "symbol": "MO",
    "reportedCurrency": "USD",
    "cik": "0000764180",
    "fillingDate": "2014-08-04",
    "acceptedDate": "2014-08-04 14:27:22",
    "calendarYear": "2013",
    "period": "Q4",
    "revenue": 4404000000,
    "costOfRevenue": 1996000000,
    "grossProfit": 2408000000,
    "grossProfitRatio": 0.5467756585,
    "researchAndDevelopmentExpenses": 0,
    "generalAndAdministrativeExpenses": 0,
    "sellingAndMarketingExpenses": 597000000,
    "sellingGeneralAndAdministrativeExpenses": 597000000,
    "otherExpenses": 12000000,
    "operatingExpenses": 609000000,
    "costAndExpenses": 2605000000,
    "interestIncome": 0,
    "interestExpense": 259000000,
    "depreciationAndAmortization": 54000000,
    "ebitda": 1763000000,
    "ebitdaratio": 0.4003178928,
    "operatingIncome": 1799000000,
    "operatingIncomeRatio": 0.4084922797,
    "totalOtherIncomeExpensesNet": -1086000000,
    "incomeBeforeTax": 713000000,
    "incomeBeforeTaxRatio": 0.1618982743,
    "incomeTaxExpense": 225000000,
    "netIncome": 488000000,
    "netIncomeRatio": 0.110808356,
    "eps": 0.24,
    "epsdiluted": 0.24,
    "weightedAverageShsOut": 2033333333,
    "weightedAverageShsOutDil": 2033333333,
    "link": "https://www.sec.gov/Archives/edgar/data/764180/000076418014000063/0000764180-14-000063-index.htm",
    "finalLink": "https://www.sec.gov/Archives/edgar/data/764180/000076418014000063/a2013form10ka.htm"
  },
  {
    "date": "2013-09-30",
    "symbol": "MO",
    "reportedCurrency": "USD",
    "cik": "0000764180",
    "fillingDate": "2013-10-24",
    "acceptedDate": "2013-10-24 10:16:13",
    "calendarYear": "2013",
    "period": "Q3",
    "revenue": 4760000000,
    "costOfRevenue": 1939000000,
    "grossProfit": 2821000000,
    "grossProfitRatio": 0.5926470588,
    "researchAndDevelopmentExpenses": 0,
    "generalAndAdministrativeExpenses": 0,
    "sellingAndMarketingExpenses": 664000000,
    "sellingGeneralAndAdministrativeExpenses": 664000000,
    "otherExpenses": 25000000,
    "operatingExpenses": 689000000,
    "costAndExpenses": 2628000000,
    "interestIncome": 0,
    "interestExpense": 269000000,
    "depreciationAndAmortization": 52000000,
    "ebitda": 2184000000,
    "ebitdaratio": 0.4588235294,
    "operatingIncome": 2132000000,
    "operatingIncomeRatio": 0.4478991597,
    "totalOtherIncomeExpensesNet": -14000000,
    "incomeBeforeTax": 2118000000,
    "incomeBeforeTaxRatio": 0.4449579832,
    "incomeTaxExpense": 722000000,
    "netIncome": 1396000000,
    "netIncomeRatio": 0.2932773109,
    "eps": 0.7,
    "epsdiluted": 0.7,
    "weightedAverageShsOut": 1998000000,
    "weightedAverageShsOutDil": 1998000000,
    "link": "https://www.sec.gov/Archives/edgar/data/764180/000076418013000090/0000764180-13-000090-index.htm",
    "finalLink": "https://www.sec.gov/Archives/edgar/data/764180/000076418013000090/a2013form10-qq32013.htm"
  },
  {
    "date": "2013-06-30",
    "symbol": "MO",
    "reportedCurrency": "USD",
    "cik": "0000764180",
    "fillingDate": "2013-07-24",
    "acceptedDate": "2013-07-24 08:18:23",
    "calendarYear": "2013",
    "period": "Q2",
    "revenue": 4526000000,
    "costOfRevenue": 1972000000,
    "grossProfit": 2554000000,
    "grossProfitRatio": 0.5642951834,
    "researchAndDevelopmentExpenses": 0,
    "generalAndAdministrativeExpenses": 0,
    "sellingAndMarketingExpenses": 552000000,
    "sellingGeneralAndAdministrativeExpenses": 552000000,
    "otherExpenses": 1000000,
    "operatingExpenses": 553000000,
    "costAndExpenses": 2525000000,
    "interestIncome": 0,
    "interestExpense": 264000000,
    "depreciationAndAmortization": 52000000,
    "ebitda": 2280000000,
    "ebitdaratio": 0.503756076,
    "operatingIncome": 2001000000,
    "operatingIncomeRatio": 0.4421122404,
    "totalOtherIncomeExpensesNet": -37000000,
    "incomeBeforeTax": 1964000000,
    "incomeBeforeTaxRatio": 0.4339372514,
    "incomeTaxExpense": 698000000,
    "netIncome": 1266000000,
    "netIncomeRatio": 0.2797171896,
    "eps": 0.63,
    "epsdiluted": 0.63,
    "weightedAverageShsOut": 2002000415,
    "weightedAverageShsOutDil": 2009523810,
    "link": "https://www.sec.gov/Archives/edgar/data/764180/000076418013000064/0000764180-13-000064-index.htm",
    "finalLink": "https://www.sec.gov/Archives/edgar/data/764180/000076418013000064/a2013form10-qq22013.htm"
  },
  {
    "date": "2013-03-31",
    "symbol": "MO",
    "reportedCurrency": "USD",
    "cik": "0000764180",
    "fillingDate": "2013-04-25",
    "acceptedDate": "2013-04-25 10:16:12",
    "calendarYear": "2013",
    "period": "Q1",
    "revenue": 3973000000,
    "costOfRevenue": 1299000000,
    "grossProfit": 2674000000,
    "grossProfitRatio": 0.6730430405,
    "researchAndDevelopmentExpenses": 0,
    "generalAndAdministrativeExpenses": 0,
    "sellingAndMarketingExpenses": 522000000,
    "sellingGeneralAndAdministrativeExpenses": 522000000,
    "otherExpenses": 0,
    "operatingExpenses": 522000000,
    "costAndExpenses": 1821000000,
    "interestIncome": 0,
    "interestExpense": 261000000,
    "depreciationAndAmortization": 54000000,
    "ebitda": 2462000000,
    "ebitdaratio": 0.6196828593,
    "operatingIncome": 2152000000,
    "operatingIncomeRatio": 0.5416561792,
    "totalOtherIncomeExpensesNet": -5000000,
    "incomeBeforeTax": 2147000000,
    "incomeBeforeTaxRatio": 0.5403976844,
    "incomeTaxExpense": 762000000,
    "netIncome": 1385000000,
    "netIncomeRatio": 0.3486030707,
    "eps": 0.69,
    "epsdiluted": 0.69,
    "weightedAverageShsOut": 2003000000,
    "weightedAverageShsOutDil": 2003000000,
    "link": "https://www.sec.gov/Archives/edgar/data/764180/000076418013000036/0000764180-13-000036-index.htm",
    "finalLink": "https://www.sec.gov/Archives/edgar/data/764180/000076418013000036/a2013form10-q1.htm"
  },
  {
    "date": "2012-12-31",
    "symbol": "MO",
    "reportedCurrency": "USD",
    "cik": "0000764180",
    "fillingDate": "2013-02-27",
    "acceptedDate": "2013-02-27 15:37:34",
    "calendarYear": "2012",
    "period": "Q4",
    "revenue": 4460000000,
    "costOfRevenue": 2077000000,
    "grossProfit": 2383000000,
    "grossProfitRatio": 0.5343049327,
    "researchAndDevelopmentExpenses": 0,
    "generalAndAdministrativeExpenses": 0,
    "sellingAndMarketingExpenses": 0,
    "sellingGeneralAndAdministrativeExpenses": 603000000,
    "otherExpenses": 15000000,
    "operatingExpenses": 618000000,
    "costAndExpenses": 2695000000,
    "interestIncome": 0,
    "interestExpense": 260000000,
    "depreciationAndAmortization": 56000000,
    "ebitda": 2074000000,
    "ebitdaratio": 0.4650224215,
    "operatingIncome": 1765000000,
    "operatingIncomeRatio": 0.3957399103,
    "totalOtherIncomeExpensesNet": -7000000,
    "incomeBeforeTax": 1758000000,
    "incomeBeforeTaxRatio": 0.3941704036,
    "incomeTaxExpense": 653000000,
    "netIncome": 1103000000,
    "netIncomeRatio": 0.247309417,
    "eps": 0.55,
    "epsdiluted": 0.55,
    "weightedAverageShsOut": 2005454545,
    "weightedAverageShsOutDil": 2013000000,
    "link": "https://www.sec.gov/Archives/edgar/data/764180/000076418013000024/0000764180-13-000024-index.htm",
    "finalLink": "https://www.sec.gov/Archives/edgar/data/764180/000076418013000024/form10k.htm"
  },
  {
    "date": "2012-09-30",
    "symbol": "MO",
    "reportedCurrency": "USD",
    "cik": "0000764180",
    "fillingDate": "2012-10-30",
    "acceptedDate": "2012-10-30 15:47:36",
    "calendarYear": "2012",
    "period": "Q3",
    "revenue": 4466000000,
    "costOfRevenue": 1982000000,
    "grossProfit": 2484000000,
    "grossProfitRatio": 0.5562024183,
    "researchAndDevelopmentExpenses": 0,
    "generalAndAdministrativeExpenses": 0,
    "sellingAndMarketingExpenses": 548000000,
    "sellingGeneralAndAdministrativeExpenses": 548000000,
    "otherExpenses": -33000000,
    "operatingExpenses": 515000000,
    "costAndExpenses": 2497000000,
    "interestIncome": 0,
    "interestExpense": 282000000,
    "depreciationAndAmortization": 56000000,
    "ebitda": 2035000000,
    "ebitdaratio": 0.4556650246,
    "operatingIncome": 1969000000,
    "operatingIncomeRatio": 0.4408866995,
    "totalOtherIncomeExpensesNet": -926000000,
    "incomeBeforeTax": 1043000000,
    "incomeBeforeTaxRatio": 0.2335423197,
    "incomeTaxExpense": 386000000,
    "netIncome": 657000000,
    "netIncomeRatio": 0.1471115092,
    "eps": 0.32,
    "epsdiluted": 0.32,
    "weightedAverageShsOut": 2024000000,
    "weightedAverageShsOutDil": 2024000000,
    "link": "https://www.sec.gov/Archives/edgar/data/764180/000076418012000030/0000764180-12-000030-index.htm",
    "finalLink": "https://www.sec.gov/Archives/edgar/data/764180/000076418012000030/form10-q.htm"
  },
  {
    "date": "2012-06-30",
    "symbol": "MO",
    "reportedCurrency": "USD",
    "cik": "0000764180",
    "fillingDate": "2012-07-26",
    "acceptedDate": "2012-07-26 15:15:08",
    "calendarYear": "2012",
    "period": "Q2",
    "revenue": 4580000000,
    "costOfRevenue": 2086000000,
    "grossProfit": 2494000000,
    "grossProfitRatio": 0.5445414847,
    "researchAndDevelopmentExpenses": 0,
    "generalAndAdministrativeExpenses": 0,
    "sellingAndMarketingExpenses": 596000000,
    "sellingGeneralAndAdministrativeExpenses": 596000000,
    "otherExpenses": 21000000,
    "operatingExpenses": 617000000,
    "costAndExpenses": 2703000000,
    "interestIncome": 0,
    "interestExpense": 293000000,
    "depreciationAndAmortization": 57000000,
    "ebitda": 1950000000,
    "ebitdaratio": 0.4257641921,
    "operatingIncome": 1877000000,
    "operatingIncomeRatio": 0.4098253275,
    "totalOtherIncomeExpensesNet": -70000000,
    "incomeBeforeTax": 1807000000,
    "incomeBeforeTaxRatio": 0.3945414847,
    "incomeTaxExpense": 581000000,
    "netIncome": 1225000000,
    "netIncomeRatio": 0.2674672489,
    "eps": 0.6,
    "epsdiluted": 0.6,
    "weightedAverageShsOut": 2027000000,
    "weightedAverageShsOutDil": 2027000000,
    "link": "https://www.sec.gov/Archives/edgar/data/764180/000076418012000009/0000764180-12-000009-index.htm",
    "finalLink": "https://www.sec.gov/Archives/edgar/data/764180/000076418012000009/q2201210-q.htm"
  },
  {
    "date": "2012-03-31",
    "symbol": "MO",
    "reportedCurrency": "USD",
    "cik": "0000764180",
    "fillingDate": "2012-04-26",
    "acceptedDate": "2012-04-26 15:08:42",
    "calendarYear": "2012",
    "period": "Q1",
    "revenue": 3994000000,
    "costOfRevenue": 1792000000,
    "grossProfit": 2202000000,
    "grossProfitRatio": 0.5513269905,
    "researchAndDevelopmentExpenses": 0,
    "generalAndAdministrativeExpenses": 0,
    "sellingAndMarketingExpenses": 534000000,
    "sellingGeneralAndAdministrativeExpenses": 534000000,
    "otherExpenses": 26000000,
    "operatingExpenses": 560000000,
    "costAndExpenses": 2352000000,
    "interestIncome": 0,
    "interestExpense": 293000000,
    "depreciationAndAmortization": 56000000,
    "ebitda": 2218000000,
    "ebitdaratio": 0.5553329995,
    "operatingIncome": 1642000000,
    "operatingIncomeRatio": 0.411116675,
    "totalOtherIncomeExpensesNet": 227000000,
    "incomeBeforeTax": 1869000000,
    "incomeBeforeTaxRatio": 0.4679519279,
    "incomeTaxExpense": 674000000,
    "netIncome": 1195000000,
    "netIncomeRatio": 0.2991987982,
    "eps": 0.59,
    "epsdiluted": 0.59,
    "weightedAverageShsOut": 2034000000,
    "weightedAverageShsOutDil": 2034000000,
    "link": "https://www.sec.gov/Archives/edgar/data/764180/000119312512185577/0001193125-12-185577-index.htm",
    "finalLink": "https://www.sec.gov/Archives/edgar/data/764180/000119312512185577/d318132d10q.htm"
  },
  {
    "date": "2011-12-31",
    "symbol": "MO",
    "reportedCurrency": "USD",
    "cik": "0000764180",
    "fillingDate": "2012-02-16",
    "acceptedDate": "2012-02-16 10:53:04",
    "calendarYear": "2011",
    "period": "Q4",
    "revenue": 4346000000,
    "costOfRevenue": 1972000000,
    "grossProfit": 2374000000,
    "grossProfitRatio": 0.5462494248,
    "researchAndDevelopmentExpenses": 0,
    "generalAndAdministrativeExpenses": 0,
    "sellingAndMarketingExpenses": 0,
    "sellingGeneralAndAdministrativeExpenses": 790000000,
    "otherExpenses": 228000000,
    "operatingExpenses": 1018000000,
    "costAndExpenses": 2990000000,
    "interestIncome": 0,
    "interestExpense": 0,
    "depreciationAndAmortization": 69000000,
    "ebitda": 2175000000,
    "ebitdaratio": 0.5004601933,
    "operatingIncome": 1356000000,
    "operatingIncomeRatio": 0.3120110446,
    "totalOtherIncomeExpensesNet": -173000000,
    "incomeBeforeTax": 1183000000,
    "incomeBeforeTaxRatio": 0.2722043258,
    "incomeTaxExpense": 346000000,
    "netIncome": 836000000,
    "netIncomeRatio": 0.1923607915,
    "eps": 0.41,
    "epsdiluted": 0.41,
    "weightedAverageShsOut": 2034000000,
    "weightedAverageShsOutDil": 2034000000,
    "link": "https://www.sec.gov/Archives/edgar/data/764180/000119312512064660/0001193125-12-064660-index.htm",
    "finalLink": "https://www.sec.gov/Archives/edgar/data/764180/000119312512064660/d239844d10k.htm"
  },
  {
    "date": "2011-09-30",
    "symbol": "MO",
    "reportedCurrency": "USD",
    "cik": "0000764180",
    "fillingDate": "2011-10-27",
    "acceptedDate": "2011-10-27 12:21:49",
    "calendarYear": "2011",
    "period": "Q3",
    "revenue": 4328000000,
    "costOfRevenue": 1883000000,
    "grossProfit": 2445000000,
    "grossProfitRatio": 0.5649260628,
    "researchAndDevelopmentExpenses": 0,
    "generalAndAdministrativeExpenses": 0,
    "sellingAndMarketingExpenses": 0,
    "sellingGeneralAndAdministrativeExpenses": 581000000,
    "otherExpenses": -14000000,
    "operatingExpenses": 567000000,
    "costAndExpenses": 2450000000,
    "interestIncome": 0,
    "interestExpense": 293000000,
    "depreciationAndAmortization": 63000000,
    "ebitda": 2149000000,
    "ebitdaratio": 0.4965341959,
    "operatingIncome": 1878000000,
    "operatingIncomeRatio": 0.4339186691,
    "totalOtherIncomeExpensesNet": -85000000,
    "incomeBeforeTax": 1793000000,
    "incomeBeforeTaxRatio": 0.4142791128,
    "incomeTaxExpense": 619000000,
    "netIncome": 1173000000,
    "netIncomeRatio": 0.271025878,
    "eps": 0.57,
    "epsdiluted": 0.57,
    "weightedAverageShsOut": 2054000000,
    "weightedAverageShsOutDil": 2054000000,
    "link": "https://www.sec.gov/Archives/edgar/data/764180/000119312511283665/0001193125-11-283665-index.htm",
    "finalLink": "https://www.sec.gov/Archives/edgar/data/764180/000119312511283665/d231954d10q.htm"
  },
  {
    "date": "2011-06-30",
    "symbol": "MO",
    "reportedCurrency": "USD",
    "cik": "0000764180",
    "fillingDate": "2011-07-28",
    "acceptedDate": "2011-07-28 15:04:49",
    "calendarYear": "2011",
    "period": "Q2",
    "revenue": 4002000000,
    "costOfRevenue": 2030000000,
    "grossProfit": 1972000000,
    "grossProfitRatio": 0.4927536232,
    "researchAndDevelopmentExpenses": 0,
    "generalAndAdministrativeExpenses": 0,
    "sellingAndMarketingExpenses": 0,
    "sellingGeneralAndAdministrativeExpenses": 671000000,
    "otherExpenses": 6000000,
    "operatingExpenses": 677000000,
    "costAndExpenses": 2707000000,
    "interestIncome": 0,
    "interestExpense": 0,
    "depreciationAndAmortization": 61000000,
    "ebitda": 1357000000,
    "ebitdaratio": 0.3390804598,
    "operatingIncome": 1295000000,
    "operatingIncomeRatio": 0.3235882059,
    "totalOtherIncomeExpensesNet": -139000000,
    "incomeBeforeTax": 1156000000,
    "incomeBeforeTaxRatio": 0.2888555722,
    "incomeTaxExpense": 712000000,
    "netIncome": 444000000,
    "netIncomeRatio": 0.1109445277,
    "eps": 0.21,
    "epsdiluted": 0.21,
    "weightedAverageShsOut": 2076000000,
    "weightedAverageShsOutDil": 2076000000,
    "link": "https://www.sec.gov/Archives/edgar/data/764180/000119312511200691/0001193125-11-200691-index.htm",
    "finalLink": "https://www.sec.gov/Archives/edgar/data/764180/000119312511200691/d10q.htm"
  },
  {
    "date": "2011-03-31",
    "symbol": "MO",
    "reportedCurrency": "USD",
    "cik": "0000764180",
    "fillingDate": "2011-04-28",
    "acceptedDate": "2011-04-28 15:50:58",
    "calendarYear": "2011",
    "period": "Q1",
    "revenue": 3943000000,
    "costOfRevenue": 1795000000,
    "grossProfit": 2148000000,
    "grossProfitRatio": 0.5447628709,
    "researchAndDevelopmentExpenses": 0,
    "generalAndAdministrativeExpenses": 0,
    "sellingAndMarketingExpenses": 0,
    "sellingGeneralAndAdministrativeExpenses": 601000000,
    "otherExpenses": 8000000,
    "operatingExpenses": 609000000,
    "costAndExpenses": 2404000000,
    "interestIncome": 0,
    "interestExpense": 0,
    "depreciationAndAmortization": 60000000,
    "ebitda": 1601000000,
    "ebitdaratio": 0.4060360132,
    "operatingIncome": 1539000000,
    "operatingIncomeRatio": 0.3903119452,
    "totalOtherIncomeExpensesNet": -89000000,
    "incomeBeforeTax": 1450000000,
    "incomeBeforeTaxRatio": 0.3677402993,
    "incomeTaxExpense": 512000000,
    "netIncome": 937000000,
    "netIncomeRatio": 0.2376363175,
    "eps": 0.45,
    "epsdiluted": 0.45,
    "weightedAverageShsOut": 2084000000,
    "weightedAverageShsOutDil": 2084000000,
    "link": "https://www.sec.gov/Archives/edgar/data/764180/000119312511114987/0001193125-11-114987-index.htm",
    "finalLink": "https://www.sec.gov/Archives/edgar/data/764180/000119312511114987/d10q.htm"
  },
  {
    "date": "2010-12-31",
    "symbol": "MO",
    "reportedCurrency": "USD",
    "cik": "0000764180",
    "fillingDate": "2011-02-25",
    "acceptedDate": "2011-02-24 19:01:35",
    "calendarYear": "2010",
    "period": "Q4",
    "revenue": 4139000000,
    "costOfRevenue": 1885000000,
    "grossProfit": 2254000000,
    "grossProfitRatio": 0.5445759845,
    "researchAndDevelopmentExpenses": 0,
    "generalAndAdministrativeExpenses": 0,
    "sellingAndMarketingExpenses": 0,
    "sellingGeneralAndAdministrativeExpenses": 752000000,
    "otherExpenses": 9000000,
    "operatingExpenses": 761000000,
    "costAndExpenses": 2646000000,
    "interestIncome": 0,
    "interestExpense": 280000000,
    "depreciationAndAmortization": 68000000,
    "ebitda": 1755000000,
    "ebitdaratio": 0.4240154627,
    "operatingIncome": 1493000000,
    "operatingIncomeRatio": 0.3607151486,
    "totalOtherIncomeExpensesNet": -86000000,
    "incomeBeforeTax": 1407000000,
    "incomeBeforeTaxRatio": 0.3399371829,
    "incomeTaxExpense": 487000000,
    "netIncome": 919000000,
    "netIncomeRatio": 0.2220343078,
    "eps": 0.44,
    "epsdiluted": 0.44,
    "weightedAverageShsOut": 2080000000,
    "weightedAverageShsOutDil": 2084000000,
    "link": "https://www.sec.gov/Archives/edgar/data/764180/000119312511045778/0001193125-11-045778-index.htm",
    "finalLink": "https://www.sec.gov/Archives/edgar/data/764180/000119312511045778/d10k.htm"
  },
  {
    "date": "2010-09-30",
    "symbol": "MO",
    "reportedCurrency": "USD",
    "cik": "0000764180",
    "fillingDate": "2010-10-28",
    "acceptedDate": "2010-10-28 09:32:02",
    "calendarYear": "2010",
    "period": "Q3",
    "revenue": 4461000000,
    "costOfRevenue": 1985000000,
    "grossProfit": 2476000000,
    "grossProfitRatio": 0.5550325039,
    "researchAndDevelopmentExpenses": 0,
    "generalAndAdministrativeExpenses": 0,
    "sellingAndMarketingExpenses": 0,
    "sellingGeneralAndAdministrativeExpenses": 691000000,
    "otherExpenses": 9000000,
    "operatingExpenses": 700000000,
    "costAndExpenses": 2685000000,
    "interestIncome": 0,
    "interestExpense": 279000000,
    "depreciationAndAmortization": 71000000,
    "ebitda": 1850000000,
    "ebitdaratio": 0.414705223,
    "operatingIncome": 1776000000,
    "operatingIncomeRatio": 0.3981170141,
    "totalOtherIncomeExpensesNet": -93000000,
    "incomeBeforeTax": 1683000000,
    "incomeBeforeTaxRatio": 0.3772696705,
    "incomeTaxExpense": 552000000,
    "netIncome": 1131000000,
    "netIncomeRatio": 0.2535305985,
    "eps": 0.54,
    "epsdiluted": 0.54,
    "weightedAverageShsOut": 2080000000,
    "weightedAverageShsOutDil": 2080000000,
    "link": "https://www.sec.gov/Archives/edgar/data/764180/000119312510239023/0001193125-10-239023-index.htm",
    "finalLink": "https://www.sec.gov/Archives/edgar/data/764180/000119312510239023/d10q.htm"
  },
  {
    "date": "2010-06-30",
    "symbol": "MO",
    "reportedCurrency": "USD",
    "cik": "0000764180",
    "fillingDate": "2010-07-29",
    "acceptedDate": "2010-07-29 12:17:13",
    "calendarYear": "2010",
    "period": "Q2",
    "revenue": 4341000000,
    "costOfRevenue": 1967000000,
    "grossProfit": 2374000000,
    "grossProfitRatio": 0.5468785994,
    "researchAndDevelopmentExpenses": 0,
    "generalAndAdministrativeExpenses": 0,
    "sellingAndMarketingExpenses": 0,
    "sellingGeneralAndAdministrativeExpenses": 820000000,
    "otherExpenses": 25000000,
    "operatingExpenses": 845000000,
    "costAndExpenses": 2812000000,
    "interestIncome": 0,
    "interestExpense": 290000000,
    "depreciationAndAmortization": 68000000,
    "ebitda": 1618000000,
    "ebitdaratio": 0.3727251785,
    "operatingIncome": 1529000000,
    "operatingIncomeRatio": 0.3522229901,
    "totalOtherIncomeExpensesNet": -177000000,
    "incomeBeforeTax": 1352000000,
    "incomeBeforeTaxRatio": 0.3114489749,
    "incomeTaxExpense": 309000000,
    "netIncome": 1042000000,
    "netIncomeRatio": 0.2400368579,
    "eps": 0.5,
    "epsdiluted": 0.5,
    "weightedAverageShsOut": 2079000000,
    "weightedAverageShsOutDil": 2079000000,
    "link": "https://www.sec.gov/Archives/edgar/data/764180/000119312510170273/0001193125-10-170273-index.htm",
    "finalLink": "https://www.sec.gov/Archives/edgar/data/764180/000119312510170273/d10q.htm"
  },
  {
    "date": "2010-03-31",
    "symbol": "MO",
    "reportedCurrency": "USD",
    "cik": "0000764180",
    "fillingDate": "2010-04-28",
    "acceptedDate": "2010-04-28 16:44:19",
    "calendarYear": "2010",
    "period": "Q1",
    "revenue": 3951000000,
    "costOfRevenue": 1867000000,
    "grossProfit": 2084000000,
    "grossProfitRatio": 0.5274614022,
    "researchAndDevelopmentExpenses": 0,
    "generalAndAdministrativeExpenses": 641000000,
    "sellingAndMarketingExpenses": 0,
    "sellingGeneralAndAdministrativeExpenses": 641000000,
    "otherExpenses": 13000000,
    "operatingExpenses": 654000000,
    "costAndExpenses": 2521000000,
    "interestIncome": 0,
    "interestExpense": 287000000,
    "depreciationAndAmortization": 69000000,
    "ebitda": 1506000000,
    "ebitdaratio": 0.3811693242,
    "operatingIncome": 1430000000,
    "operatingIncomeRatio": 0.3619336877,
    "totalOtherIncomeExpensesNet": -149000000,
    "incomeBeforeTax": 1281000000,
    "incomeBeforeTaxRatio": 0.324221716,
    "incomeTaxExpense": 468000000,
    "netIncome": 813000000,
    "netIncomeRatio": 0.205770691,
    "eps": 0.39,
    "epsdiluted": 0.39,
    "weightedAverageShsOut": 2077000000,
    "weightedAverageShsOutDil": 2077000000,
    "link": "https://www.sec.gov/Archives/edgar/data/764180/000119312510096771/0001193125-10-096771-index.htm",
    "finalLink": "https://www.sec.gov/Archives/edgar/data/764180/000119312510096771/d10q.htm"
  },
  {
    "date": "2009-12-31",
    "symbol": "MO",
    "reportedCurrency": "USD",
    "cik": "0000764180",
    "fillingDate": "2010-02-24",
    "acceptedDate": "2010-02-24 17:24:05",
    "calendarYear": "2009",
    "period": "Q4",
    "revenue": 4100000000,
    "costOfRevenue": 2049000000,
    "grossProfit": 2051000000,
    "grossProfitRatio": 0.5002439024,
    "researchAndDevelopmentExpenses": 0,
    "generalAndAdministrativeExpenses": 0,
    "sellingAndMarketingExpenses": 0,
    "sellingGeneralAndAdministrativeExpenses": 426000000,
    "otherExpenses": 425000000,
    "operatingExpenses": 851000000,
    "costAndExpenses": 2900000000,
    "interestIncome": 0,
    "interestExpense": 287000000,
    "depreciationAndAmortization": 73000000,
    "ebitda": 1435000000,
    "ebitdaratio": 0.35,
    "operatingIncome": 1200000000,
    "operatingIncomeRatio": 0.2926829268,
    "totalOtherIncomeExpensesNet": -125000000,
    "incomeBeforeTax": 1075000000,
    "incomeBeforeTaxRatio": 0.262195122,
    "incomeTaxExpense": 349000000,
    "netIncome": 725000000,
    "netIncomeRatio": 0.1768292683,
    "eps": 0.35,
    "epsdiluted": 0.35,
    "weightedAverageShsOut": 2072000000,
    "weightedAverageShsOutDil": 2077000000,
    "link": "https://www.sec.gov/Archives/edgar/data/764180/000119312510039027/0001193125-10-039027-index.htm",
    "finalLink": "https://www.sec.gov/Archives/edgar/data/764180/000119312510039027/d10k.htm"
  },
  {
    "date": "2009-09-30",
    "symbol": "MO",
    "reportedCurrency": "USD",
    "cik": "0000764180",
    "fillingDate": "2009-10-29",
    "acceptedDate": "2009-10-29 12:39:21",
    "calendarYear": "2009",
    "period": "Q3",
    "revenue": 4318000000,
    "costOfRevenue": 2033000000,
    "grossProfit": 2285000000,
    "grossProfitRatio": 0.529180176,
    "researchAndDevelopmentExpenses": 0,
    "generalAndAdministrativeExpenses": 751000000,
    "sellingAndMarketingExpenses": 0,
    "sellingGeneralAndAdministrativeExpenses": 751000000,
    "otherExpenses": 140000000,
    "operatingExpenses": 891000000,
    "costAndExpenses": 2924000000,
    "interestIncome": 0,
    "interestExpense": 279000000,
    "depreciationAndAmortization": 71000000,
    "ebitda": 1584000000,
    "ebitdaratio": 0.3668364984,
    "operatingIncome": 1394000000,
    "operatingIncomeRatio": 0.3228346457,
    "totalOtherIncomeExpensesNet": -160000000,
    "incomeBeforeTax": 1234000000,
    "incomeBeforeTaxRatio": 0.2857804539,
    "incomeTaxExpense": 352000000,
    "netIncome": 882000000,
    "netIncomeRatio": 0.2042612321,
    "eps": 0.43,
    "epsdiluted": 0.42,
    "weightedAverageShsOut": 2051162791,
    "weightedAverageShsOutDil": 2072000000,
    "link": "https://www.sec.gov/Archives/edgar/data/764180/000119312509217203/0001193125-09-217203-index.htm",
    "finalLink": "https://www.sec.gov/Archives/edgar/data/764180/000119312509217203/d10q.htm"
  },
  {
    "date": "2009-06-30",
    "symbol": "MO",
    "reportedCurrency": "USD",
    "cik": "0000764180",
    "fillingDate": "2009-07-31",
    "acceptedDate": "2009-07-31 16:12:30",
    "calendarYear": "2009",
    "period": "Q2",
    "revenue": 4594000000,
    "costOfRevenue": 2138000000,
    "grossProfit": 2456000000,
    "grossProfitRatio": 0.5346103613,
    "researchAndDevelopmentExpenses": 0,
    "generalAndAdministrativeExpenses": 738000000,
    "sellingAndMarketingExpenses": 0,
    "sellingGeneralAndAdministrativeExpenses": 738000000,
    "otherExpenses": 41000000,
    "operatingExpenses": 779000000,
    "costAndExpenses": 2917000000,
    "interestIncome": 0,
    "interestExpense": 287000000,
    "depreciationAndAmortization": 69000000,
    "ebitda": 1963000000,
    "ebitdaratio": 0.4272964737,
    "operatingIncome": 1677000000,
    "operatingIncomeRatio": 0.3650413583,
    "totalOtherIncomeExpensesNet": -70000000,
    "incomeBeforeTax": 1607000000,
    "incomeBeforeTaxRatio": 0.3498040923,
    "incomeTaxExpense": 596000000,
    "netIncome": 1010000000,
    "netIncomeRatio": 0.2198519808,
    "eps": 0.49,
    "epsdiluted": 0.49,
    "weightedAverageShsOut": 2061224490,
    "weightedAverageShsOutDil": 2069000000,
    "link": "https://www.sec.gov/Archives/edgar/data/764180/000119312509160822/0001193125-09-160822-index.htm",
    "finalLink": "https://www.sec.gov/Archives/edgar/data/764180/000119312509160822/d10q.htm"
  },
  {
    "date": "2009-03-31",
    "symbol": "MO",
    "reportedCurrency": "USD",
    "cik": "0000764180",
    "fillingDate": "2009-05-07",
    "acceptedDate": "2009-05-07 12:43:04",
    "calendarYear": "2009",
    "period": "Q1",
    "revenue": 3812000000,
    "costOfRevenue": 1770000000,
    "grossProfit": 2042000000,
    "grossProfitRatio": 0.5356768101,
    "researchAndDevelopmentExpenses": 0,
    "generalAndAdministrativeExpenses": 717000000,
    "sellingAndMarketingExpenses": 128000000,
    "sellingGeneralAndAdministrativeExpenses": 845000000,
    "otherExpenses": 6000000,
    "operatingExpenses": 851000000,
    "costAndExpenses": 2621000000,
    "interestIncome": 0,
    "interestExpense": 336000000,
    "depreciationAndAmortization": 78000000,
    "ebitda": 1375000000,
    "ebitdaratio": 0.360703043,
    "operatingIncome": 1191000000,
    "operatingIncomeRatio": 0.3124344176,
    "totalOtherIncomeExpensesNet": -230000000,
    "incomeBeforeTax": 961000000,
    "incomeBeforeTaxRatio": 0.2520986359,
    "incomeTaxExpense": 372000000,
    "netIncome": 589000000,
    "netIncomeRatio": 0.1545120672,
    "eps": 0.28,
    "epsdiluted": 0.28,
    "weightedAverageShsOut": 2061000000,
    "weightedAverageShsOutDil": 2067000000,
    "link": "https://www.sec.gov/Archives/edgar/data/764180/000119312509102978/0001193125-09-102978-index.htm",
    "finalLink": "https://www.sec.gov/Archives/edgar/data/764180/000119312509102978/d10q.htm"
  },
  {
    "date": "2008-12-31",
    "symbol": "MO",
    "reportedCurrency": "USD",
    "cik": "0000764180",
    "fillingDate": "2009-02-27",
    "acceptedDate": "2009-02-27 16:24:49",
    "calendarYear": "2008",
    "period": "Q4",
    "revenue": 1255000000,
    "costOfRevenue": 1985000000,
    "grossProfit": -730000000,
    "grossProfitRatio": -0.5816733068,
    "researchAndDevelopmentExpenses": 0,
    "generalAndAdministrativeExpenses": 0,
    "sellingAndMarketingExpenses": 0,
    "sellingGeneralAndAdministrativeExpenses": 693000000,
    "otherExpenses": -2421000000,
    "operatingExpenses": -1728000000,
    "costAndExpenses": 257000000,
    "interestIncome": 0,
    "interestExpense": 0,
    "depreciationAndAmortization": 53000000,
    "ebitda": -1383000000,
    "ebitdaratio": -1.1019920319,
    "operatingIncome": 998000000,
    "operatingIncomeRatio": 0.7952191235,
    "totalOtherIncomeExpensesNet": -17000000,
    "incomeBeforeTax": 981000000,
    "incomeBeforeTaxRatio": 0.7816733068,
    "incomeTaxExpense": 302000000,
    "netIncome": 679000000,
    "netIncomeRatio": 0.5410358566,
    "eps": 0.33,
    "epsdiluted": 0.33,
    "weightedAverageShsOut": 2060000000,
    "weightedAverageShsOutDil": 2061000000,
    "link": "https://www.sec.gov/Archives/edgar/data/764180/000119312509041005/0001193125-09-041005-index.htm",
    "finalLink": "https://www.sec.gov/Archives/edgar/data/764180/000119312509041005/d10k.htm"
  },
  {
    "date": "2008-09-30",
    "symbol": "MO",
    "reportedCurrency": "USD",
    "cik": "0000764180",
    "fillingDate": "2008-11-03",
    "acceptedDate": "2008-11-03 17:00:50",
    "calendarYear": "2008",
    "period": "Q3",
    "revenue": 5238000000,
    "costOfRevenue": 2230000000,
    "grossProfit": 2111000000,
    "grossProfitRatio": 0.4030164185,
    "researchAndDevelopmentExpenses": 0,
    "generalAndAdministrativeExpenses": 763000000,
    "sellingAndMarketingExpenses": 17000000,
    "sellingGeneralAndAdministrativeExpenses": 780000000,
    "otherExpenses": 899000000,
    "operatingExpenses": 1679000000,
    "costAndExpenses": 3909000000,
    "interestIncome": 0,
    "interestExpense": 25000000,
    "depreciationAndAmortization": 52000000,
    "ebitda": 1435000000,
    "ebitdaratio": 0.2739595265,
    "operatingIncome": 1329000000,
    "operatingIncomeRatio": 0.253722795,
    "totalOtherIncomeExpensesNet": 29000000,
    "incomeBeforeTax": 1358000000,
    "incomeBeforeTaxRatio": 0.2592592593,
    "incomeTaxExpense": 491000000,
    "netIncome": 867000000,
    "netIncomeRatio": 0.1655211913,
    "eps": 0.42,
    "epsdiluted": 0.42,
    "weightedAverageShsOut": 2058000000,
    "weightedAverageShsOutDil": 2067000000,
    "link": "https://www.sec.gov/Archives/edgar/data/764180/000119312508223004/0001193125-08-223004-index.htm",
    "finalLink": "https://www.sec.gov/Archives/edgar/data/764180/000119312508223004/d10q.htm"
  },
  {
    "date": "2008-06-30",
    "symbol": "MO",
    "reportedCurrency": "USD",
    "cik": "0000764180",
    "fillingDate": "2008-08-07",
    "acceptedDate": "2008-08-07 10:24:03",
    "calendarYear": "2008",
    "period": "Q2",
    "revenue": 5054000000,
    "costOfRevenue": 2168000000,
    "grossProfit": 2011000000,
    "grossProfitRatio": 0.3979026514,
    "researchAndDevelopmentExpenses": 0,
    "generalAndAdministrativeExpenses": 649000000,
    "sellingAndMarketingExpenses": 19000000,
    "sellingGeneralAndAdministrativeExpenses": 668000000,
    "otherExpenses": 876000000,
    "operatingExpenses": 1544000000,
    "costAndExpenses": 3712000000,
    "interestIncome": 0,
    "interestExpense": 18000000,
    "depreciationAndAmortization": 51000000,
    "ebitda": 1540000000,
    "ebitdaratio": 0.3047091413,
    "operatingIncome": 1342000000,
    "operatingIncomeRatio": 0.2655322517,
    "totalOtherIncomeExpensesNet": 129000000,
    "incomeBeforeTax": 1471000000,
    "incomeBeforeTaxRatio": 0.2910565888,
    "incomeTaxExpense": 541000000,
    "netIncome": 930000000,
    "netIncomeRatio": 0.1840126632,
    "eps": 0.45,
    "epsdiluted": 0.45,
    "weightedAverageShsOut": 2075000000,
    "weightedAverageShsOutDil": 2085000000,
    "link": "https://www.sec.gov/Archives/edgar/data/764180/000119312508169454/0001193125-08-169454-index.htm",
    "finalLink": "https://www.sec.gov/Archives/edgar/data/764180/000119312508169454/d10q.htm"
  },
  {
    "date": "2008-03-31",
    "symbol": "MO",
    "reportedCurrency": "USD",
    "cik": "0000764180",
    "fillingDate": "2008-05-09",
    "acceptedDate": "2008-05-09 13:59:14",
    "calendarYear": "2008",
    "period": "Q1",
    "revenue": 3604000000,
    "costOfRevenue": 1887000000,
    "grossProfit": 1717000000,
    "grossProfitRatio": 0.4764150943,
    "researchAndDevelopmentExpenses": 0,
    "generalAndAdministrativeExpenses": 648000000,
    "sellingAndMarketingExpenses": 258000000,
    "sellingGeneralAndAdministrativeExpenses": 906000000,
    "otherExpenses": -402000000,
    "operatingExpenses": 504000000,
    "costAndExpenses": 2391000000,
    "interestIncome": 0,
    "interestExpense": 0,
    "depreciationAndAmortization": 59000000,
    "ebitda": 1272000000,
    "ebitdaratio": 0.3529411765,
    "operatingIncome": 1213000000,
    "operatingIncomeRatio": 0.3365704772,
    "totalOtherIncomeExpensesNet": -234000000,
    "incomeBeforeTax": 979000000,
    "incomeBeforeTaxRatio": 0.2716426193,
    "incomeTaxExpense": 365000000,
    "netIncome": 2454000000,
    "netIncomeRatio": 0.6809100999,
    "eps": 1.16,
    "epsdiluted": 1.16,
    "weightedAverageShsOut": 2107000000,
    "weightedAverageShsOutDil": 2118000000,
    "link": "https://www.sec.gov/Archives/edgar/data/764180/000119312508109448/0001193125-08-109448-index.htm",
    "finalLink": "https://www.sec.gov/Archives/edgar/data/764180/000119312508109448/d10q.htm"
  },
  {
    "date": "2007-12-31",
    "symbol": "MO",
    "reportedCurrency": "USD",
    "cik": "0000764180",
    "fillingDate": "2008-02-28",
    "acceptedDate": "2008-02-28 15:08:16",
    "calendarYear": "2007",
    "period": "Q4",
    "revenue": 9253000000,
    "costOfRevenue": 4048000000,
    "grossProfit": 5205000000,
    "grossProfitRatio": 0.5625202637,
    "researchAndDevelopmentExpenses": 0,
    "generalAndAdministrativeExpenses": 0,
    "sellingAndMarketingExpenses": 0,
    "sellingGeneralAndAdministrativeExpenses": 2054000000,
    "otherExpenses": 115000000,
    "operatingExpenses": 2169000000,
    "costAndExpenses": 6217000000,
    "interestIncome": 0,
    "interestExpense": 0,
    "depreciationAndAmortization": 276000000,
    "ebitda": 3312000000,
    "ebitdaratio": 0.3579379661,
    "operatingIncome": 3036000000,
    "operatingIncomeRatio": 0.3281098022,
    "totalOtherIncomeExpensesNet": -28000000,
    "incomeBeforeTax": 3008000000,
    "incomeBeforeTaxRatio": 0.3250837566,
    "incomeTaxExpense": 862000000,
    "netIncome": 2188000000,
    "netIncomeRatio": 0.2364638496,
    "eps": 1.03,
    "epsdiluted": 1.03,
    "weightedAverageShsOut": 2107314917,
    "weightedAverageShsOutDil": 2115517241,
    "link": "https://www.sec.gov/Archives/edgar/data/764180/000119312508041586/0001193125-08-041586-index.htm",
    "finalLink": "https://www.sec.gov/Archives/edgar/data/764180/000119312508041586/d10k.htm"
  },
  {
    "date": "2007-09-30",
    "symbol": "MO",
    "reportedCurrency": "USD",
    "cik": "0000764180",
    "fillingDate": "2007-11-06",
    "acceptedDate": "2007-11-06 12:59:10",
    "calendarYear": "2007",
    "period": "Q3",
    "revenue": 9964000000,
    "costOfRevenue": 4325000000,
    "grossProfit": 5639000000,
    "grossProfitRatio": 0.5659373745,
    "researchAndDevelopmentExpenses": 0,
    "generalAndAdministrativeExpenses": 0,
    "sellingAndMarketingExpenses": 0,
    "sellingGeneralAndAdministrativeExpenses": 1907000000,
    "otherExpenses": 27000000,
    "operatingExpenses": 1934000000,
    "costAndExpenses": 6259000000,
    "interestIncome": 0,
    "interestExpense": 0,
    "depreciationAndAmortization": 242000000,
    "ebitda": 3947000000,
    "ebitdaratio": 0.3961260538,
    "operatingIncome": 3705000000,
    "operatingIncomeRatio": 0.371838619,
    "totalOtherIncomeExpensesNet": -11000000,
    "incomeBeforeTax": 3694000000,
    "incomeBeforeTaxRatio": 0.3707346447,
    "incomeTaxExpense": 1117000000,
    "netIncome": 2633000000,
    "netIncomeRatio": 0.2642513047,
    "eps": 1.25,
    "epsdiluted": 1.24,
    "weightedAverageShsOut": 2106400000,
    "weightedAverageShsOutDil": 2123387097,
    "link": "https://www.sec.gov/Archives/edgar/data/764180/000119312507236371/0001193125-07-236371-index.htm",
    "finalLink": "https://www.sec.gov/Archives/edgar/data/764180/000119312507236371/d10q.htm"
  },
  {
    "date": "2007-06-30",
    "symbol": "MO",
    "reportedCurrency": "USD",
    "cik": "0000764180",
    "fillingDate": "2007-08-07",
    "acceptedDate": "2007-08-07 10:42:40",
    "calendarYear": "2007",
    "period": "Q2",
    "revenue": 9797000000,
    "costOfRevenue": 4265000000,
    "grossProfit": 5532000000,
    "grossProfitRatio": 0.5646626518,
    "researchAndDevelopmentExpenses": 0,
    "generalAndAdministrativeExpenses": 0,
    "sellingAndMarketingExpenses": 0,
    "sellingGeneralAndAdministrativeExpenses": 1966000000,
    "otherExpenses": 322000000,
    "operatingExpenses": 2288000000,
    "costAndExpenses": 6553000000,
    "interestIncome": 0,
    "interestExpense": 0,
    "depreciationAndAmortization": 399000000,
    "ebitda": 3643000000,
    "ebitdaratio": 0.3718485251,
    "operatingIncome": 3244000000,
    "operatingIncomeRatio": 0.331121772,
    "totalOtherIncomeExpensesNet": -62000000,
    "incomeBeforeTax": 3182000000,
    "incomeBeforeTaxRatio": 0.3247933041,
    "incomeTaxExpense": 1066000000,
    "netIncome": 2215000000,
    "netIncomeRatio": 0.2260896193,
    "eps": 1.05,
    "epsdiluted": 1.05,
    "weightedAverageShsOut": 2109523810,
    "weightedAverageShsOutDil": 2109523810,
    "link": "https://www.sec.gov/Archives/edgar/data/764180/000119312507173166/0001193125-07-173166-index.htm",
    "finalLink": "https://www.sec.gov/Archives/edgar/data/764180/000119312507173166/d10q.htm"
  },
  {
    "date": "2007-03-31",
    "symbol": "MO",
    "reportedCurrency": "USD",
    "cik": "0000764180",
    "fillingDate": "2007-05-07",
    "acceptedDate": "2007-05-07 14:09:32",
    "calendarYear": "2007",
    "period": "Q1",
    "revenue": 3488000000,
    "costOfRevenue": 1788000000,
    "grossProfit": 1700000000,
    "grossProfitRatio": 0.4873853211,
    "researchAndDevelopmentExpenses": 0,
    "generalAndAdministrativeExpenses": 0,
    "sellingAndMarketingExpenses": 0,
    "sellingGeneralAndAdministrativeExpenses": 649000000,
    "otherExpenses": -68000000,
    "operatingExpenses": 581000000,
    "costAndExpenses": 2369000000,
    "interestIncome": 0,
    "interestExpense": 0,
    "depreciationAndAmortization": 63000000,
    "ebitda": 1182000000,
    "ebitdaratio": 0.3388761468,
    "operatingIncome": 1119000000,
    "operatingIncomeRatio": 0.3208142202,
    "totalOtherIncomeExpensesNet": -6000000,
    "incomeBeforeTax": 1113000000,
    "incomeBeforeTaxRatio": 0.3190940367,
    "incomeTaxExpense": 417000000,
    "netIncome": 2750000000,
    "netIncomeRatio": 0.7884174312,
    "eps": 1.31,
    "epsdiluted": 1.3,
    "weightedAverageShsOut": 2099236641,
    "weightedAverageShsOutDil": 2115384615,
    "link": "https://www.sec.gov/Archives/edgar/data/764180/000095012307006875/0000950123-07-006875-index.htm",
    "finalLink": "https://www.sec.gov/Archives/edgar/data/764180/000095012307006875/y34478e10vq.htm"
  },
  {
    "date": "2006-12-31",
    "symbol": "MO",
    "reportedCurrency": "USD",
    "cik": "0000764180",
    "fillingDate": "2007-03-01",
    "acceptedDate": "2007-03-01 16:00:40",
    "calendarYear": "2006",
    "period": "Q4",
    "revenue": 17985000000,
    "costOfRevenue": 9907000000,
    "grossProfit": 8078000000,
    "grossProfitRatio": 0.4491520712,
    "researchAndDevelopmentExpenses": 0,
    "generalAndAdministrativeExpenses": 0,
    "sellingAndMarketingExpenses": 0,
    "sellingGeneralAndAdministrativeExpenses": 4029000000,
    "otherExpenses": -169000000,
    "operatingExpenses": 3860000000,
    "costAndExpenses": 13767000000,
    "interestIncome": 0,
    "interestExpense": 0,
    "depreciationAndAmortization": 465000000,
    "ebitda": 4064000000,
    "ebitdaratio": 0.2259660828,
    "operatingIncome": 4218000000,
    "operatingIncomeRatio": 0.234528774,
    "totalOtherIncomeExpensesNet": -175000000,
    "incomeBeforeTax": 4043000000,
    "incomeBeforeTaxRatio": 0.2247984431,
    "incomeTaxExpense": 1076000000,
    "netIncome": 2959000000,
    "netIncomeRatio": 0.1645259939,
    "eps": 1.41,
    "epsdiluted": 1.41,
    "weightedAverageShsOut": 2083253456,
    "weightedAverageShsOutDil": 2099236641,
    "link": "https://www.sec.gov/Archives/edgar/data/764180/000119312507044345/0001193125-07-044345-index.htm",
    "finalLink": "https://www.sec.gov/Archives/edgar/data/764180/000119312507044345/d10k.htm"
  },
  {
    "date": "2006-09-30",
    "symbol": "MO",
    "reportedCurrency": "USD",
    "cik": "0000764180",
    "fillingDate": "2006-11-09",
    "acceptedDate": "2006-11-09 13:05:25",
    "calendarYear": "2006",
    "period": "Q3",
    "revenue": 9413000000,
    "costOfRevenue": 4022000000,
    "grossProfit": 5391000000,
    "grossProfitRatio": 0.5727185807,
    "researchAndDevelopmentExpenses": 0,
    "generalAndAdministrativeExpenses": 0,
    "sellingAndMarketingExpenses": 0,
    "sellingGeneralAndAdministrativeExpenses": 1961000000,
    "otherExpenses": 74000000,
    "operatingExpenses": 2035000000,
    "costAndExpenses": 6057000000,
    "interestIncome": 0,
    "interestExpense": 0,
    "depreciationAndAmortization": 235000000,
    "ebitda": 3591000000,
    "ebitdaratio": 0.381493679,
    "operatingIncome": 3356000000,
    "operatingIncomeRatio": 0.3565282057,
    "totalOtherIncomeExpensesNet": -59000000,
    "incomeBeforeTax": 3297000000,
    "incomeBeforeTaxRatio": 0.3502602783,
    "incomeTaxExpense": 1125000000,
    "netIncome": 2875000000,
    "netIncomeRatio": 0.3054286625,
    "eps": 1.38,
    "epsdiluted": 1.36,
    "weightedAverageShsOut": 2083333333,
    "weightedAverageShsOutDil": 2113970588,
    "link": "https://www.sec.gov/Archives/edgar/data/764180/000119312506229897/0001193125-06-229897-index.htm",
    "finalLink": "https://www.sec.gov/Archives/edgar/data/764180/000119312506229897/d10q.htm"
  },
  {
    "date": "2006-06-30",
    "symbol": "MO",
    "reportedCurrency": "USD",
    "cik": "0000764180",
    "fillingDate": "2006-08-08",
    "acceptedDate": "2006-08-08 10:26:30",
    "calendarYear": "2006",
    "period": "Q2",
    "revenue": 17150000000,
    "costOfRevenue": 11853000000,
    "grossProfit": 5297000000,
    "grossProfitRatio": 0.3088629738,
    "researchAndDevelopmentExpenses": 0,
    "generalAndAdministrativeExpenses": 0,
    "sellingAndMarketingExpenses": 0,
    "sellingGeneralAndAdministrativeExpenses": 2012000000,
    "otherExpenses": 59000000,
    "operatingExpenses": 2071000000,
    "costAndExpenses": 13924000000,
    "interestIncome": 0,
    "interestExpense": 0,
    "depreciationAndAmortization": 220000000,
    "ebitda": 3446000000,
    "ebitdaratio": 0.2009329446,
    "operatingIncome": 3226000000,
    "operatingIncomeRatio": 0.1881049563,
    "totalOtherIncomeExpensesNet": -119000000,
    "incomeBeforeTax": 3107000000,
    "incomeBeforeTaxRatio": 0.1811661808,
    "incomeTaxExpense": 1041000000,
    "netIncome": 2711000000,
    "netIncomeRatio": 0.1580758017,
    "eps": 1.3,
    "epsdiluted": 1.29,
    "weightedAverageShsOut": 2085384615,
    "weightedAverageShsOutDil": 2101550388,
    "link": "https://www.sec.gov/Archives/edgar/data/764180/000119312506165004/0001193125-06-165004-index.htm",
    "finalLink": "https://www.sec.gov/Archives/edgar/data/764180/000119312506165004/d10q.htm"
  },
  {
    "date": "2006-03-31",
    "symbol": "MO",
    "reportedCurrency": "USD",
    "cik": "0000764180",
    "fillingDate": "2006-05-09",
    "acceptedDate": "2006-05-09 09:10:12",
    "calendarYear": "2006",
    "period": "Q1",
    "revenue": 16232000000,
    "costOfRevenue": 11270000000,
    "grossProfit": 4962000000,
    "grossProfitRatio": 0.3056924593,
    "researchAndDevelopmentExpenses": 0,
    "generalAndAdministrativeExpenses": 0,
    "sellingAndMarketingExpenses": 0,
    "sellingGeneralAndAdministrativeExpenses": 1833000000,
    "otherExpenses": 68000000,
    "operatingExpenses": 1901000000,
    "costAndExpenses": 13171000000,
    "interestIncome": 0,
    "interestExpense": 0,
    "depreciationAndAmortization": 230000000,
    "ebitda": 3291000000,
    "ebitdaratio": 0.2027476589,
    "operatingIncome": 3061000000,
    "operatingIncomeRatio": 0.1885781173,
    "totalOtherIncomeExpensesNet": -147000000,
    "incomeBeforeTax": 2914000000,
    "incomeBeforeTaxRatio": 0.179521932,
    "incomeTaxExpense": 374000000,
    "netIncome": 3477000000,
    "netIncomeRatio": 0.2142065057,
    "eps": 1.67,
    "epsdiluted": 1.65,
    "weightedAverageShsOut": 2082035928,
    "weightedAverageShsOutDil": 2107272727,
    "link": "https://www.sec.gov/Archives/edgar/data/764180/000119312506104575/0001193125-06-104575-index.htm",
    "finalLink": "https://www.sec.gov/Archives/edgar/data/764180/000119312506104575/d10q.htm"
  },
  {
    "date": "2005-12-31",
    "symbol": "MO",
    "reportedCurrency": "USD",
    "cik": "0000764180",
    "fillingDate": "2006-03-10",
    "acceptedDate": "2006-03-10 17:02:47",
    "calendarYear": "2005",
    "period": "Q4",
    "revenue": 17827000000,
    "costOfRevenue": 9877000000,
    "grossProfit": 7950000000,
    "grossProfitRatio": 0.4459527683,
    "researchAndDevelopmentExpenses": 0,
    "generalAndAdministrativeExpenses": 0,
    "sellingAndMarketingExpenses": 0,
    "sellingGeneralAndAdministrativeExpenses": 3982000000,
    "otherExpenses": 338000000,
    "operatingExpenses": 4320000000,
    "costAndExpenses": 14197000000,
    "interestIncome": 0,
    "interestExpense": 0,
    "depreciationAndAmortization": 452000000,
    "ebitda": 3974000000,
    "ebitdaratio": 0.2229202894,
    "operatingIncome": 3630000000,
    "operatingIncomeRatio": 0.2036237168,
    "totalOtherIncomeExpensesNet": -250000000,
    "incomeBeforeTax": 3380000000,
    "incomeBeforeTaxRatio": 0.1896000449,
    "incomeTaxExpense": 1037000000,
    "netIncome": 2289000000,
    "netIncomeRatio": 0.1284007404,
    "eps": 1.1,
    "epsdiluted": 1.1,
    "weightedAverageShsOut": 2077461929,
    "weightedAverageShsOutDil": 2082035928,
    "link": "https://www.sec.gov/Archives/edgar/data/764180/000119312506051165/0001193125-06-051165-index.htm",
    "finalLink": "https://www.sec.gov/Archives/edgar/data/764180/000119312506051165/d10k.htm"
  },
  {
    "date": "2005-09-30",
    "symbol": "MO",
    "reportedCurrency": "USD",
    "cik": "0000764180",
    "fillingDate": "2005-11-09",
    "acceptedDate": "2005-11-09 16:02:25",
    "calendarYear": "2005",
    "period": "Q3",
    "revenue": 17306000000,
    "costOfRevenue": 9082000000,
    "grossProfit": 8224000000,
    "grossProfitRatio": 0.4752109095,
    "researchAndDevelopmentExpenses": 0,
    "generalAndAdministrativeExpenses": 0,
    "sellingAndMarketingExpenses": 0,
    "sellingGeneralAndAdministrativeExpenses": 3619000000,
    "otherExpenses": 290000000,
    "operatingExpenses": 3909000000,
    "costAndExpenses": 12991000000,
    "interestIncome": 0,
    "interestExpense": 0,
    "depreciationAndAmortization": 406000000,
    "ebitda": 4721000000,
    "ebitdaratio": 0.2727955622,
    "operatingIncome": 4315000000,
    "operatingIncomeRatio": 0.2493354906,
    "totalOtherIncomeExpensesNet": -306000000,
    "incomeBeforeTax": 4009000000,
    "incomeBeforeTaxRatio": 0.2316537617,
    "incomeTaxExpense": 1098000000,
    "netIncome": 2883000000,
    "netIncomeRatio": 0.1665896221,
    "eps": 1.39,
    "epsdiluted": 1.38,
    "weightedAverageShsOut": 2074100719,
    "weightedAverageShsOutDil": 2089130435,
    "link": "https://www.sec.gov/Archives/edgar/data/764180/000119312505221528/0001193125-05-221528-index.htm",
    "finalLink": "https://www.sec.gov/Archives/edgar/data/764180/000119312505221528/d10q.htm"
  },
  {
    "date": "2005-06-30",
    "symbol": "MO",
    "reportedCurrency": "USD",
    "cik": "0000764180",
    "fillingDate": "2005-08-05",
    "acceptedDate": "2005-08-05 13:22:44",
    "calendarYear": "2005",
    "period": "Q2",
    "revenue": 17325000000,
    "costOfRevenue": 9134000000,
    "grossProfit": 8191000000,
    "grossProfitRatio": 0.4727849928,
    "researchAndDevelopmentExpenses": 0,
    "generalAndAdministrativeExpenses": 0,
    "sellingAndMarketingExpenses": 0,
    "sellingGeneralAndAdministrativeExpenses": 3643000000,
    "otherExpenses": 77000000,
    "operatingExpenses": 3720000000,
    "costAndExpenses": 12854000000,
    "interestIncome": 0,
    "interestExpense": 0,
    "depreciationAndAmortization": 410000000,
    "ebitda": 4883000000,
    "ebitdaratio": 0.2818470418,
    "operatingIncome": 4471000000,
    "operatingIncomeRatio": 0.2580663781,
    "totalOtherIncomeExpensesNet": -320000000,
    "incomeBeforeTax": 4151000000,
    "incomeBeforeTaxRatio": 0.2395959596,
    "incomeTaxExpense": 1192000000,
    "netIncome": 2667000000,
    "netIncomeRatio": 0.1539393939,
    "eps": 1.29,
    "epsdiluted": 1.28,
    "weightedAverageShsOut": 2067441860,
    "weightedAverageShsOutDil": 2083593750,
    "link": "https://www.sec.gov/Archives/edgar/data/764180/000119312505158869/0001193125-05-158869-index.htm",
    "finalLink": "https://www.sec.gov/Archives/edgar/data/764180/000119312505158869/d10q.htm"
  },
  {
    "date": "2005-03-31",
    "symbol": "MO",
    "reportedCurrency": "USD",
    "cik": "0000764180",
    "fillingDate": "2005-05-06",
    "acceptedDate": "2005-05-06 16:10:45",
    "calendarYear": "2005",
    "period": "Q1",
    "revenue": 16462000000,
    "costOfRevenue": 8671000000,
    "grossProfit": 7791000000,
    "grossProfitRatio": 0.4732717774,
    "researchAndDevelopmentExpenses": 0,
    "generalAndAdministrativeExpenses": 0,
    "sellingAndMarketingExpenses": 0,
    "sellingGeneralAndAdministrativeExpenses": 3556000000,
    "otherExpenses": 59000000,
    "operatingExpenses": 3615000000,
    "costAndExpenses": 12286000000,
    "interestIncome": 0,
    "interestExpense": 0,
    "depreciationAndAmortization": 407000000,
    "ebitda": 4583000000,
    "ebitdaratio": 0.2783987365,
    "operatingIncome": 4176000000,
    "operatingIncomeRatio": 0.2536751306,
    "totalOtherIncomeExpensesNet": -281000000,
    "incomeBeforeTax": 3895000000,
    "incomeBeforeTaxRatio": 0.2366055157,
    "incomeTaxExpense": 1291000000,
    "netIncome": 2596000000,
    "netIncomeRatio": 0.1576965132,
    "eps": 1.26,
    "epsdiluted": 1.25,
    "weightedAverageShsOut": 2060317460,
    "weightedAverageShsOutDil": 2076800000,
    "link": "https://www.sec.gov/Archives/edgar/data/764180/000119312505099262/0001193125-05-099262-index.htm",
    "finalLink": "https://www.sec.gov/Archives/edgar/data/764180/000119312505099262/d10q.htm"
  },
  {
    "date": "2004-12-31",
    "symbol": "MO",
    "reportedCurrency": "USD",
    "cik": "0000764180",
    "fillingDate": "2005-03-15",
    "acceptedDate": "2005-03-15 16:55:21",
    "calendarYear": "2004",
    "period": "Q4",
    "revenue": 16019000000,
    "costOfRevenue": 8712000000,
    "grossProfit": 7307000000,
    "grossProfitRatio": 0.4561458268,
    "researchAndDevelopmentExpenses": 0,
    "generalAndAdministrativeExpenses": 0,
    "sellingAndMarketingExpenses": 0,
    "sellingGeneralAndAdministrativeExpenses": 2698000000,
    "otherExpenses": 1231000000,
    "operatingExpenses": 3929000000,
    "costAndExpenses": 12641000000,
    "interestIncome": 0,
    "interestExpense": 0,
    "depreciationAndAmortization": 438000000,
    "ebitda": 3922000000,
    "ebitdaratio": 0.2448342593,
    "operatingIncome": 3378000000,
    "operatingIncomeRatio": 0.2108745864,
    "totalOtherIncomeExpensesNet": -291000000,
    "incomeBeforeTax": 3087000000,
    "incomeBeforeTaxRatio": 0.1927086585,
    "incomeTaxExpense": 1096000000,
    "netIncome": 1947000000,
    "netIncomeRatio": 0.1215431675,
    "eps": 0.95,
    "epsdiluted": 0.95,
    "weightedAverageShsOut": 2049095890,
    "weightedAverageShsOutDil": 2060317460,
    "link": "https://www.sec.gov/Archives/edgar/data/764180/000095012305003146/0000950123-05-003146-index.htm",
    "finalLink": "https://www.sec.gov/Archives/edgar/data/764180/000095012305003146/y06457e10vk.htm"
  },
  {
    "date": "2004-09-30",
    "symbol": "MO",
    "reportedCurrency": "USD",
    "cik": "0000764180",
    "fillingDate": "2004-11-05",
    "acceptedDate": "2004-11-05 16:47:29",
    "calendarYear": "2004",
    "period": "Q3",
    "revenue": 15864000000,
    "costOfRevenue": 8347000000,
    "grossProfit": 7517000000,
    "grossProfitRatio": 0.4738401412,
    "researchAndDevelopmentExpenses": 0,
    "generalAndAdministrativeExpenses": 0,
    "sellingAndMarketingExpenses": 0,
    "sellingGeneralAndAdministrativeExpenses": 3302000000,
    "otherExpenses": 78000000,
    "operatingExpenses": 3380000000,
    "costAndExpenses": 11727000000,
    "interestIncome": 0,
    "interestExpense": 0,
    "depreciationAndAmortization": 397000000,
    "ebitda": 4534000000,
    "ebitdaratio": 0.2858043369,
    "operatingIncome": 4137000000,
    "operatingIncomeRatio": 0.2607791225,
    "totalOtherIncomeExpensesNet": -288000000,
    "incomeBeforeTax": 3849000000,
    "incomeBeforeTaxRatio": 0.2426248109,
    "incomeTaxExpense": 1287000000,
    "netIncome": 2648000000,
    "netIncomeRatio": 0.1669188099,
    "eps": 1.29,
    "epsdiluted": 1.29,
    "weightedAverageShsOut": 2052713178,
    "weightedAverageShsOutDil": 2052713178,
    "link": "https://www.sec.gov/Archives/edgar/data/764180/000119312504187957/0001193125-04-187957-index.htm",
    "finalLink": "https://www.sec.gov/Archives/edgar/data/764180/000119312504187957/d10q.htm"
  },
  {
    "date": "2004-06-30",
    "symbol": "MO",
    "reportedCurrency": "USD",
    "cik": "0000764180",
    "fillingDate": "2004-08-06",
    "acceptedDate": "2004-08-06 15:33:56",
    "calendarYear": "2004",
    "period": "Q2",
    "revenue": 16331000000,
    "costOfRevenue": 8570000000,
    "grossProfit": 7761000000,
    "grossProfitRatio": 0.4752311555,
    "researchAndDevelopmentExpenses": 0,
    "generalAndAdministrativeExpenses": 0,
    "sellingAndMarketingExpenses": 0,
    "sellingGeneralAndAdministrativeExpenses": 3453000000,
    "otherExpenses": 425000000,
    "operatingExpenses": 3878000000,
    "costAndExpenses": 12448000000,
    "interestIncome": 0,
    "interestExpense": 0,
    "depreciationAndAmortization": 388000000,
    "ebitda": 4281000000,
    "ebitdaratio": 0.2621394893,
    "operatingIncome": 3883000000,
    "operatingIncomeRatio": 0.2377686608,
    "totalOtherIncomeExpensesNet": -297000000,
    "incomeBeforeTax": 3586000000,
    "incomeBeforeTaxRatio": 0.2195823893,
    "incomeTaxExpense": 952000000,
    "netIncome": 2627000000,
    "netIncomeRatio": 0.1608597147,
    "eps": 1.28,
    "epsdiluted": 1.27,
    "weightedAverageShsOut": 2052343750,
    "weightedAverageShsOutDil": 2068503937,
    "link": "https://www.sec.gov/Archives/edgar/data/764180/000119312504134253/0001193125-04-134253-index.htm",
    "finalLink": "https://www.sec.gov/Archives/edgar/data/764180/000119312504134253/d10q.htm"
  },
  {
    "date": "2004-03-31",
    "symbol": "MO",
    "reportedCurrency": "USD",
    "cik": "0000764180",
    "fillingDate": "2004-05-10",
    "acceptedDate": "2004-05-10 14:59:05",
    "calendarYear": "2004",
    "period": "Q1",
    "revenue": 15404000000,
    "costOfRevenue": 8012000000,
    "grossProfit": 7392000000,
    "grossProfitRatio": 0.4798753571,
    "researchAndDevelopmentExpenses": 0,
    "generalAndAdministrativeExpenses": 0,
    "sellingAndMarketingExpenses": 0,
    "sellingGeneralAndAdministrativeExpenses": 3368000000,
    "otherExpenses": 312000000,
    "operatingExpenses": 3680000000,
    "costAndExpenses": 11692000000,
    "interestIncome": 0,
    "interestExpense": 0,
    "depreciationAndAmortization": 384000000,
    "ebitda": 4096000000,
    "ebitdaratio": 0.2659049598,
    "operatingIncome": 3712000000,
    "operatingIncomeRatio": 0.2409763698,
    "totalOtherIncomeExpensesNet": -300000000,
    "incomeBeforeTax": 3412000000,
    "incomeBeforeTaxRatio": 0.2215009089,
    "incomeTaxExpense": 1180000000,
    "netIncome": 2194000000,
    "netIncomeRatio": 0.1424305375,
    "eps": 1.07,
    "epsdiluted": 1.07,
    "weightedAverageShsOut": 2050467290,
    "weightedAverageShsOutDil": 2050467290,
    "link": "https://www.sec.gov/Archives/edgar/data/764180/000095011704001801/0000950117-04-001801-index.htm",
    "finalLink": "https://www.sec.gov/Archives/edgar/data/764180/000095011704001801/a37552.htm"
  },
  {
    "date": "2003-12-31",
    "symbol": "MO",
    "reportedCurrency": "USD",
    "cik": "0000764180",
    "fillingDate": "2004-03-12",
    "acceptedDate": "2004-03-12 17:07:29",
    "calendarYear": "2003",
    "period": "Q4",
    "revenue": 15431000000,
    "costOfRevenue": 8414000000,
    "grossProfit": 7017000000,
    "grossProfitRatio": 0.4547339771,
    "researchAndDevelopmentExpenses": 0,
    "generalAndAdministrativeExpenses": 0,
    "sellingAndMarketingExpenses": 0,
    "sellingGeneralAndAdministrativeExpenses": 2509000000,
    "otherExpenses": 876000000,
    "operatingExpenses": 3385000000,
    "costAndExpenses": 11799000000,
    "interestIncome": 0,
    "interestExpense": 0,
    "depreciationAndAmortization": 390000000,
    "ebitda": 4022000000,
    "ebitdaratio": 0.2606441579,
    "operatingIncome": 3632000000,
    "operatingIncomeRatio": 0.2353703584,
    "totalOtherIncomeExpensesNet": -303000000,
    "incomeBeforeTax": 3329000000,
    "incomeBeforeTaxRatio": 0.2157345603,
    "incomeTaxExpense": 1155000000,
    "netIncome": 2091000000,
    "netIncomeRatio": 0.1355064481,
    "eps": 1.02,
    "epsdiluted": 1.02,
    "weightedAverageShsOut": 2032512821,
    "weightedAverageShsOutDil": 2050467290,
    "link": "https://www.sec.gov/Archives/edgar/data/764180/000119312504040664/0001193125-04-040664-index.htm",
    "finalLink": "https://www.sec.gov/Archives/edgar/data/764180/000119312504040664/d10k.htm"
  },
  {
    "date": "2003-09-30",
    "symbol": "MO",
    "reportedCurrency": "USD",
    "cik": "0000764180",
    "fillingDate": "2003-11-13",
    "acceptedDate": "2003-11-13 17:06:48",
    "calendarYear": "2003",
    "period": "Q3",
    "revenue": 15302000000,
    "costOfRevenue": 7900000000,
    "grossProfit": 7402000000,
    "grossProfitRatio": 0.4837276173,
    "researchAndDevelopmentExpenses": 0,
    "generalAndAdministrativeExpenses": 0,
    "sellingAndMarketingExpenses": 0,
    "sellingGeneralAndAdministrativeExpenses": 3167000000,
    "otherExpenses": 12000000,
    "operatingExpenses": 3179000000,
    "costAndExpenses": 11079000000,
    "interestIncome": 0,
    "interestExpense": 0,
    "depreciationAndAmortization": 370000000,
    "ebitda": 4593000000,
    "ebitdaratio": 0.3001568422,
    "operatingIncome": 4223000000,
    "operatingIncomeRatio": 0.2759769965,
    "totalOtherIncomeExpensesNet": -301000000,
    "incomeBeforeTax": 3922000000,
    "incomeBeforeTaxRatio": 0.2563063652,
    "incomeTaxExpense": 1353000000,
    "netIncome": 2490000000,
    "netIncomeRatio": 0.162723827,
    "eps": 1.23,
    "epsdiluted": 1.22,
    "weightedAverageShsOut": 2024390244,
    "weightedAverageShsOutDil": 2040983607,
    "link": "https://www.sec.gov/Archives/edgar/data/764180/000095011703004839/0000950117-03-004839-index.htm",
    "finalLink": "https://www.sec.gov/Archives/edgar/data/764180/000095011703004839/a36456.htm"
  },
  {
    "date": "2003-06-30",
    "symbol": "MO",
    "reportedCurrency": "USD",
    "cik": "0000764180",
    "fillingDate": "2003-08-13",
    "acceptedDate": "2003-08-13 17:20:56",
    "calendarYear": "2003",
    "period": "Q2",
    "revenue": 15487000000,
    "costOfRevenue": 7991000000,
    "grossProfit": 7496000000,
    "grossProfitRatio": 0.4840188545,
    "researchAndDevelopmentExpenses": 0,
    "generalAndAdministrativeExpenses": 0,
    "sellingAndMarketingExpenses": 0,
    "sellingGeneralAndAdministrativeExpenses": 3111000000,
    "otherExpenses": 194000000,
    "operatingExpenses": 3305000000,
    "costAndExpenses": 11296000000,
    "interestIncome": 0,
    "interestExpense": 0,
    "depreciationAndAmortization": 339000000,
    "ebitda": 4530000000,
    "ebitdaratio": 0.2925033899,
    "operatingIncome": 4191000000,
    "operatingIncomeRatio": 0.2706140634,
    "totalOtherIncomeExpensesNet": -263000000,
    "incomeBeforeTax": 3928000000,
    "incomeBeforeTaxRatio": 0.2536320785,
    "incomeTaxExpense": 1382000000,
    "netIncome": 2437000000,
    "netIncomeRatio": 0.1573577839,
    "eps": 1.2,
    "epsdiluted": 1.2,
    "weightedAverageShsOut": 2030833333,
    "weightedAverageShsOutDil": 2030833333,
    "link": "https://www.sec.gov/Archives/edgar/data/764180/000095011703003580/0000950117-03-003580-index.htm",
    "finalLink": "https://www.sec.gov/Archives/edgar/data/764180/000095011703003580/a35918.htm"
  },
  {
    "date": "2003-03-31",
    "symbol": "MO",
    "reportedCurrency": "USD",
    "cik": "0000764180",
    "fillingDate": "2003-05-15",
    "acceptedDate": "2003-05-15 15:24:39",
    "calendarYear": "2003",
    "period": "Q1",
    "revenue": 14484000000,
    "costOfRevenue": 7565000000,
    "grossProfit": 6919000000,
    "grossProfitRatio": 0.4776995305,
    "researchAndDevelopmentExpenses": 0,
    "generalAndAdministrativeExpenses": 0,
    "sellingAndMarketingExpenses": 0,
    "sellingGeneralAndAdministrativeExpenses": 3053000000,
    "otherExpenses": 2000000,
    "operatingExpenses": 3055000000,
    "costAndExpenses": 10620000000,
    "interestIncome": 0,
    "interestExpense": 0,
    "depreciationAndAmortization": 341000000,
    "ebitda": 4205000000,
    "ebitdaratio": 0.2903203535,
    "operatingIncome": 3864000000,
    "operatingIncomeRatio": 0.2667771334,
    "totalOtherIncomeExpensesNet": -283000000,
    "incomeBeforeTax": 3581000000,
    "incomeBeforeTaxRatio": 0.247238332,
    "incomeTaxExpense": 1261000000,
    "netIncome": 2186000000,
    "netIncomeRatio": 0.1509251588,
    "eps": 1.08,
    "epsdiluted": 1.07,
    "weightedAverageShsOut": 2024074074,
    "weightedAverageShsOutDil": 2042990654,
    "link": "https://www.sec.gov/Archives/edgar/data/764180/000119312503005680/0001193125-03-005680-index.htm",
    "finalLink": "https://www.sec.gov/Archives/edgar/data/764180/000119312503005680/d10q.htm"
  },
  {
    "date": "2002-12-31",
    "symbol": "MO",
    "reportedCurrency": "USD",
    "cik": "0000764180",
    "fillingDate": "2003-03-27",
    "acceptedDate": "2003-03-27 17:27:26",
    "calendarYear": "2002",
    "period": "Q4",
    "revenue": 14464000000,
    "costOfRevenue": 8041000000,
    "grossProfit": 6423000000,
    "grossProfitRatio": 0.444068031,
    "researchAndDevelopmentExpenses": 0,
    "generalAndAdministrativeExpenses": 0,
    "sellingAndMarketingExpenses": 0,
    "sellingGeneralAndAdministrativeExpenses": 2632000000,
    "otherExpenses": 546000000,
    "operatingExpenses": 3178000000,
    "costAndExpenses": 11219000000,
    "interestIncome": 0,
    "interestExpense": 0,
    "depreciationAndAmortization": 355000000,
    "ebitda": 3600000000,
    "ebitdaratio": 0.2488938053,
    "operatingIncome": 3245000000,
    "operatingIncomeRatio": 0.2243501106,
    "totalOtherIncomeExpensesNet": -275000000,
    "incomeBeforeTax": 2970000000,
    "incomeBeforeTaxRatio": 0.2053373894,
    "incomeTaxExpense": 1054000000,
    "netIncome": 1768000000,
    "netIncomeRatio": 0.1222345133,
    "eps": 0.87,
    "epsdiluted": 0.87,
    "weightedAverageShsOut": 2024074074,
    "weightedAverageShsOutDil": 2024074074,
    "link": "https://www.sec.gov/Archives/edgar/data/764180/000095011703001167/0000950117-03-001167-index.htm",
    "finalLink": "https://www.sec.gov/Archives/edgar/data/764180/000095011703001167/a34781.htm"
  },
  {
    "date": "2002-09-30",
    "symbol": "MO",
    "reportedCurrency": "USD",
    "cik": "0000764180",
    "fillingDate": "2002-11-13",
    "acceptedDate": "2002-11-13 16:31:22",
    "calendarYear": "2002",
    "period": "Q3",
    "revenue": 15238000000,
    "costOfRevenue": 7674000000,
    "grossProfit": 7564000000,
    "grossProfitRatio": 0.4963906024,
    "researchAndDevelopmentExpenses": 0,
    "generalAndAdministrativeExpenses": 0,
    "sellingAndMarketingExpenses": 0,
    "sellingGeneralAndAdministrativeExpenses": 3005000000,
    "otherExpenses": 1000000,
    "operatingExpenses": 3006000000,
    "costAndExpenses": 10680000000,
    "interestIncome": 0,
    "interestExpense": 0,
    "depreciationAndAmortization": 312000000,
    "ebitda": 4870000000,
    "ebitdaratio": 0.3195957475,
    "operatingIncome": 4558000000,
    "operatingIncomeRatio": 0.2991206195,
    "totalOtherIncomeExpensesNet": 2374000000,
    "incomeBeforeTax": 6932000000,
    "incomeBeforeTaxRatio": 0.4549153432,
    "incomeTaxExpense": 2461000000,
    "netIncome": 4359000000,
    "netIncomeRatio": 0.2860611629,
    "eps": 2.07,
    "epsdiluted": 2.06,
    "weightedAverageShsOut": 2105797101,
    "weightedAverageShsOutDil": 2116019417,
    "link": "https://www.sec.gov/Archives/edgar/data/764180/000095011702002681/0000950117-02-002681-index.htm",
    "finalLink": "https://www.sec.gov/Archives/edgar/data/764180/000095011702002681/a33686.txt"
  },
  {
    "date": "2002-06-30",
    "symbol": "MO",
    "reportedCurrency": "USD",
    "cik": "0000764180",
    "fillingDate": "2002-08-13",
    "acceptedDate": "2002-08-13 16:17:11",
    "calendarYear": "2002",
    "period": "Q2",
    "revenue": 16520000000,
    "costOfRevenue": 8501000000,
    "grossProfit": 8019000000,
    "grossProfitRatio": 0.4854116223,
    "researchAndDevelopmentExpenses": 0,
    "generalAndAdministrativeExpenses": 0,
    "sellingAndMarketingExpenses": 0,
    "sellingGeneralAndAdministrativeExpenses": 3276000000,
    "otherExpenses": 116000000,
    "operatingExpenses": 3392000000,
    "costAndExpenses": 11893000000,
    "interestIncome": 0,
    "interestExpense": 0,
    "depreciationAndAmortization": 330000000,
    "ebitda": 4957000000,
    "ebitdaratio": 0.3000605327,
    "operatingIncome": 4627000000,
    "operatingIncomeRatio": 0.2800847458,
    "totalOtherIncomeExpensesNet": -309000000,
    "incomeBeforeTax": 4318000000,
    "incomeBeforeTaxRatio": 0.2613801453,
    "incomeTaxExpense": 1533000000,
    "netIncome": 2610000000,
    "netIncomeRatio": 0.1579903148,
    "eps": 1.22,
    "epsdiluted": 1.21,
    "weightedAverageShsOut": 2135000000,
    "weightedAverageShsOutDil": 2159000000,
    "link": "https://www.sec.gov/Archives/edgar/data/764180/000095011702001872/0000950117-02-001872-index.htm",
    "finalLink": "https://www.sec.gov/Archives/edgar/data/764180/000095011702001872/a33117.txt"
  },
  {
    "date": "2002-03-31",
    "symbol": "MO",
    "reportedCurrency": "USD",
    "cik": "0000764180",
    "fillingDate": "2002-05-13",
    "acceptedDate": "2002-05-13 16:59:00",
    "calendarYear": "2002",
    "period": "Q1",
    "revenue": 15960000000,
    "costOfRevenue": 8532000000,
    "grossProfit": 7428000000,
    "grossProfitRatio": 0.4654135338,
    "researchAndDevelopmentExpenses": 0,
    "generalAndAdministrativeExpenses": 0,
    "sellingAndMarketingExpenses": 0,
    "sellingGeneralAndAdministrativeExpenses": 3255000000,
    "otherExpenses": 2000000,
    "operatingExpenses": 3257000000,
    "costAndExpenses": 11789000000,
    "interestIncome": 0,
    "interestExpense": 0,
    "depreciationAndAmortization": 334000000,
    "ebitda": 4505000000,
    "ebitdaratio": 0.2822681704,
    "operatingIncome": 4171000000,
    "operatingIncomeRatio": 0.2613408521,
    "totalOtherIncomeExpensesNet": -293000000,
    "incomeBeforeTax": 3878000000,
    "incomeBeforeTaxRatio": 0.2429824561,
    "incomeTaxExpense": 1376000000,
    "netIncome": 2365000000,
    "netIncomeRatio": 0.1481829574,
    "eps": 1.1,
    "epsdiluted": 1.09,
    "weightedAverageShsOut": 2150000000,
    "weightedAverageShsOutDil": 2169724771,
    "link": "https://www.sec.gov/Archives/edgar/data/764180/000095011702001185/0000950117-02-001185-index.htm",
    "finalLink": "https://www.sec.gov/Archives/edgar/data/764180/000095011702001185/a32647.txt"
  },
  {
    "date": "2001-12-31",
    "symbol": "MO",
    "reportedCurrency": "USD",
    "cik": "0000764180",
    "fillingDate": "2002-03-19",
    "acceptedDate": "2002-03-19 00:00:00",
    "calendarYear": "2001",
    "period": "Q4",
    "revenue": 17982000000,
    "costOfRevenue": 8304000000,
    "grossProfit": 9678000000,
    "grossProfitRatio": 0.5382048715,
    "researchAndDevelopmentExpenses": 0,
    "generalAndAdministrativeExpenses": 0,
    "sellingAndMarketingExpenses": 0,
    "sellingGeneralAndAdministrativeExpenses": 5498000000,
    "otherExpenses": 256000000,
    "operatingExpenses": 5754000000,
    "costAndExpenses": 14058000000,
    "interestIncome": 0,
    "interestExpense": 0,
    "depreciationAndAmortization": 613000000,
    "ebitda": 4537000000,
    "ebitdaratio": 0.2523078634,
    "operatingIncome": 3924000000,
    "operatingIncomeRatio": 0.2182182182,
    "totalOtherIncomeExpensesNet": -253000000,
    "incomeBeforeTax": 3671000000,
    "incomeBeforeTaxRatio": 0.204148593,
    "incomeTaxExpense": 1389000000,
    "netIncome": 2164000000,
    "netIncomeRatio": 0.1203425648,
    "eps": 1.01,
    "epsdiluted": 1.01,
    "weightedAverageShsOut": 2150000000,
    "weightedAverageShsOutDil": 2150000000,
    "link": "https://www.sec.gov/Archives/edgar/data/764180/000095012302002676/0000950123-02-002676-index.htm",
    "finalLink": "https://www.sec.gov/Archives/edgar/data/764180/000095012302002676/y58476e10-k405.txt"
  },
  {
    "date": "2001-09-30",
    "symbol": "MO",
    "reportedCurrency": "USD",
    "cik": "0000764180",
    "fillingDate": "2001-11-13",
    "acceptedDate": "2001-11-13 00:00:00",
    "calendarYear": "2001",
    "period": "Q3",
    "revenue": 15899000000,
    "costOfRevenue": 8299000000,
    "grossProfit": 7600000000,
    "grossProfitRatio": 0.4780174854,
    "researchAndDevelopmentExpenses": 0,
    "generalAndAdministrativeExpenses": 0,
    "sellingAndMarketingExpenses": 0,
    "sellingGeneralAndAdministrativeExpenses": 3141000000,
    "otherExpenses": 252000000,
    "operatingExpenses": 3393000000,
    "costAndExpenses": 11692000000,
    "interestIncome": 0,
    "interestExpense": 0,
    "depreciationAndAmortization": 561000000,
    "ebitda": 4768000000,
    "ebitdaratio": 0.299893075,
    "operatingIncome": 4207000000,
    "operatingIncomeRatio": 0.264607837,
    "totalOtherIncomeExpensesNet": -276000000,
    "incomeBeforeTax": 3931000000,
    "incomeBeforeTaxRatio": 0.2472482546,
    "incomeTaxExpense": 1492000000,
    "netIncome": 2328000000,
    "netIncomeRatio": 0.1464243034,
    "eps": 1.07,
    "epsdiluted": 1.06,
    "weightedAverageShsOut": 2175000000,
    "weightedAverageShsOutDil": 2202000000,
    "link": "https://www.sec.gov/Archives/edgar/data/764180/000095011701501582/0000950117-01-501582-index.htm",
    "finalLink": "https://www.sec.gov/Archives/edgar/data/764180/000095011701501582/a31590.txt"
  },
  {
    "date": "2001-06-30",
    "symbol": "MO",
    "reportedCurrency": "USD",
    "cik": "0000764180",
    "fillingDate": "2001-08-14",
    "acceptedDate": "2001-08-14 00:00:00",
    "calendarYear": "2001",
    "period": "Q2",
    "revenue": 16412000000,
    "costOfRevenue": 8761000000,
    "grossProfit": 7651000000,
    "grossProfitRatio": 0.4661832805,
    "researchAndDevelopmentExpenses": 0,
    "generalAndAdministrativeExpenses": 0,
    "sellingAndMarketingExpenses": 0,
    "sellingGeneralAndAdministrativeExpenses": 3194000000,
    "otherExpenses": 253000000,
    "operatingExpenses": 3447000000,
    "costAndExpenses": 12208000000,
    "interestIncome": 0,
    "interestExpense": 0,
    "depreciationAndAmortization": 575000000,
    "ebitda": 4779000000,
    "ebitdaratio": 0.2911893736,
    "operatingIncome": 4204000000,
    "operatingIncomeRatio": 0.2561540336,
    "totalOtherIncomeExpensesNet": -438000000,
    "incomeBeforeTax": 3766000000,
    "incomeBeforeTaxRatio": 0.2294662442,
    "incomeTaxExpense": 1431000000,
    "netIncome": 2288000000,
    "netIncomeRatio": 0.1394101877,
    "eps": 1.04,
    "epsdiluted": 1.03,
    "weightedAverageShsOut": 2191000000,
    "weightedAverageShsOutDil": 2221000000,
    "link": "https://www.sec.gov/Archives/edgar/data/764180/000095011701500957/0000950117-01-500957-index.htm",
    "finalLink": "https://www.sec.gov/Archives/edgar/data/764180/000095011701500957/a31143.txt"
  },
  {
    "date": "2001-03-31",
    "symbol": "MO",
    "reportedCurrency": "USD",
    "cik": "0000764180",
    "fillingDate": "2001-05-11",
    "acceptedDate": "2001-05-11 00:00:00",
    "calendarYear": "2001",
    "period": "Q1",
    "revenue": 15526000000,
    "costOfRevenue": 8370000000,
    "grossProfit": 7156000000,
    "grossProfitRatio": 0.4609042896,
    "researchAndDevelopmentExpenses": 0,
    "generalAndAdministrativeExpenses": 0,
    "sellingAndMarketingExpenses": 0,
    "sellingGeneralAndAdministrativeExpenses": 3536000000,
    "otherExpenses": 253000000,
    "operatingExpenses": 3789000000,
    "costAndExpenses": 12159000000,
    "interestIncome": 0,
    "interestExpense": 0,
    "depreciationAndAmortization": 588000000,
    "ebitda": 3955000000,
    "ebitdaratio": 0.2547339946,
    "operatingIncome": 3367000000,
    "operatingIncomeRatio": 0.2168620379,
    "totalOtherIncomeExpensesNet": -451000000,
    "incomeBeforeTax": 2916000000,
    "incomeBeforeTaxRatio": 0.1878139894,
    "incomeTaxExpense": 1095000000,
    "netIncome": 1780000000,
    "netIncomeRatio": 0.1146463996,
    "eps": 0.81,
    "epsdiluted": 0.8,
    "weightedAverageShsOut": 2201000000,
    "weightedAverageShsOutDil": 2229000000,
    "link": "https://www.sec.gov/Archives/edgar/data/764180/000095012301502272/0000950123-01-502272-index.htm",
    "finalLink": "https://www.sec.gov/Archives/edgar/data/764180/000095012301502272/y48912e10-q.txt"
  },
  {
    "date": "2000-12-31",
    "symbol": "MO",
    "reportedCurrency": "USD",
    "cik": "0000764180",
    "fillingDate": "2001-03-29",
    "acceptedDate": "2001-03-29 00:00:00",
    "calendarYear": "2000",
    "period": "Q4",
    "revenue": 15506000000,
    "costOfRevenue": 6768000000,
    "grossProfit": 8738000000,
    "grossProfitRatio": 0.5635237972,
    "researchAndDevelopmentExpenses": 0,
    "generalAndAdministrativeExpenses": 0,
    "sellingAndMarketingExpenses": 0,
    "sellingGeneralAndAdministrativeExpenses": 4815000000,
    "otherExpenses": 438000000,
    "operatingExpenses": 5253000000,
    "costAndExpenses": 12021000000,
    "interestIncome": 0,
    "interestExpense": 0,
    "depreciationAndAmortization": 438000000,
    "ebitda": 3923000000,
    "ebitdaratio": 0.2529988392,
    "operatingIncome": 3485000000,
    "operatingIncomeRatio": 0.224751709,
    "totalOtherIncomeExpensesNet": -183000000,
    "incomeBeforeTax": 3302000000,
    "incomeBeforeTaxRatio": 0.2129498259,
    "incomeTaxExpense": 1291000000,
    "netIncome": 2011000000,
    "netIncomeRatio": 0.1296917322,
    "eps": 0.92,
    "epsdiluted": 0.92,
    "weightedAverageShsOut": 2197530864,
    "weightedAverageShsOutDil": 2197530864,
    "link": "https://www.sec.gov/Archives/edgar/data/764180/000095011701000619/0000950117-01-000619-index.htm",
    "finalLink": "https://www.sec.gov/Archives/edgar/data/764180/000095011701000619/0000950117-01-000619-0001.txt"
  },
  {
    "date": "2000-09-30",
    "symbol": "MO",
    "reportedCurrency": "USD",
    "cik": "0000764180",
    "fillingDate": "2000-11-14",
    "acceptedDate": "2000-11-14 00:00:00",
    "calendarYear": "2000",
    "period": "Q3",
    "revenue": 15757000000,
    "costOfRevenue": 7002000000,
    "grossProfit": 8755000000,
    "grossProfitRatio": 0.555626071,
    "researchAndDevelopmentExpenses": 0,
    "generalAndAdministrativeExpenses": 0,
    "sellingAndMarketingExpenses": 0,
    "sellingGeneralAndAdministrativeExpenses": 4373000000,
    "otherExpenses": 418000000,
    "operatingExpenses": 4791000000,
    "costAndExpenses": 11793000000,
    "interestIncome": 0,
    "interestExpense": 0,
    "depreciationAndAmortization": 418000000,
    "ebitda": 4382000000,
    "ebitdaratio": 0.2780986228,
    "operatingIncome": 3964000000,
    "operatingIncomeRatio": 0.2515707305,
    "totalOtherIncomeExpensesNet": -158000000,
    "incomeBeforeTax": 3806000000,
    "incomeBeforeTaxRatio": 0.241543441,
    "incomeTaxExpense": 1487000000,
    "netIncome": 2319000000,
    "netIncomeRatio": 0.1471726852,
    "eps": 1.04,
    "epsdiluted": 1.03,
    "weightedAverageShsOut": 2229807692,
    "weightedAverageShsOutDil": 2251456311,
    "link": "https://www.sec.gov/Archives/edgar/data/764180/000100547700007784/0001005477-00-007784-index.htm",
    "finalLink": "https://www.sec.gov/Archives/edgar/data/764180/000100547700007784/0001005477-00-007784-0001.txt"
  },
  {
    "date": "2000-06-30",
    "symbol": "MO",
    "reportedCurrency": "USD",
    "cik": "0000764180",
    "fillingDate": "2000-08-10",
    "acceptedDate": "2000-08-10 00:00:00",
    "calendarYear": "2000",
    "period": "Q2",
    "revenue": 16423000000,
    "costOfRevenue": 7231000000,
    "grossProfit": 9192000000,
    "grossProfitRatio": 0.5597028558,
    "researchAndDevelopmentExpenses": 0,
    "generalAndAdministrativeExpenses": 0,
    "sellingAndMarketingExpenses": 0,
    "sellingGeneralAndAdministrativeExpenses": 5007000000,
    "otherExpenses": 433000000,
    "operatingExpenses": 5440000000,
    "costAndExpenses": 12671000000,
    "interestIncome": 0,
    "interestExpense": 0,
    "depreciationAndAmortization": 433000000,
    "ebitda": 4185000000,
    "ebitdaratio": 0.2548255495,
    "operatingIncome": 3752000000,
    "operatingIncomeRatio": 0.2284600865,
    "totalOtherIncomeExpensesNet": -193000000,
    "incomeBeforeTax": 3559000000,
    "incomeBeforeTaxRatio": 0.216708275,
    "incomeTaxExpense": 1388000000,
    "netIncome": 2171000000,
    "netIncomeRatio": 0.1321926566,
    "eps": 0.96,
    "epsdiluted": 0.95,
    "weightedAverageShsOut": 2261458333,
    "weightedAverageShsOutDil": 2285263158,
    "link": "https://www.sec.gov/Archives/edgar/data/764180/000100547700005644/0001005477-00-005644-index.htm",
    "finalLink": "https://www.sec.gov/Archives/edgar/data/764180/000100547700005644/0001005477-00-005644-0001.txt"
  },
  {
    "date": "2000-03-31",
    "symbol": "MO",
    "reportedCurrency": "USD",
    "cik": "0000764180",
    "fillingDate": "2000-05-12",
    "acceptedDate": "2000-05-12 00:00:00",
    "calendarYear": "2000",
    "period": "Q1",
    "revenue": 15590000000,
    "costOfRevenue": 7021000000,
    "grossProfit": 8569000000,
    "grossProfitRatio": 0.5496472097,
    "researchAndDevelopmentExpenses": 0,
    "generalAndAdministrativeExpenses": 0,
    "sellingAndMarketingExpenses": 0,
    "sellingGeneralAndAdministrativeExpenses": 4663000000,
    "otherExpenses": 428000000,
    "operatingExpenses": 5091000000,
    "costAndExpenses": 12112000000,
    "interestIncome": 0,
    "interestExpense": 0,
    "depreciationAndAmortization": 428000000,
    "ebitda": 3906000000,
    "ebitdaratio": 0.2505452213,
    "operatingIncome": 3478000000,
    "operatingIncomeRatio": 0.2230917255,
    "totalOtherIncomeExpensesNet": -185000000,
    "incomeBeforeTax": 3293000000,
    "incomeBeforeTaxRatio": 0.2112251443,
    "incomeTaxExpense": 1284000000,
    "netIncome": 2009000000,
    "netIncomeRatio": 0.1288646568,
    "eps": 0.87,
    "epsdiluted": 0.87,
    "weightedAverageShsOut": 2309195402,
    "weightedAverageShsOutDil": 2309195402,
    "link": "https://www.sec.gov/Archives/edgar/data/764180/000100547700003944/0001005477-00-003944-index.html",
    "finalLink": "https://www.sec.gov/Archives/edgar/data/764180/000100547700003944/"
  },
  {
    "date": "1999-12-31",
    "symbol": "MO",
    "reportedCurrency": "USD",
    "cik": "0000764180",
    "fillingDate": "2000-03-02",
    "acceptedDate": "2000-03-02 00:00:00",
    "calendarYear": "1999",
    "period": "Q4",
    "revenue": 15558000000,
    "costOfRevenue": 7063000000,
    "grossProfit": 8495000000,
    "grossProfitRatio": 0.5460213395,
    "researchAndDevelopmentExpenses": 0,
    "generalAndAdministrativeExpenses": 0,
    "sellingAndMarketingExpenses": 0,
    "sellingGeneralAndAdministrativeExpenses": 4811000000,
    "otherExpenses": 448000000,
    "operatingExpenses": 5259000000,
    "costAndExpenses": 12322000000,
    "interestIncome": 0,
    "interestExpense": 0,
    "depreciationAndAmortization": 448000000,
    "ebitda": 3684000000,
    "ebitdaratio": 0.2367913614,
    "operatingIncome": 3236000000,
    "operatingIncomeRatio": 0.2079958864,
    "totalOtherIncomeExpensesNet": -168000000,
    "incomeBeforeTax": 3068000000,
    "incomeBeforeTaxRatio": 0.1971975832,
    "incomeTaxExpense": 1211000000,
    "netIncome": 1857000000,
    "netIncomeRatio": 0.1193598149,
    "eps": 0.8,
    "epsdiluted": 0.8,
    "weightedAverageShsOut": 2309195402,
    "weightedAverageShsOutDil": 2309195402,
    "link": "https://www.sec.gov/Archives/edgar/data/764180/000091205700009516/0000912057-00-009516-index.html",
    "finalLink": "https://www.sec.gov/Archives/edgar/data/764180/000091205700009516/"
  },
  {
    "date": "1999-09-30",
    "symbol": "MO",
    "reportedCurrency": "USD",
    "cik": "0000764180",
    "fillingDate": "1999-11-12",
    "acceptedDate": "1999-11-12 00:00:00",
    "calendarYear": "1999",
    "period": "Q3",
    "revenue": 15492000000,
    "costOfRevenue": 7163000000,
    "grossProfit": 8329000000,
    "grossProfitRatio": 0.5376323264,
    "researchAndDevelopmentExpenses": 0,
    "generalAndAdministrativeExpenses": 0,
    "sellingAndMarketingExpenses": 0,
    "sellingGeneralAndAdministrativeExpenses": 4383000000,
    "otherExpenses": 430000000,
    "operatingExpenses": 4813000000,
    "costAndExpenses": 11976000000,
    "interestIncome": 0,
    "interestExpense": 0,
    "depreciationAndAmortization": 430000000,
    "ebitda": 3946000000,
    "ebitdaratio": 0.2547121095,
    "operatingIncome": 3516000000,
    "operatingIncomeRatio": 0.2269558482,
    "totalOtherIncomeExpensesNet": -199000000,
    "incomeBeforeTax": 3317000000,
    "incomeBeforeTaxRatio": 0.2141105086,
    "incomeTaxExpense": 1316000000,
    "netIncome": 2001000000,
    "netIncomeRatio": 0.1291634392,
    "eps": 0.84,
    "epsdiluted": 0.84,
    "weightedAverageShsOut": 2386000000,
    "weightedAverageShsOutDil": 2396000000,
    "link": "https://www.sec.gov/Archives/edgar/data/764180/000100547799005219/0001005477-99-005219-index.html",
    "finalLink": "https://www.sec.gov/Archives/edgar/data/764180/000100547799005219/"
  },
  {
    "date": "1999-06-30",
    "symbol": "MO",
    "reportedCurrency": "USD",
    "cik": "0000764180",
    "fillingDate": "1999-08-13",
    "acceptedDate": "1999-08-13 00:00:00",
    "calendarYear": "1999",
    "period": "Q2",
    "revenue": 15567000000,
    "costOfRevenue": 7211000000,
    "grossProfit": 8356000000,
    "grossProfitRatio": 0.5367765144,
    "researchAndDevelopmentExpenses": 0,
    "generalAndAdministrativeExpenses": 0,
    "sellingAndMarketingExpenses": 0,
    "sellingGeneralAndAdministrativeExpenses": 4358000000,
    "otherExpenses": 421000000,
    "operatingExpenses": 4779000000,
    "costAndExpenses": 11990000000,
    "interestIncome": 0,
    "interestExpense": 0,
    "depreciationAndAmortization": 421000000,
    "ebitda": 3998000000,
    "ebitdaratio": 0.2568253356,
    "operatingIncome": 3577000000,
    "operatingIncomeRatio": 0.2297809469,
    "totalOtherIncomeExpensesNet": -222000000,
    "incomeBeforeTax": 3355000000,
    "incomeBeforeTaxRatio": 0.2155200103,
    "incomeTaxExpense": 1325000000,
    "netIncome": 2030000000,
    "netIncomeRatio": 0.1304040599,
    "eps": 0.84,
    "epsdiluted": 0.84,
    "weightedAverageShsOut": 2406000000,
    "weightedAverageShsOutDil": 2417000000,
    "link": "https://www.sec.gov/Archives/edgar/data/764180/000100547799003629/0001005477-99-003629-index.html",
    "finalLink": "https://www.sec.gov/Archives/edgar/data/764180/000100547799003629/"
  },
  {
    "date": "1999-03-31",
    "symbol": "MO",
    "reportedCurrency": "USD",
    "cik": "0000764180",
    "fillingDate": "1999-05-14",
    "acceptedDate": "1999-05-14 00:00:00",
    "calendarYear": "1999",
    "period": "Q1",
    "revenue": 15134000000,
    "costOfRevenue": 7004000000,
    "grossProfit": 8130000000,
    "grossProfitRatio": 0.5372010044,
    "researchAndDevelopmentExpenses": 0,
    "generalAndAdministrativeExpenses": 0,
    "sellingAndMarketingExpenses": 0,
    "sellingGeneralAndAdministrativeExpenses": 4566000000,
    "otherExpenses": 403000000,
    "operatingExpenses": 4969000000,
    "costAndExpenses": 11973000000,
    "interestIncome": 0,
    "interestExpense": 0,
    "depreciationAndAmortization": 403000000,
    "ebitda": 3564000000,
    "ebitdaratio": 0.2354962336,
    "operatingIncome": 3161000000,
    "operatingIncomeRatio": 0.2088674508,
    "totalOtherIncomeExpensesNet": -206000000,
    "incomeBeforeTax": 2955000000,
    "incomeBeforeTaxRatio": 0.1952557156,
    "incomeTaxExpense": 1168000000,
    "netIncome": 1787000000,
    "netIncomeRatio": 0.1180784987,
    "eps": 0.74,
    "epsdiluted": 0.73,
    "weightedAverageShsOut": 2424000000,
    "weightedAverageShsOutDil": 2439000000,
    "link": "https://www.sec.gov/Archives/edgar/data/764180/000094018099000539/0000940180-99-000539-index.html",
    "finalLink": "https://www.sec.gov/Archives/edgar/data/764180/"
  },
  {
    "date": "1998-12-31",
    "symbol": "MO",
    "reportedCurrency": "USD",
    "cik": "0000764180",
    "fillingDate": "1999-03-18",
    "acceptedDate": "1999-03-18 00:00:00",
    "calendarYear": "1998",
    "period": "Q4",
    "revenue": 14499000000,
    "costOfRevenue": 6453000000,
    "grossProfit": 8046000000,
    "grossProfitRatio": 0.5549348231,
    "researchAndDevelopmentExpenses": 0,
    "generalAndAdministrativeExpenses": 0,
    "sellingAndMarketingExpenses": 0,
    "sellingGeneralAndAdministrativeExpenses": 4611000000,
    "otherExpenses": 399000000,
    "operatingExpenses": 5010000000,
    "costAndExpenses": 11463000000,
    "interestIncome": 0,
    "interestExpense": 0,
    "depreciationAndAmortization": 399000000,
    "ebitda": 3435000000,
    "ebitdaratio": 0.2369128905,
    "operatingIncome": 3036000000,
    "operatingIncomeRatio": 0.2093937513,
    "totalOtherIncomeExpensesNet": -2472000000,
    "incomeBeforeTax": 564000000,
    "incomeBeforeTaxRatio": 0.0388992344,
    "incomeTaxExpense": 290000000,
    "netIncome": 274000000,
    "netIncomeRatio": 0.018897855,
    "eps": 0.11,
    "epsdiluted": 0.11,
    "weightedAverageShsOut": 2424000000,
    "weightedAverageShsOutDil": 2424000000,
    "link": "https://www.sec.gov/Archives/edgar/data/764180/000104746999010218/0001047469-99-010218-index.html",
    "finalLink": "https://www.sec.gov/Archives/edgar/data/764180/"
  },
  {
    "date": "1998-09-30",
    "symbol": "MO",
    "reportedCurrency": "USD",
    "cik": "0000764180",
    "fillingDate": "1998-11-16",
    "acceptedDate": "1998-11-16 00:00:00",
    "calendarYear": "1998",
    "period": "Q3",
    "revenue": 14371000000,
    "costOfRevenue": 6244000000,
    "grossProfit": 8127000000,
    "grossProfitRatio": 0.5655138821,
    "researchAndDevelopmentExpenses": 0,
    "generalAndAdministrativeExpenses": 0,
    "sellingAndMarketingExpenses": 0,
    "sellingGeneralAndAdministrativeExpenses": 4086000000,
    "otherExpenses": 428000000,
    "operatingExpenses": 4514000000,
    "costAndExpenses": 10758000000,
    "interestIncome": 0,
    "interestExpense": 0,
    "depreciationAndAmortization": 428000000,
    "ebitda": 4041000000,
    "ebitdaratio": 0.281191288,
    "operatingIncome": 3613000000,
    "operatingIncomeRatio": 0.2514090877,
    "totalOtherIncomeExpensesNet": -311000000,
    "incomeBeforeTax": 3302000000,
    "incomeBeforeTaxRatio": 0.2297682833,
    "incomeTaxExpense": 1322000000,
    "netIncome": 1980000000,
    "netIncomeRatio": 0.1377774685,
    "eps": 0.81,
    "epsdiluted": 0.81,
    "weightedAverageShsOut": 2430000000,
    "weightedAverageShsOutDil": 2448000000,
    "link": "https://www.sec.gov/Archives/edgar/data/764180/000104746998041122/0001047469-98-041122-index.html",
    "finalLink": "https://www.sec.gov/Archives/edgar/data/764180/"
  },
  {
    "date": "1998-06-30",
    "symbol": "MO",
    "reportedCurrency": "USD",
    "cik": "0000764180",
    "fillingDate": "1998-08-14",
    "acceptedDate": "1998-08-14 00:00:00",
    "calendarYear": "1998",
    "period": "Q2",
    "revenue": 14786000000,
    "costOfRevenue": 6598000000,
    "grossProfit": 8188000000,
    "grossProfitRatio": 0.553767077,
    "researchAndDevelopmentExpenses": 0,
    "generalAndAdministrativeExpenses": 0,
    "sellingAndMarketingExpenses": 0,
    "sellingGeneralAndAdministrativeExpenses": 4420000000,
    "otherExpenses": 429000000,
    "operatingExpenses": 4849000000,
    "costAndExpenses": 11447000000,
    "interestIncome": 0,
    "interestExpense": 0,
    "depreciationAndAmortization": 448000000,
    "ebitda": 3787000000,
    "ebitdaratio": 0.2561206547,
    "operatingIncome": 3339000000,
    "operatingIncomeRatio": 0.2258217233,
    "totalOtherIncomeExpensesNet": -437000000,
    "incomeBeforeTax": 2902000000,
    "incomeBeforeTaxRatio": 0.1962667388,
    "incomeTaxExpense": 1166000000,
    "netIncome": 1736000000,
    "netIncomeRatio": 0.1174083593,
    "eps": 0.72,
    "epsdiluted": 0.71,
    "weightedAverageShsOut": 2428000000,
    "weightedAverageShsOutDil": 2443000000,
    "link": "https://www.sec.gov/Archives/edgar/data/764180/000104746998031299/0001047469-98-031299-index.html",
    "finalLink": "https://www.sec.gov/Archives/edgar/data/764180/"
  },
  {
    "date": "1998-03-31",
    "symbol": "MO",
    "reportedCurrency": "USD",
    "cik": "0000764180",
    "fillingDate": "1998-05-15",
    "acceptedDate": "1998-05-15 00:00:00",
    "calendarYear": "1998",
    "period": "Q1",
    "revenue": 14156000000,
    "costOfRevenue": 6438000000,
    "grossProfit": 7718000000,
    "grossProfitRatio": 0.5452105114,
    "researchAndDevelopmentExpenses": 0,
    "generalAndAdministrativeExpenses": 0,
    "sellingAndMarketingExpenses": 0,
    "sellingGeneralAndAdministrativeExpenses": 3934000000,
    "otherExpenses": 415000000,
    "operatingExpenses": 4349000000,
    "costAndExpenses": 10787000000,
    "interestIncome": 0,
    "interestExpense": 0,
    "depreciationAndAmortization": 415000000,
    "ebitda": 3784000000,
    "ebitdaratio": 0.2673071489,
    "operatingIncome": 3369000000,
    "operatingIncomeRatio": 0.2379909579,
    "totalOtherIncomeExpensesNet": -1050000000,
    "incomeBeforeTax": 2319000000,
    "incomeBeforeTaxRatio": 0.1638174626,
    "incomeTaxExpense": 937000000,
    "netIncome": 1382000000,
    "netIncomeRatio": 0.0976264481,
    "eps": 0.57,
    "epsdiluted": 0.57,
    "weightedAverageShsOut": 2424561404,
    "weightedAverageShsOutDil": 2424561404,
    "link": "https://www.sec.gov/Archives/edgar/data/764180/000104746998020473/0001047469-98-020473-index.html",
    "finalLink": "https://www.sec.gov/Archives/edgar/data/764180/"
  },
  {
    "date": "1997-12-31",
    "symbol": "MO",
    "reportedCurrency": "USD",
    "cik": "0000764180",
    "fillingDate": "1998-03-06",
    "acceptedDate": "1998-03-06 00:00:00",
    "calendarYear": "1997",
    "period": "Q4",
    "revenue": 13740000000,
    "costOfRevenue": 6404000000,
    "grossProfit": 7336000000,
    "grossProfitRatio": 0.533915575,
    "researchAndDevelopmentExpenses": 0,
    "generalAndAdministrativeExpenses": 0,
    "sellingAndMarketingExpenses": 0,
    "sellingGeneralAndAdministrativeExpenses": 3816000000,
    "otherExpenses": 454000000,
    "operatingExpenses": 4270000000,
    "costAndExpenses": 10674000000,
    "interestIncome": 0,
    "interestExpense": 0,
    "depreciationAndAmortization": 454000000,
    "ebitda": 3520000000,
    "ebitdaratio": 0.2561863173,
    "operatingIncome": 3066000000,
    "operatingIncomeRatio": 0.2231441048,
    "totalOtherIncomeExpensesNet": -882000000,
    "incomeBeforeTax": 2184000000,
    "incomeBeforeTaxRatio": 0.1589519651,
    "incomeTaxExpense": 889000000,
    "netIncome": 1295000000,
    "netIncomeRatio": 0.0942503639,
    "eps": 0.53,
    "epsdiluted": 0.53,
    "weightedAverageShsOut": 2411884058,
    "weightedAverageShsOutDil": 2425000000,
    "link": "https://www.sec.gov/Archives/edgar/data/764180/000104746998008784/0001047469-98-008784-index.html",
    "finalLink": "https://www.sec.gov/Archives/edgar/data/764180/"
  },
  {
    "date": "1997-09-30",
    "symbol": "MO",
    "reportedCurrency": "USD",
    "cik": "0000764180",
    "fillingDate": "1997-11-14",
    "acceptedDate": "1997-11-14 00:00:00",
    "calendarYear": "1997",
    "period": "Q3",
    "revenue": 13991000000,
    "costOfRevenue": 6322000000,
    "grossProfit": 7669000000,
    "grossProfitRatio": 0.5481380888,
    "researchAndDevelopmentExpenses": 0,
    "generalAndAdministrativeExpenses": 0,
    "sellingAndMarketingExpenses": 0,
    "sellingGeneralAndAdministrativeExpenses": 3854000000,
    "otherExpenses": 391000000,
    "operatingExpenses": 4245000000,
    "costAndExpenses": 10567000000,
    "interestIncome": 0,
    "interestExpense": 0,
    "depreciationAndAmortization": 391000000,
    "ebitda": 3815000000,
    "ebitdaratio": 0.2726752913,
    "operatingIncome": 3424000000,
    "operatingIncomeRatio": 0.2447287542,
    "totalOtherIncomeExpensesNet": -1061000000,
    "incomeBeforeTax": 2363000000,
    "incomeBeforeTaxRatio": 0.1688942892,
    "incomeTaxExpense": 957000000,
    "netIncome": 1406000000,
    "netIncomeRatio": 0.1004931742,
    "eps": 0.58,
    "epsdiluted": 0.58,
    "weightedAverageShsOut": 2424137931,
    "weightedAverageShsOutDil": 2424137931,
    "link": "https://www.sec.gov/Archives/edgar/data/764180/000100547797002538/0001005477-97-002538-index.html",
    "finalLink": "https://www.sec.gov/Archives/edgar/data/764180/"
  },
  {
    "date": "1997-06-30",
    "symbol": "MO",
    "reportedCurrency": "USD",
    "cik": "0000764180",
    "fillingDate": "1997-08-14",
    "acceptedDate": "1997-08-14 00:00:00",
    "calendarYear": "1997",
    "period": "Q2",
    "revenue": 14290000000,
    "costOfRevenue": 6412000000,
    "grossProfit": 7878000000,
    "grossProfitRatio": 0.5512946116,
    "researchAndDevelopmentExpenses": 0,
    "generalAndAdministrativeExpenses": 0,
    "sellingAndMarketingExpenses": 0,
    "sellingGeneralAndAdministrativeExpenses": 4089000000,
    "otherExpenses": 425000000,
    "operatingExpenses": 4514000000,
    "costAndExpenses": 10926000000,
    "interestIncome": 0,
    "interestExpense": 0,
    "depreciationAndAmortization": 425000000,
    "ebitda": 3789000000,
    "ebitdaratio": 0.2651504549,
    "operatingIncome": 3364000000,
    "operatingIncomeRatio": 0.2354093772,
    "totalOtherIncomeExpensesNet": -279000000,
    "incomeBeforeTax": 3085000000,
    "incomeBeforeTaxRatio": 0.2158852344,
    "incomeTaxExpense": 1249000000,
    "netIncome": 1836000000,
    "netIncomeRatio": 0.1284814556,
    "eps": 0.76,
    "epsdiluted": 0.76,
    "weightedAverageShsOut": 2426000000,
    "weightedAverageShsOutDil": 2426000000,
    "link": "https://www.sec.gov/Archives/edgar/data/764180/000100547797002037/0001005477-97-002037-index.html",
    "finalLink": "https://www.sec.gov/Archives/edgar/data/764180/"
  },
  {
    "date": "1997-03-31",
    "symbol": "MO",
    "reportedCurrency": "USD",
    "cik": "0000764180",
    "fillingDate": "1997-05-14",
    "acceptedDate": "1997-05-14 00:00:00",
    "calendarYear": "1997",
    "period": "Q1",
    "revenue": 14093000000,
    "costOfRevenue": 6436000000,
    "grossProfit": 7657000000,
    "grossProfitRatio": 0.5433193784,
    "researchAndDevelopmentExpenses": 0,
    "generalAndAdministrativeExpenses": 0,
    "sellingAndMarketingExpenses": 0,
    "sellingGeneralAndAdministrativeExpenses": 3961000000,
    "otherExpenses": 430000000,
    "operatingExpenses": 4391000000,
    "costAndExpenses": 10827000000,
    "interestIncome": 0,
    "interestExpense": 0,
    "depreciationAndAmortization": 430000000,
    "ebitda": 3696000000,
    "ebitdaratio": 0.2622578585,
    "operatingIncome": 3266000000,
    "operatingIncomeRatio": 0.231746257,
    "totalOtherIncomeExpensesNet": -287000000,
    "incomeBeforeTax": 2979000000,
    "incomeBeforeTaxRatio": 0.2113815369,
    "incomeTaxExpense": 1206000000,
    "netIncome": 1773000000,
    "netIncomeRatio": 0.1258071383,
    "eps": 0.73,
    "epsdiluted": 0.73,
    "weightedAverageShsOut": 2429000000,
    "weightedAverageShsOutDil": 2429000000,
    "link": "https://www.sec.gov/Archives/edgar/data/764180/000100547797001397/0001005477-97-001397-index.html",
    "finalLink": "https://www.sec.gov/Archives/edgar/data/764180/"
  },
  {
    "date": "1996-12-31",
    "symbol": "MO",
    "reportedCurrency": "USD",
    "cik": "0000764180",
    "fillingDate": "1997-03-11",
    "acceptedDate": "1997-03-11 00:00:00",
    "calendarYear": "1996",
    "period": "Q4",
    "revenue": 13371000000,
    "costOfRevenue": 6278000000,
    "grossProfit": 7093000000,
    "grossProfitRatio": 0.5304764042,
    "researchAndDevelopmentExpenses": 0,
    "generalAndAdministrativeExpenses": 0,
    "sellingAndMarketingExpenses": 0,
    "sellingGeneralAndAdministrativeExpenses": 3906000000,
    "otherExpenses": 432000000,
    "operatingExpenses": 4338000000,
    "costAndExpenses": 10616000000,
    "interestIncome": 0,
    "interestExpense": 0,
    "depreciationAndAmortization": 432000000,
    "ebitda": 3187000000,
    "ebitdaratio": 0.2383516566,
    "operatingIncome": 2755000000,
    "operatingIncomeRatio": 0.2060429287,
    "totalOtherIncomeExpensesNet": -262000000,
    "incomeBeforeTax": 2493000000,
    "incomeBeforeTaxRatio": 0.1864482836,
    "incomeTaxExpense": 1022000000,
    "netIncome": 1471000000,
    "netIncomeRatio": 0.1100142099,
    "eps": 0.61,
    "epsdiluted": 0.61,
    "weightedAverageShsOut": 2429000000,
    "weightedAverageShsOutDil": 2429000000,
    "link": "https://www.sec.gov/Archives/edgar/data/764180/000091205797008419/0000912057-97-008419-index.html",
    "finalLink": "https://www.sec.gov/Archives/edgar/data/764180/"
  },
  {
    "date": "1996-09-30",
    "symbol": "MO",
    "reportedCurrency": "USD",
    "cik": "0000764180",
    "fillingDate": "1996-11-14",
    "acceptedDate": "1996-11-14 00:00:00",
    "calendarYear": "1996",
    "period": "Q3",
    "revenue": 13688000000,
    "costOfRevenue": 6320000000,
    "grossProfit": 7368000000,
    "grossProfitRatio": 0.5382817066,
    "researchAndDevelopmentExpenses": 0,
    "generalAndAdministrativeExpenses": 0,
    "sellingAndMarketingExpenses": 0,
    "sellingGeneralAndAdministrativeExpenses": 3871000000,
    "otherExpenses": 426000000,
    "operatingExpenses": 4297000000,
    "costAndExpenses": 10617000000,
    "interestIncome": 0,
    "interestExpense": 0,
    "depreciationAndAmortization": 426000000,
    "ebitda": 3497000000,
    "ebitdaratio": 0.2554792519,
    "operatingIncome": 3071000000,
    "operatingIncomeRatio": 0.2243571011,
    "totalOtherIncomeExpensesNet": -281000000,
    "incomeBeforeTax": 2790000000,
    "incomeBeforeTaxRatio": 0.2038281707,
    "incomeTaxExpense": 1144000000,
    "netIncome": 1646000000,
    "netIncomeRatio": 0.120251315,
    "eps": 0.67,
    "epsdiluted": 0.67,
    "weightedAverageShsOut": 2454000000,
    "weightedAverageShsOutDil": 2454000000,
    "link": "https://www.sec.gov/Archives/edgar/data/764180/000095010996007546/0000950109-96-007546-index.html",
    "finalLink": "https://www.sec.gov/Archives/edgar/data/764180/"
  },
  {
    "date": "1996-06-30",
    "symbol": "MO",
    "reportedCurrency": "USD",
    "cik": "0000764180",
    "fillingDate": "1996-08-14",
    "acceptedDate": "1996-08-14 00:00:00",
    "calendarYear": "1996",
    "period": "Q2",
    "revenue": 13760000000,
    "costOfRevenue": 6394000000,
    "grossProfit": 7366000000,
    "grossProfitRatio": 0.5353197674,
    "researchAndDevelopmentExpenses": 0,
    "generalAndAdministrativeExpenses": 0,
    "sellingAndMarketingExpenses": 0,
    "sellingGeneralAndAdministrativeExpenses": 3940000000,
    "otherExpenses": 412000000,
    "operatingExpenses": 4352000000,
    "costAndExpenses": 10746000000,
    "interestIncome": 0,
    "interestExpense": 0,
    "depreciationAndAmortization": 412000000,
    "ebitda": 3426000000,
    "ebitdaratio": 0.2489825581,
    "operatingIncome": 3014000000,
    "operatingIncomeRatio": 0.2190406977,
    "totalOtherIncomeExpensesNet": -266000000,
    "incomeBeforeTax": 2748000000,
    "incomeBeforeTaxRatio": 0.1997093023,
    "incomeTaxExpense": 1127000000,
    "netIncome": 1621000000,
    "netIncomeRatio": 0.1178052326,
    "eps": 0.66,
    "epsdiluted": 0.66,
    "weightedAverageShsOut": 2469000000,
    "weightedAverageShsOutDil": 2469000000,
    "link": "https://www.sec.gov/Archives/edgar/data/764180/000095012396004405/0000950123-96-004405-index.html",
    "finalLink": "https://www.sec.gov/Archives/edgar/data/764180/"
  },
  {
    "date": "1996-03-31",
    "symbol": "MO",
    "reportedCurrency": "USD",
    "cik": "0000764180",
    "fillingDate": "1996-05-15",
    "acceptedDate": "1996-05-15 00:00:00",
    "calendarYear": "1996",
    "period": "Q1",
    "revenue": 13734000000,
    "costOfRevenue": 6471000000,
    "grossProfit": 7263000000,
    "grossProfitRatio": 0.5288335518,
    "researchAndDevelopmentExpenses": 0,
    "generalAndAdministrativeExpenses": 0,
    "sellingAndMarketingExpenses": 0,
    "sellingGeneralAndAdministrativeExpenses": 3913000000,
    "otherExpenses": 421000000,
    "operatingExpenses": 4334000000,
    "costAndExpenses": 10805000000,
    "interestIncome": 0,
    "interestExpense": 0,
    "depreciationAndAmortization": 421000000,
    "ebitda": 3350000000,
    "ebitdaratio": 0.243920198,
    "operatingIncome": 2929000000,
    "operatingIncomeRatio": 0.2132663463,
    "totalOtherIncomeExpensesNet": -277000000,
    "incomeBeforeTax": 2652000000,
    "incomeBeforeTaxRatio": 0.1930974225,
    "incomeTaxExpense": 1087000000,
    "netIncome": 1565000000,
    "netIncomeRatio": 0.1139507791,
    "eps": 0.63,
    "epsdiluted": 0.63,
    "weightedAverageShsOut": 2490000000,
    "weightedAverageShsOutDil": 2490000000,
    "link": "https://www.sec.gov/Archives/edgar/data/764180/000095012396002426/0000950123-96-002426-index.html",
    "finalLink": "https://www.sec.gov/Archives/edgar/data/764180/"
  },
  {
    "date": "1995-12-31",
    "symbol": "MO",
    "reportedCurrency": "USD",
    "cik": "0000764180",
    "fillingDate": "1996-03-28",
    "acceptedDate": "1996-03-28 00:00:00",
    "calendarYear": "1995",
    "period": "Q4",
    "revenue": 12747000000,
    "costOfRevenue": 6100000000,
    "grossProfit": 6647000000,
    "grossProfitRatio": 0.5214560289,
    "researchAndDevelopmentExpenses": 0,
    "generalAndAdministrativeExpenses": 0,
    "sellingAndMarketingExpenses": 0,
    "sellingGeneralAndAdministrativeExpenses": 3839000000,
    "otherExpenses": 388000000,
    "operatingExpenses": 4227000000,
    "costAndExpenses": 10327000000,
    "interestIncome": 0,
    "interestExpense": 0,
    "depreciationAndAmortization": 388000000,
    "ebitda": 2808000000,
    "ebitdaratio": 0.2202871264,
    "operatingIncome": 2420000000,
    "operatingIncomeRatio": 0.1898485918,
    "totalOtherIncomeExpensesNet": -263000000,
    "incomeBeforeTax": 2157000000,
    "incomeBeforeTaxRatio": 0.1692162862,
    "incomeTaxExpense": 885000000,
    "netIncome": 1272000000,
    "netIncomeRatio": 0.0997881855,
    "eps": 0.51,
    "epsdiluted": 0.51,
    "weightedAverageShsOut": 2490000000,
    "weightedAverageShsOutDil": 2490000000,
    "link": "https://www.sec.gov/Archives/edgar/data/764180/000095014696000483/0000950146-96-000483-index.html",
    "finalLink": "https://www.sec.gov/Archives/edgar/data/764180/"
  },
  {
    "date": "1995-09-30",
    "symbol": "MO",
    "reportedCurrency": "USD",
    "cik": "0000764180",
    "fillingDate": "1995-11-14",
    "acceptedDate": "1995-11-14 00:00:00",
    "calendarYear": "1995",
    "period": "Q3",
    "revenue": 13329000000,
    "costOfRevenue": 6287000000,
    "grossProfit": 7042000000,
    "grossProfitRatio": 0.5283217046,
    "researchAndDevelopmentExpenses": 0,
    "generalAndAdministrativeExpenses": 0,
    "sellingAndMarketingExpenses": 0,
    "sellingGeneralAndAdministrativeExpenses": 3876000000,
    "otherExpenses": 427000000,
    "operatingExpenses": 4303000000,
    "costAndExpenses": 10590000000,
    "interestIncome": 0,
    "interestExpense": 0,
    "depreciationAndAmortization": 427000000,
    "ebitda": 3166000000,
    "ebitdaratio": 0.2375271963,
    "operatingIncome": 2739000000,
    "operatingIncomeRatio": 0.2054917848,
    "totalOtherIncomeExpensesNet": -290000000,
    "incomeBeforeTax": 2449000000,
    "incomeBeforeTaxRatio": 0.1837347138,
    "incomeTaxExpense": 1016000000,
    "netIncome": 1433000000,
    "netIncomeRatio": 0.1075099407,
    "eps": 0.57,
    "epsdiluted": 0.57,
    "weightedAverageShsOut": 2517000000,
    "weightedAverageShsOutDil": 2517000000,
    "link": "https://www.sec.gov/Archives/edgar/data/764180/000095012395003363/0000950123-95-003363-index.html",
    "finalLink": "https://www.sec.gov/Archives/edgar/data/764180/"
  }
]