[
  {
    "date": "2024-12-31",
    "symbol": "MO",
    "reportedCurrency": "USD",
    "cik": "0000764180",
    "fillingDate": "2025-02-26",
    "acceptedDate": "2025-02-26 14:13:50",
    "calendarYear": "2024",
    "period": "FY",
    "revenue": 20444000000,
    "costOfRevenue": 6077000000,
    "grossProfit": 14367000000,
    "grossProfitRatio": 0.7027489728,
    "researchAndDevelopmentExpenses": 208000000,
    "generalAndAdministrativeExpenses": 0,
    "sellingAndMarketingExpenses": 0,
    "sellingGeneralAndAdministrativeExpenses": 2737000000,
    "otherExpenses": 181000000,
    "operatingExpenses": 3126000000,
    "costAndExpenses": 9203000000,
    "interestIncome": 87000000,
    "interestExpense": 1124000000,
    "depreciationAndAmortization": 286000000,
    "ebitda": 15068000000,
    "ebitdaratio": 0.7370377617,
    "operatingIncome": 11241000000,
    "operatingIncomeRatio": 0.5498434749,
    "totalOtherIncomeExpensesNet": 2417000000,
    "incomeBeforeTax": 13658000000,
    "incomeBeforeTaxRatio": 0.6680688711,
    "incomeTaxExpense": 2394000000,
    "netIncome": 11264000000,
    "netIncomeRatio": 0.5509684993,
    "eps": 6.54,
    "epsdiluted": 6.54,
    "weightedAverageShsOut": 1718000000,
    "weightedAverageShsOutDil": 1718000000,
    "link": "https://www.sec.gov/Archives/edgar/data/764180/000076418025000019/0000764180-25-000019-index.htm",
    "finalLink": "https://www.sec.gov/Archives/edgar/data//000076418025000019/mo-20241231.htm"
  },
  {
    "date": "2023-12-31",
    "symbol": "MO",
    "reportedCurrency": "USD",
    "cik": "0000764180",
    "fillingDate": "2024-06-05",
    "acceptedDate": "2024-06-05 13:23:49",
    "calendarYear": "2023",
    "period": "FY",
    "revenue": 20502000000,
    "costOfRevenue": 6218000000,
    "grossProfit": 14284000000,
    "grossProfitRatio": 0.6967125159,
    "researchAndDevelopmentExpenses": 0,
    "generalAndAdministrativeExpenses": 0,
    "sellingAndMarketingExpenses": 0,
    "sellingGeneralAndAdministrativeExpenses": 2737000000,
    "otherExpenses": 0,
    "operatingExpenses": 2737000000,
    "costAndExpenses": 8955000000,
    "interestIncome": 160000000,
    "interestExpense": 1149000000,
    "depreciationAndAmortization": 272000000,
    "ebitda": 12349000000,
    "ebitdaratio": 0.6023314799,
    "operatingIncome": 11547000000,
    "operatingIncomeRatio": 0.563213345,
    "totalOtherIncomeExpensesNet": -619000000,
    "incomeBeforeTax": 10928000000,
    "incomeBeforeTaxRatio": 0.5330211687,
    "incomeTaxExpense": 2798000000,
    "netIncome": 8130000000,
    "netIncomeRatio": 0.3965466784,
    "eps": 4.61,
    "epsdiluted": 4.57,
    "weightedAverageShsOut": 1763461775,
    "weightedAverageShsOutDil": 1777000000,
    "link": "https://www.sec.gov/Archives/edgar/data/764180/000076418024000079/0000764180-24-000079-index.htm",
    "finalLink": "https://www.sec.gov/Archives/edgar/data/764180/000076418024000093/mo-20240630.htm"
  },
  {
    "date": "2022-12-31",
    "symbol": "MO",
    "reportedCurrency": "USD",
    "cik": "0000764180",
    "fillingDate": "2023-02-27",
    "acceptedDate": "2023-02-27 14:16:53",
    "calendarYear": "2022",
    "period": "FY",
    "revenue": 20688000000,
    "costOfRevenue": 6442000000,
    "grossProfit": 14246000000,
    "grossProfitRatio": 0.6886117556,
    "researchAndDevelopmentExpenses": 0,
    "generalAndAdministrativeExpenses": 0,
    "sellingAndMarketingExpenses": 0,
    "sellingGeneralAndAdministrativeExpenses": 2327000000,
    "otherExpenses": 0,
    "operatingExpenses": 2327000000,
    "costAndExpenses": 8769000000,
    "interestIncome": 70000000,
    "interestExpense": 1128000000,
    "depreciationAndAmortization": 226000000,
    "ebitda": 8743000000,
    "ebitdaratio": 0.4226121423,
    "operatingIncome": 11919000000,
    "operatingIncomeRatio": 0.5761310905,
    "totalOtherIncomeExpensesNet": -4530000000,
    "incomeBeforeTax": 7389000000,
    "incomeBeforeTaxRatio": 0.3571635731,
    "incomeTaxExpense": 1625000000,
    "netIncome": 5764000000,
    "netIncomeRatio": 0.2786156226,
    "eps": 3.19,
    "epsdiluted": 3.19,
    "weightedAverageShsOut": 1804000000,
    "weightedAverageShsOutDil": 1804000000,
    "link": "https://www.sec.gov/Archives/edgar/data/764180/000076418023000020/0000764180-23-000020-index.htm",
    "finalLink": "https://www.sec.gov/Archives/edgar/data/764180/000076418023000020/mo-20221231.htm"
  },
  {
    "date": "2021-12-31",
    "symbol": "MO",
    "reportedCurrency": "USD",
    "cik": "0000764180",
    "fillingDate": "2022-02-25",
    "acceptedDate": "2022-02-25 12:52:58",
    "calendarYear": "2021",
    "period": "FY",
    "revenue": 21111000000,
    "costOfRevenue": 7119000000,
    "grossProfit": 13992000000,
    "grossProfitRatio": 0.6627824357,
    "researchAndDevelopmentExpenses": 0,
    "generalAndAdministrativeExpenses": 0,
    "sellingAndMarketingExpenses": 0,
    "sellingGeneralAndAdministrativeExpenses": 2432000000,
    "otherExpenses": 0,
    "operatingExpenses": 2432000000,
    "costAndExpenses": 9551000000,
    "interestIncome": 26000000,
    "interestExpense": 1188000000,
    "depreciationAndAmortization": 244000000,
    "ebitda": 5256000000,
    "ebitdaratio": 0.2489697314,
    "operatingIncome": 11560000000,
    "operatingIncomeRatio": 0.5475818294,
    "totalOtherIncomeExpensesNet": -7736000000,
    "incomeBeforeTax": 3824000000,
    "incomeBeforeTaxRatio": 0.1811377955,
    "incomeTaxExpense": 1349000000,
    "netIncome": 2475000000,
    "netIncomeRatio": 0.1172374591,
    "eps": 1.34,
    "epsdiluted": 1.34,
    "weightedAverageShsOut": 1845000000,
    "weightedAverageShsOutDil": 1845000000,
    "link": "https://www.sec.gov/Archives/edgar/data/764180/000076418022000019/0000764180-22-000019-index.htm",
    "finalLink": "https://www.sec.gov/Archives/edgar/data/764180/000076418022000019/mo-20211231.htm"
  },
  {
    "date": "2020-12-31",
    "symbol": "MO",
    "reportedCurrency": "USD",
    "cik": "0000764180",
    "fillingDate": "2021-02-26",
    "acceptedDate": "2021-02-26 14:45:40",
    "calendarYear": "2020",
    "period": "FY",
    "revenue": 20841000000,
    "costOfRevenue": 7818000000,
    "grossProfit": 13023000000,
    "grossProfitRatio": 0.6248740464,
    "researchAndDevelopmentExpenses": 0,
    "generalAndAdministrativeExpenses": 0,
    "sellingAndMarketingExpenses": 0,
    "sellingGeneralAndAdministrativeExpenses": 2150000000,
    "otherExpenses": 0,
    "operatingExpenses": 2150000000,
    "costAndExpenses": 9968000000,
    "interestIncome": 14000000,
    "interestExpense": 1223000000,
    "depreciationAndAmortization": 257000000,
    "ebitda": 8370000000,
    "ebitdaratio": 0.4016122067,
    "operatingIncome": 10873000000,
    "operatingIncomeRatio": 0.52171201,
    "totalOtherIncomeExpensesNet": -3983000000,
    "incomeBeforeTax": 6890000000,
    "incomeBeforeTaxRatio": 0.3305983398,
    "incomeTaxExpense": 2436000000,
    "netIncome": 4467000000,
    "netIncomeRatio": 0.2143371239,
    "eps": 2.4,
    "epsdiluted": 2.4,
    "weightedAverageShsOut": 1858000000,
    "weightedAverageShsOutDil": 1859000000,
    "link": "https://www.sec.gov/Archives/edgar/data/764180/000076418021000037/0000764180-21-000037-index.htm",
    "finalLink": "https://www.sec.gov/Archives/edgar/data/764180/000076418021000037/mo-20201231.htm"
  },
  {
    "date": "2019-12-31",
    "symbol": "MO",
    "reportedCurrency": "USD",
    "cik": "0000764180",
    "fillingDate": "2020-02-25",
    "acceptedDate": "2020-02-25 16:31:52",
    "calendarYear": "2019",
    "period": "FY",
    "revenue": 19796000000,
    "costOfRevenue": 7085000000,
    "grossProfit": 12711000000,
    "grossProfitRatio": 0.642099414,
    "researchAndDevelopmentExpenses": 0,
    "generalAndAdministrativeExpenses": 0,
    "sellingAndMarketingExpenses": 0,
    "sellingGeneralAndAdministrativeExpenses": 2226000000,
    "otherExpenses": 159000000,
    "operatingExpenses": 2385000000,
    "costAndExpenses": 9470000000,
    "interestIncome": 42000000,
    "interestExpense": 1322000000,
    "depreciationAndAmortization": 226000000,
    "ebitda": 2314000000,
    "ebitdaratio": 0.1168923015,
    "operatingIncome": 10326000000,
    "operatingIncomeRatio": 0.5216205294,
    "totalOtherIncomeExpensesNet": -9560000000,
    "incomeBeforeTax": 766000000,
    "incomeBeforeTaxRatio": 0.0386946858,
    "incomeTaxExpense": 2064000000,
    "netIncome": -1293000000,
    "netIncomeRatio": -0.0653162255,
    "eps": -0.69,
    "epsdiluted": -0.69,
    "weightedAverageShsOut": 1869000000,
    "weightedAverageShsOutDil": 1869000000,
    "link": "https://www.sec.gov/Archives/edgar/data/764180/000076418020000018/0000764180-20-000018-index.htm",
    "finalLink": "https://www.sec.gov/Archives/edgar/data/764180/000076418020000018/a2019form10-kq4.htm"
  },
  {
    "date": "2018-12-31",
    "symbol": "MO",
    "reportedCurrency": "USD",
    "cik": "0000764180",
    "fillingDate": "2019-02-26",
    "acceptedDate": "2019-02-26 13:49:51",
    "calendarYear": "2018",
    "period": "FY",
    "revenue": 19627000000,
    "costOfRevenue": 7373000000,
    "grossProfit": 12254000000,
    "grossProfitRatio": 0.6243440159,
    "researchAndDevelopmentExpenses": 0,
    "generalAndAdministrativeExpenses": 0,
    "sellingAndMarketingExpenses": 2756000000,
    "sellingGeneralAndAdministrativeExpenses": 2756000000,
    "otherExpenses": 383000000,
    "operatingExpenses": 3139000000,
    "costAndExpenses": 10512000000,
    "interestIncome": 32000000,
    "interestExpense": 697000000,
    "depreciationAndAmortization": 227000000,
    "ebitda": 10265000000,
    "ebitdaratio": 0.5230040251,
    "operatingIncome": 9115000000,
    "operatingIncomeRatio": 0.4644112702,
    "totalOtherIncomeExpensesNet": 226000000,
    "incomeBeforeTax": 9341000000,
    "incomeBeforeTaxRatio": 0.4759260203,
    "incomeTaxExpense": 2374000000,
    "netIncome": 6963000000,
    "netIncomeRatio": 0.3547663932,
    "eps": 3.69,
    "epsdiluted": 3.69,
    "weightedAverageShsOut": 1887000000,
    "weightedAverageShsOutDil": 1888000000,
    "link": "https://www.sec.gov/Archives/edgar/data/764180/000076418019000023/0000764180-19-000023-index.htm",
    "finalLink": "https://www.sec.gov/Archives/edgar/data/764180/000076418019000023/a2018form10-kq4.htm"
  },
  {
    "date": "2017-12-31",
    "symbol": "MO",
    "reportedCurrency": "USD",
    "cik": "0000764180",
    "fillingDate": "2018-02-27",
    "acceptedDate": "2018-02-27 17:31:37",
    "calendarYear": "2017",
    "period": "FY",
    "revenue": 19494000000,
    "costOfRevenue": 7531000000,
    "grossProfit": 11963000000,
    "grossProfitRatio": 0.6136760029,
    "researchAndDevelopmentExpenses": 0,
    "generalAndAdministrativeExpenses": -24000000,
    "sellingAndMarketingExpenses": 2362000000,
    "sellingGeneralAndAdministrativeExpenses": 2338000000,
    "otherExpenses": 32000000,
    "operatingExpenses": 2370000000,
    "costAndExpenses": 9901000000,
    "interestIncome": 31000000,
    "interestExpense": 736000000,
    "depreciationAndAmortization": 209000000,
    "ebitda": 10773000000,
    "ebitdaratio": 0.5526315789,
    "operatingIncome": 9593000000,
    "operatingIncomeRatio": 0.4921001334,
    "totalOtherIncomeExpensesNet": 235000000,
    "incomeBeforeTax": 9828000000,
    "incomeBeforeTaxRatio": 0.5041551247,
    "incomeTaxExpense": -399000000,
    "netIncome": 10222000000,
    "netIncomeRatio": 0.5243664717,
    "eps": 5.31,
    "epsdiluted": 5.31,
    "weightedAverageShsOut": 1921000000,
    "weightedAverageShsOutDil": 1921000000,
    "link": "https://www.sec.gov/Archives/edgar/data/764180/000076418018000028/0000764180-18-000028-index.htm",
    "finalLink": "https://www.sec.gov/Archives/edgar/data/764180/000076418018000028/a2017form10-kq4.htm"
  },
  {
    "date": "2016-12-31",
    "symbol": "MO",
    "reportedCurrency": "USD",
    "cik": "0000764180",
    "fillingDate": "2017-02-27",
    "acceptedDate": "2017-02-27 13:56:20",
    "calendarYear": "2016",
    "period": "FY",
    "revenue": 19337000000,
    "costOfRevenue": 7765000000,
    "grossProfit": 11572000000,
    "grossProfitRatio": 0.5984382272,
    "researchAndDevelopmentExpenses": 0,
    "generalAndAdministrativeExpenses": 0,
    "sellingAndMarketingExpenses": 2662000000,
    "sellingGeneralAndAdministrativeExpenses": 2662000000,
    "otherExpenses": 149000000,
    "operatingExpenses": 2811000000,
    "costAndExpenses": 10576000000,
    "interestIncome": 13000000,
    "interestExpense": 760000000,
    "depreciationAndAmortization": 204000000,
    "ebitda": 22816000000,
    "ebitdaratio": 1.1799141542,
    "operatingIncome": 8761000000,
    "operatingIncomeRatio": 0.4530692455,
    "totalOtherIncomeExpensesNet": 13091000000,
    "incomeBeforeTax": 21852000000,
    "incomeBeforeTaxRatio": 1.1300615401,
    "incomeTaxExpense": 7608000000,
    "netIncome": 14239000000,
    "netIncomeRatio": 0.7363603455,
    "eps": 7.28,
    "epsdiluted": 7.28,
    "weightedAverageShsOut": 1952000000,
    "weightedAverageShsOutDil": 1952000000,
    "link": "https://www.sec.gov/Archives/edgar/data/764180/000076418017000028/0000764180-17-000028-index.htm",
    "finalLink": "https://www.sec.gov/Archives/edgar/data/764180/000076418017000028/a2016form10-k.htm"
  },
  {
    "date": "2015-12-31",
    "symbol": "MO",
    "reportedCurrency": "USD",
    "cik": "0000764180",
    "fillingDate": "2016-02-25",
    "acceptedDate": "2016-02-25 09:47:25",
    "calendarYear": "2015",
    "period": "FY",
    "revenue": 18854000000,
    "costOfRevenue": 7740000000,
    "grossProfit": 11114000000,
    "grossProfitRatio": 0.5894770341,
    "researchAndDevelopmentExpenses": 0,
    "generalAndAdministrativeExpenses": 0,
    "sellingAndMarketingExpenses": 2708000000,
    "sellingGeneralAndAdministrativeExpenses": 2708000000,
    "otherExpenses": 45000000,
    "operatingExpenses": 2753000000,
    "costAndExpenses": 10493000000,
    "interestIncome": 4000000,
    "interestExpense": 821000000,
    "depreciationAndAmortization": 225000000,
    "ebitda": 9124000000,
    "ebitdaratio": 0.4839291397,
    "operatingIncome": 8361000000,
    "operatingIncomeRatio": 0.4434602737,
    "totalOtherIncomeExpensesNet": -283000000,
    "incomeBeforeTax": 8078000000,
    "incomeBeforeTaxRatio": 0.4284501962,
    "incomeTaxExpense": 2835000000,
    "netIncome": 5241000000,
    "netIncomeRatio": 0.2779781479,
    "eps": 2.67,
    "epsdiluted": 2.67,
    "weightedAverageShsOut": 1961000421,
    "weightedAverageShsOutDil": 1962921348,
    "link": "https://www.sec.gov/Archives/edgar/data/764180/000076418016000128/0000764180-16-000128-index.htm",
    "finalLink": "https://www.sec.gov/Archives/edgar/data/764180/000076418016000128/a2015form10-k.htm"
  },
  {
    "date": "2014-12-31",
    "symbol": "MO",
    "reportedCurrency": "USD",
    "cik": "0000764180",
    "fillingDate": "2015-02-25",
    "acceptedDate": "2015-02-25 14:10:07",
    "calendarYear": "2014",
    "period": "FY",
    "revenue": 17945000000,
    "costOfRevenue": 7785000000,
    "grossProfit": 10160000000,
    "grossProfitRatio": 0.5661744218,
    "researchAndDevelopmentExpenses": 0,
    "generalAndAdministrativeExpenses": 0,
    "sellingAndMarketingExpenses": 2539000000,
    "sellingGeneralAndAdministrativeExpenses": 2539000000,
    "otherExpenses": 1000000,
    "operatingExpenses": 2540000000,
    "costAndExpenses": 10325000000,
    "interestIncome": 2000000,
    "interestExpense": 810000000,
    "depreciationAndAmortization": 208000000,
    "ebitda": 8792000000,
    "ebitdaratio": 0.4899414879,
    "operatingIncome": 7620000000,
    "operatingIncomeRatio": 0.4246308164,
    "totalOtherIncomeExpensesNet": 154000000,
    "incomeBeforeTax": 7774000000,
    "incomeBeforeTaxRatio": 0.433212594,
    "incomeTaxExpense": 2704000000,
    "netIncome": 5070000000,
    "netIncomeRatio": 0.2825299526,
    "eps": 2.56,
    "epsdiluted": 2.56,
    "weightedAverageShsOut": 1978000319,
    "weightedAverageShsOutDil": 1980468750,
    "link": "https://www.sec.gov/Archives/edgar/data/764180/000076418015000022/0000764180-15-000022-index.htm",
    "finalLink": "https://www.sec.gov/Archives/edgar/data/764180/000076418015000022/a2014form10-kq42014.htm"
  },
  {
    "date": "2013-12-31",
    "symbol": "MO",
    "reportedCurrency": "USD",
    "cik": "0000764180",
    "fillingDate": "2014-08-04",
    "acceptedDate": "2014-08-04 14:27:22",
    "calendarYear": "2013",
    "period": "FY",
    "revenue": 17663000000,
    "costOfRevenue": 7206000000,
    "grossProfit": 10457000000,
    "grossProfitRatio": 0.5920285342,
    "researchAndDevelopmentExpenses": 0,
    "generalAndAdministrativeExpenses": 0,
    "sellingAndMarketingExpenses": 2340000000,
    "sellingGeneralAndAdministrativeExpenses": 2340000000,
    "otherExpenses": 33000000,
    "operatingExpenses": 2373000000,
    "costAndExpenses": 9579000000,
    "interestIncome": 4000000,
    "interestExpense": 1053000000,
    "depreciationAndAmortization": 212000000,
    "ebitda": 8207000000,
    "ebitdaratio": 0.4646436053,
    "operatingIncome": 8084000000,
    "operatingIncomeRatio": 0.4576798958,
    "totalOtherIncomeExpensesNet": -1142000000,
    "incomeBeforeTax": 6942000000,
    "incomeBeforeTaxRatio": 0.3930249674,
    "incomeTaxExpense": 2407000000,
    "netIncome": 4535000000,
    "netIncomeRatio": 0.2567514012,
    "eps": 2.26,
    "epsdiluted": 2.26,
    "weightedAverageShsOut": 1999000278,
    "weightedAverageShsOutDil": 2006637168,
    "link": "https://www.sec.gov/Archives/edgar/data/764180/000076418014000063/0000764180-14-000063-index.htm",
    "finalLink": "https://www.sec.gov/Archives/edgar/data/764180/000076418014000063/a2013form10ka.htm"
  },
  {
    "date": "2012-12-31",
    "symbol": "MO",
    "reportedCurrency": "USD",
    "cik": "0000764180",
    "fillingDate": "2013-02-27",
    "acceptedDate": "2013-02-27 15:37:34",
    "calendarYear": "2012",
    "period": "FY",
    "revenue": 17500000000,
    "costOfRevenue": 7937000000,
    "grossProfit": 9563000000,
    "grossProfitRatio": 0.5464571429,
    "researchAndDevelopmentExpenses": 0,
    "generalAndAdministrativeExpenses": 0,
    "sellingAndMarketingExpenses": 2301000000,
    "sellingGeneralAndAdministrativeExpenses": 2301000000,
    "otherExpenses": 9000000,
    "operatingExpenses": 2310000000,
    "costAndExpenses": 10247000000,
    "interestIncome": 2000000,
    "interestExpense": 1128000000,
    "depreciationAndAmortization": 225000000,
    "ebitda": 7830000000,
    "ebitdaratio": 0.4474285714,
    "operatingIncome": 7253000000,
    "operatingIncomeRatio": 0.4144571429,
    "totalOtherIncomeExpensesNet": -776000000,
    "incomeBeforeTax": 6477000000,
    "incomeBeforeTaxRatio": 0.3701142857,
    "incomeTaxExpense": 2294000000,
    "netIncome": 4180000000,
    "netIncomeRatio": 0.2388571429,
    "eps": 2.06,
    "epsdiluted": 2.06,
    "weightedAverageShsOut": 2024000458,
    "weightedAverageShsOutDil": 2029126214,
    "link": "https://www.sec.gov/Archives/edgar/data/764180/000076418013000024/0000764180-13-000024-index.htm",
    "finalLink": "https://www.sec.gov/Archives/edgar/data/764180/000076418013000024/form10k.htm"
  },
  {
    "date": "2011-12-31",
    "symbol": "MO",
    "reportedCurrency": "USD",
    "cik": "0000764180",
    "fillingDate": "2012-02-16",
    "acceptedDate": "2012-02-16 10:53:04",
    "calendarYear": "2011",
    "period": "FY",
    "revenue": 16619000000,
    "costOfRevenue": 7680000000,
    "grossProfit": 8939000000,
    "grossProfitRatio": 0.537878332,
    "researchAndDevelopmentExpenses": 0,
    "generalAndAdministrativeExpenses": 0,
    "sellingAndMarketingExpenses": 2643000000,
    "sellingGeneralAndAdministrativeExpenses": 2643000000,
    "otherExpenses": 228000000,
    "operatingExpenses": 2871000000,
    "costAndExpenses": 10551000000,
    "interestIncome": 4000000,
    "interestExpense": 1220000000,
    "depreciationAndAmortization": 253000000,
    "ebitda": 7055000000,
    "ebitdaratio": 0.4245141104,
    "operatingIncome": 6068000000,
    "operatingIncomeRatio": 0.3651242554,
    "totalOtherIncomeExpensesNet": -486000000,
    "incomeBeforeTax": 5582000000,
    "incomeBeforeTaxRatio": 0.3358806186,
    "incomeTaxExpense": 2189000000,
    "netIncome": 3390000000,
    "netIncomeRatio": 0.2039833925,
    "eps": 1.64,
    "epsdiluted": 1.64,
    "weightedAverageShsOut": 2064000000,
    "weightedAverageShsOutDil": 2064000000,
    "link": "https://www.sec.gov/Archives/edgar/data/764180/000119312512064660/0001193125-12-064660-index.htm",
    "finalLink": "https://www.sec.gov/Archives/edgar/data/764180/000119312512064660/d239844d10k.htm"
  },
  {
    "date": "2010-12-31",
    "symbol": "MO",
    "reportedCurrency": "USD",
    "cik": "0000764180",
    "fillingDate": "2011-02-25",
    "acceptedDate": "2011-02-24 19:01:35",
    "calendarYear": "2010",
    "period": "FY",
    "revenue": 16892000000,
    "costOfRevenue": 7704000000,
    "grossProfit": 9188000000,
    "grossProfitRatio": 0.5439261189,
    "researchAndDevelopmentExpenses": 0,
    "generalAndAdministrativeExpenses": 0,
    "sellingAndMarketingExpenses": 2735000000,
    "sellingGeneralAndAdministrativeExpenses": 2735000000,
    "otherExpenses": 225000000,
    "operatingExpenses": 2960000000,
    "costAndExpenses": 10664000000,
    "interestIncome": 3000000,
    "interestExpense": 1136000000,
    "depreciationAndAmortization": 276000000,
    "ebitda": 7135000000,
    "ebitdaratio": 0.4223892967,
    "operatingIncome": 6228000000,
    "operatingIncomeRatio": 0.3686952404,
    "totalOtherIncomeExpensesNet": -505000000,
    "incomeBeforeTax": 5723000000,
    "incomeBeforeTaxRatio": 0.3387994317,
    "incomeTaxExpense": 1816000000,
    "netIncome": 3905000000,
    "netIncomeRatio": 0.2311745205,
    "eps": 1.87,
    "epsdiluted": 1.87,
    "weightedAverageShsOut": 2077000000,
    "weightedAverageShsOutDil": 2079000000,
    "link": "https://www.sec.gov/Archives/edgar/data/764180/000119312511045778/0001193125-11-045778-index.htm",
    "finalLink": "https://www.sec.gov/Archives/edgar/data/764180/000119312511045778/d10k.htm"
  },
  {
    "date": "2009-12-31",
    "symbol": "MO",
    "reportedCurrency": "USD",
    "cik": "0000764180",
    "fillingDate": "2010-02-24",
    "acceptedDate": "2010-02-24 17:24:05",
    "calendarYear": "2009",
    "period": "FY",
    "revenue": 16824000000,
    "costOfRevenue": 7990000000,
    "grossProfit": 8834000000,
    "grossProfitRatio": 0.5250832145,
    "researchAndDevelopmentExpenses": 0,
    "generalAndAdministrativeExpenses": 0,
    "sellingAndMarketingExpenses": 0,
    "sellingGeneralAndAdministrativeExpenses": 2843000000,
    "otherExpenses": 529000000,
    "operatingExpenses": 3372000000,
    "costAndExpenses": 11362000000,
    "interestIncome": 4000000,
    "interestExpense": 1189000000,
    "depreciationAndAmortization": 291000000,
    "ebitda": 6357000000,
    "ebitdaratio": 0.377853067,
    "operatingIncome": 5462000000,
    "operatingIncomeRatio": 0.3246552544,
    "totalOtherIncomeExpensesNet": -585000000,
    "incomeBeforeTax": 4877000000,
    "incomeBeforeTaxRatio": 0.2898834998,
    "incomeTaxExpense": 1669000000,
    "netIncome": 3206000000,
    "netIncomeRatio": 0.1905611032,
    "eps": 1.55,
    "epsdiluted": 1.54,
    "weightedAverageShsOut": 2066000000,
    "weightedAverageShsOutDil": 2071000000,
    "link": "https://www.sec.gov/Archives/edgar/data/764180/000119312510039027/0001193125-10-039027-index.htm",
    "finalLink": "https://www.sec.gov/Archives/edgar/data/764180/000119312510039027/d10k.htm"
  },
  {
    "date": "2008-12-31",
    "symbol": "MO",
    "reportedCurrency": "USD",
    "cik": "0000764180",
    "fillingDate": "2009-02-27",
    "acceptedDate": "2009-02-27 16:24:49",
    "calendarYear": "2008",
    "period": "FY",
    "revenue": 15957000000,
    "costOfRevenue": 8270000000,
    "grossProfit": 7687000000,
    "grossProfitRatio": 0.4817321552,
    "researchAndDevelopmentExpenses": 0,
    "generalAndAdministrativeExpenses": 0,
    "sellingAndMarketingExpenses": 0,
    "sellingGeneralAndAdministrativeExpenses": 2753000000,
    "otherExpenses": 52000000,
    "operatingExpenses": 2805000000,
    "costAndExpenses": 11075000000,
    "interestIncome": 70000000,
    "interestExpense": 237000000,
    "depreciationAndAmortization": 215000000,
    "ebitda": 5241000000,
    "ebitdaratio": 0.3284451965,
    "operatingIncome": 4882000000,
    "operatingIncomeRatio": 0.3059472332,
    "totalOtherIncomeExpensesNet": -93000000,
    "incomeBeforeTax": 4789000000,
    "incomeBeforeTaxRatio": 0.30011907,
    "incomeTaxExpense": 1699000000,
    "netIncome": 4930000000,
    "netIncomeRatio": 0.3089553174,
    "eps": 2.38,
    "epsdiluted": 2.36,
    "weightedAverageShsOut": 2071428571,
    "weightedAverageShsOutDil": 2088983051,
    "link": "https://www.sec.gov/Archives/edgar/data/764180/000119312509041005/0001193125-09-041005-index.htm",
    "finalLink": "https://www.sec.gov/Archives/edgar/data/764180/000119312509041005/d10k.htm"
  },
  {
    "date": "2007-12-31",
    "symbol": "MO",
    "reportedCurrency": "USD",
    "cik": "0000764180",
    "fillingDate": "2008-02-28",
    "acceptedDate": "2008-02-28 15:08:16",
    "calendarYear": "2007",
    "period": "FY",
    "revenue": 15212000000,
    "costOfRevenue": 7827000000,
    "grossProfit": 7385000000,
    "grossProfitRatio": 0.4854719958,
    "researchAndDevelopmentExpenses": 0,
    "generalAndAdministrativeExpenses": 0,
    "sellingAndMarketingExpenses": 0,
    "sellingGeneralAndAdministrativeExpenses": 2784000000,
    "otherExpenses": 228000000,
    "operatingExpenses": 3012000000,
    "costAndExpenses": 10839000000,
    "interestIncome": 270000000,
    "interestExpense": 475000000,
    "depreciationAndAmortization": 232000000,
    "ebitda": 5385000000,
    "ebitdaratio": 0.3539968446,
    "operatingIncome": 4373000000,
    "operatingIncomeRatio": 0.2874704181,
    "totalOtherIncomeExpensesNet": 305000000,
    "incomeBeforeTax": 4678000000,
    "incomeBeforeTaxRatio": 0.3075203786,
    "incomeTaxExpense": 1547000000,
    "netIncome": 9786000000,
    "netIncomeRatio": 0.6433079148,
    "eps": 4.66,
    "epsdiluted": 4.62,
    "weightedAverageShsOut": 2101000000,
    "weightedAverageShsOutDil": 2116000000,
    "link": "https://www.sec.gov/Archives/edgar/data/764180/000119312508041586/0001193125-08-041586-index.htm",
    "finalLink": "https://www.sec.gov/Archives/edgar/data/764180/000119312508041586/d10k.htm"
  },
  {
    "date": "2006-12-31",
    "symbol": "MO",
    "reportedCurrency": "USD",
    "cik": "0000764180",
    "fillingDate": "2007-03-01",
    "acceptedDate": "2007-03-01 16:00:40",
    "calendarYear": "2006",
    "period": "FY",
    "revenue": 15173000000,
    "costOfRevenue": 7387000000,
    "grossProfit": 7786000000,
    "grossProfitRatio": 0.5131483556,
    "researchAndDevelopmentExpenses": 0,
    "generalAndAdministrativeExpenses": 0,
    "sellingAndMarketingExpenses": 0,
    "sellingGeneralAndAdministrativeExpenses": 3113000000,
    "otherExpenses": 155000000,
    "operatingExpenses": 3268000000,
    "costAndExpenses": 10655000000,
    "interestIncome": 404000000,
    "interestExpense": 629000000,
    "depreciationAndAmortization": 255000000,
    "ebitda": 5637000000,
    "ebitdaratio": 0.3715151915,
    "operatingIncome": 4518000000,
    "operatingIncomeRatio": 0.2977657681,
    "totalOtherIncomeExpensesNet": 235000000,
    "incomeBeforeTax": 4753000000,
    "incomeBeforeTaxRatio": 0.3132538061,
    "incomeTaxExpense": 1571000000,
    "netIncome": 12022000000,
    "netIncomeRatio": 0.7923284782,
    "eps": 5.76,
    "epsdiluted": 5.71,
    "weightedAverageShsOut": 2087000000,
    "weightedAverageShsOutDil": 2105000000,
    "link": "https://www.sec.gov/Archives/edgar/data/764180/000119312507044345/0001193125-07-044345-index.htm",
    "finalLink": "https://www.sec.gov/Archives/edgar/data/764180/000119312507044345/d10k.htm"
  },
  {
    "date": "2005-12-31",
    "symbol": "MO",
    "reportedCurrency": "USD",
    "cik": "0000764180",
    "fillingDate": "2006-03-10",
    "acceptedDate": "2006-03-10 17:02:47",
    "calendarYear": "2005",
    "period": "FY",
    "revenue": 63741000000,
    "costOfRevenue": 43853000000,
    "grossProfit": 19888000000,
    "grossProfitRatio": 0.3120126763,
    "researchAndDevelopmentExpenses": 0,
    "generalAndAdministrativeExpenses": 0,
    "sellingAndMarketingExpenses": 0,
    "sellingGeneralAndAdministrativeExpenses": 7664000000,
    "otherExpenses": 384000000,
    "operatingExpenses": 8048000000,
    "costAndExpenses": 51901000000,
    "interestIncome": 0,
    "interestExpense": 0,
    "depreciationAndAmortization": 1675000000,
    "ebitda": 13542000000,
    "ebitdaratio": 0.2124535229,
    "operatingIncome": 11840000000,
    "operatingIncomeRatio": 0.185751714,
    "totalOtherIncomeExpensesNet": -521000000,
    "incomeBeforeTax": 11319000000,
    "incomeBeforeTaxRatio": 0.177578011,
    "incomeTaxExpense": 3409000000,
    "netIncome": 7937000000,
    "netIncomeRatio": 0.12451954,
    "eps": 5.04,
    "epsdiluted": 4.99,
    "weightedAverageShsOut": 2070000000,
    "weightedAverageShsOutDil": 2090000000,
    "link": "https://www.sec.gov/Archives/edgar/data/764180/000119312506051165/0001193125-06-051165-index.htm",
    "finalLink": "https://www.sec.gov/Archives/edgar/data/764180/000119312506051165/d10k.htm"
  },
  {
    "date": "2004-12-31",
    "symbol": "MO",
    "reportedCurrency": "USD",
    "cik": "0000764180",
    "fillingDate": "2005-03-15",
    "acceptedDate": "2005-03-15 16:55:21",
    "calendarYear": "2004",
    "period": "FY",
    "revenue": 63963000000,
    "costOfRevenue": 33853000000,
    "grossProfit": 30110000000,
    "grossProfitRatio": 0.4707408971,
    "researchAndDevelopmentExpenses": 809000000,
    "generalAndAdministrativeExpenses": 11093000000,
    "sellingAndMarketingExpenses": 1763000000,
    "sellingGeneralAndAdministrativeExpenses": 12856000000,
    "otherExpenses": 1265000000,
    "operatingExpenses": 14930000000,
    "costAndExpenses": 48783000000,
    "interestIncome": 0,
    "interestExpense": 0,
    "depreciationAndAmortization": 1607000000,
    "ebitda": 16893000000,
    "ebitdaratio": 0.2641058112,
    "operatingIncome": 15180000000,
    "operatingIncomeRatio": 0.2373247033,
    "totalOtherIncomeExpensesNet": -1176000000,
    "incomeBeforeTax": 14004000000,
    "incomeBeforeTaxRatio": 0.2189390742,
    "incomeTaxExpense": 4540000000,
    "netIncome": 9416000000,
    "netIncomeRatio": 0.1472101058,
    "eps": 4.6,
    "epsdiluted": 4.56,
    "weightedAverageShsOut": 2047000000,
    "weightedAverageShsOutDil": 2063000000,
    "link": "https://www.sec.gov/Archives/edgar/data/764180/000095012305003146/0000950123-05-003146-index.htm",
    "finalLink": "https://www.sec.gov/Archives/edgar/data/764180/000095012305003146/y06457e10vk.htm"
  },
  {
    "date": "2003-12-31",
    "symbol": "MO",
    "reportedCurrency": "USD",
    "cik": "0000764180",
    "fillingDate": "2004-03-12",
    "acceptedDate": "2004-03-12 17:07:29",
    "calendarYear": "2003",
    "period": "FY",
    "revenue": 60192000000,
    "costOfRevenue": 31465000000,
    "grossProfit": 28727000000,
    "grossProfitRatio": 0.4772561138,
    "researchAndDevelopmentExpenses": 756000000,
    "generalAndAdministrativeExpenses": 10159000000,
    "sellingAndMarketingExpenses": 1623000000,
    "sellingGeneralAndAdministrativeExpenses": 11782000000,
    "otherExpenses": 430000000,
    "operatingExpenses": 12968000000,
    "costAndExpenses": 44433000000,
    "interestIncome": 0,
    "interestExpense": 0,
    "depreciationAndAmortization": 1440000000,
    "ebitda": 17307000000,
    "ebitdaratio": 0.2875299043,
    "operatingIncome": 15759000000,
    "operatingIncomeRatio": 0.261812201,
    "totalOtherIncomeExpensesNet": -1150000000,
    "incomeBeforeTax": 14609000000,
    "incomeBeforeTaxRatio": 0.242706672,
    "incomeTaxExpense": 5097000000,
    "netIncome": 9204000000,
    "netIncomeRatio": 0.1529106858,
    "eps": 4.54,
    "epsdiluted": 4.52,
    "weightedAverageShsOut": 2028000000,
    "weightedAverageShsOutDil": 2038000000,
    "link": "https://www.sec.gov/Archives/edgar/data/764180/000119312504040664/0001193125-04-040664-index.htm",
    "finalLink": "https://www.sec.gov/Archives/edgar/data/764180/000119312504040664/d10k.htm"
  },
  {
    "date": "2002-12-31",
    "symbol": "MO",
    "reportedCurrency": "USD",
    "cik": "0000764180",
    "fillingDate": "2003-03-27",
    "acceptedDate": "2003-03-27 17:27:26",
    "calendarYear": "2002",
    "period": "FY",
    "revenue": 61707000000,
    "costOfRevenue": 32394000000,
    "grossProfit": 29313000000,
    "grossProfitRatio": 0.4750352472,
    "researchAndDevelopmentExpenses": 680000000,
    "generalAndAdministrativeExpenses": 9702000000,
    "sellingAndMarketingExpenses": 1835000000,
    "sellingGeneralAndAdministrativeExpenses": 11537000000,
    "otherExpenses": 648000000,
    "operatingExpenses": 12865000000,
    "costAndExpenses": 45259000000,
    "interestIncome": 0,
    "interestExpense": 0,
    "depreciationAndAmortization": 1331000000,
    "ebitda": 17876000000,
    "ebitdaratio": 0.2896916071,
    "operatingIncome": 16448000000,
    "operatingIncomeRatio": 0.2665499862,
    "totalOtherIncomeExpensesNet": 1497000000,
    "incomeBeforeTax": 17945000000,
    "incomeBeforeTaxRatio": 0.2908097947,
    "incomeTaxExpense": 6368000000,
    "netIncome": 11102000000,
    "netIncomeRatio": 0.1799147585,
    "eps": 5.26,
    "epsdiluted": 5.21,
    "weightedAverageShsOut": 2111000000,
    "weightedAverageShsOutDil": 2129000000,
    "link": "https://www.sec.gov/Archives/edgar/data/764180/000095011703001167/0000950117-03-001167-index.htm",
    "finalLink": "https://www.sec.gov/Archives/edgar/data/764180/000095011703001167/a34781.htm"
  },
  {
    "date": "2001-12-31",
    "symbol": "MO",
    "reportedCurrency": "USD",
    "cik": "0000764180",
    "fillingDate": "2002-03-19",
    "acceptedDate": "2002-03-19 00:00:00",
    "calendarYear": "2001",
    "period": "FY",
    "revenue": 63670000000,
    "costOfRevenue": 33900000000,
    "grossProfit": 29770000000,
    "grossProfitRatio": 0.4675671431,
    "researchAndDevelopmentExpenses": 0,
    "generalAndAdministrativeExpenses": 0,
    "sellingAndMarketingExpenses": 0,
    "sellingGeneralAndAdministrativeExpenses": 12461000000,
    "otherExpenses": 1607000000,
    "operatingExpenses": 14068000000,
    "costAndExpenses": 47968000000,
    "interestIncome": 0,
    "interestExpense": 0,
    "depreciationAndAmortization": 2337000000,
    "ebitda": 18039000000,
    "ebitdaratio": 0.283320245,
    "operatingIncome": 15702000000,
    "operatingIncomeRatio": 0.2466153605,
    "totalOtherIncomeExpensesNet": -1418000000,
    "incomeBeforeTax": 14284000000,
    "incomeBeforeTaxRatio": 0.2243442752,
    "incomeTaxExpense": 5407000000,
    "netIncome": 8560000000,
    "netIncomeRatio": 0.1344432229,
    "eps": 3.92,
    "epsdiluted": 3.87,
    "weightedAverageShsOut": 2181000000,
    "weightedAverageShsOutDil": 2210000000,
    "link": "https://www.sec.gov/Archives/edgar/data/764180/000095012302002676/0000950123-02-002676-index.htm",
    "finalLink": "https://www.sec.gov/Archives/edgar/data/764180/000095012302002676/y58476e10-k405.txt"
  },
  {
    "date": "2000-12-31",
    "symbol": "MO",
    "reportedCurrency": "USD",
    "cik": "0000764180",
    "fillingDate": "2001-03-29",
    "acceptedDate": "2001-03-29 00:00:00",
    "calendarYear": "2000",
    "period": "FY",
    "revenue": 56233000000,
    "costOfRevenue": 29687000000,
    "grossProfit": 26546000000,
    "grossProfitRatio": 0.4720715594,
    "researchAndDevelopmentExpenses": 0,
    "generalAndAdministrativeExpenses": 0,
    "sellingAndMarketingExpenses": 0,
    "sellingGeneralAndAdministrativeExpenses": 11423000000,
    "otherExpenses": 317000000,
    "operatingExpenses": 11740000000,
    "costAndExpenses": 41427000000,
    "interestIncome": 0,
    "interestExpense": 0,
    "depreciationAndAmortization": 1717000000,
    "ebitda": 16523000000,
    "ebitdaratio": 0.2938310245,
    "operatingIncome": 14806000000,
    "operatingIncomeRatio": 0.2632973521,
    "totalOtherIncomeExpensesNet": -846000000,
    "incomeBeforeTax": 13960000000,
    "incomeBeforeTaxRatio": 0.2482528053,
    "incomeTaxExpense": 5450000000,
    "netIncome": 8510000000,
    "netIncomeRatio": 0.1513346256,
    "eps": 3.85,
    "epsdiluted": 3.73,
    "weightedAverageShsOut": 2272377622,
    "weightedAverageShsOutDil": 2281501340,
    "link": "https://www.sec.gov/Archives/edgar/data/764180/000095011701000619/0000950117-01-000619-index.htm",
    "finalLink": "https://www.sec.gov/Archives/edgar/data/764180/000095011701000619/0000950117-01-000619-0001.txt"
  },
  {
    "date": "1999-12-31",
    "symbol": "MO",
    "reportedCurrency": "USD",
    "cik": "0000764180",
    "fillingDate": "2000-03-02",
    "acceptedDate": "2000-03-02 00:00:00",
    "calendarYear": "1999",
    "period": "FY",
    "revenue": 61751000000,
    "costOfRevenue": 28441000000,
    "grossProfit": 33310000000,
    "grossProfitRatio": 0.5394244628,
    "researchAndDevelopmentExpenses": 0,
    "generalAndAdministrativeExpenses": 0,
    "sellingAndMarketingExpenses": 0,
    "sellingGeneralAndAdministrativeExpenses": 18118000000,
    "otherExpenses": 1702000000,
    "operatingExpenses": 19820000000,
    "costAndExpenses": 48261000000,
    "interestIncome": 0,
    "interestExpense": 0,
    "depreciationAndAmortization": 1702000000,
    "ebitda": 15192000000,
    "ebitdaratio": 0.2460203074,
    "operatingIncome": 13490000000,
    "operatingIncomeRatio": 0.2184580007,
    "totalOtherIncomeExpensesNet": -795000000,
    "incomeBeforeTax": 12695000000,
    "incomeBeforeTaxRatio": 0.2055837152,
    "incomeTaxExpense": 5020000000,
    "netIncome": 7675000000,
    "netIncomeRatio": 0.1242894852,
    "eps": 3.21,
    "epsdiluted": 3.19,
    "weightedAverageShsOut": 2390965732,
    "weightedAverageShsOutDil": 2405956113,
    "link": "https://www.sec.gov/Archives/edgar/data/764180/000091205700009516/0000912057-00-009516-index.html",
    "finalLink": "https://www.sec.gov/Archives/edgar/data/764180/000091205700009516/"
  },
  {
    "date": "1998-12-31",
    "symbol": "MO",
    "reportedCurrency": "USD",
    "cik": "0000764180",
    "fillingDate": "1999-03-18",
    "acceptedDate": "1999-03-18 00:00:00",
    "calendarYear": "1998",
    "period": "FY",
    "revenue": 57813000000,
    "costOfRevenue": 25714000000,
    "grossProfit": 32099000000,
    "grossProfitRatio": 0.555221144,
    "researchAndDevelopmentExpenses": 0,
    "generalAndAdministrativeExpenses": 0,
    "sellingAndMarketingExpenses": 0,
    "sellingGeneralAndAdministrativeExpenses": 17051000000,
    "otherExpenses": 1690000000,
    "operatingExpenses": 18741000000,
    "costAndExpenses": 44455000000,
    "interestIncome": 0,
    "interestExpense": 0,
    "depreciationAndAmortization": 1690000000,
    "ebitda": 15048000000,
    "ebitdaratio": 0.2602874786,
    "operatingIncome": 13358000000,
    "operatingIncomeRatio": 0.231055299,
    "totalOtherIncomeExpensesNet": -4271000000,
    "incomeBeforeTax": 9087000000,
    "incomeBeforeTaxRatio": 0.1571791812,
    "incomeTaxExpense": 3715000000,
    "netIncome": 5372000000,
    "netIncomeRatio": 0.0929202774,
    "eps": 2.21,
    "epsdiluted": 2.2,
    "weightedAverageShsOut": 2430769231,
    "weightedAverageShsOutDil": 2441818182,
    "link": "https://www.sec.gov/Archives/edgar/data/764180/000104746999010218/0001047469-99-010218-index.html",
    "finalLink": "https://www.sec.gov/Archives/edgar/data/764180/"
  },
  {
    "date": "1997-12-31",
    "symbol": "MO",
    "reportedCurrency": "USD",
    "cik": "0000764180",
    "fillingDate": "1998-03-06",
    "acceptedDate": "1998-03-06 00:00:00",
    "calendarYear": "1997",
    "period": "FY",
    "revenue": 56114000000,
    "costOfRevenue": 25574000000,
    "grossProfit": 30540000000,
    "grossProfitRatio": 0.544249207,
    "researchAndDevelopmentExpenses": 0,
    "generalAndAdministrativeExpenses": 0,
    "sellingAndMarketingExpenses": 0,
    "sellingGeneralAndAdministrativeExpenses": 15720000000,
    "otherExpenses": 1700000000,
    "operatingExpenses": 17420000000,
    "costAndExpenses": 42994000000,
    "interestIncome": 0,
    "interestExpense": 0,
    "depreciationAndAmortization": 1700000000,
    "ebitda": 14820000000,
    "ebitdaratio": 0.2641052144,
    "operatingIncome": 13120000000,
    "operatingIncomeRatio": 0.2338097444,
    "totalOtherIncomeExpensesNet": -2509000000,
    "incomeBeforeTax": 10611000000,
    "incomeBeforeTaxRatio": 0.189097195,
    "incomeTaxExpense": 4301000000,
    "netIncome": 6310000000,
    "netIncomeRatio": 0.1124496561,
    "eps": 2.61,
    "epsdiluted": 2.58,
    "weightedAverageShsOut": 2420000000,
    "weightedAverageShsOutDil": 2442000000,
    "link": "https://www.sec.gov/Archives/edgar/data/764180/000104746998008784/0001047469-98-008784-index.html",
    "finalLink": "https://www.sec.gov/Archives/edgar/data/764180/"
  },
  {
    "date": "1996-12-31",
    "symbol": "MO",
    "reportedCurrency": "USD",
    "cik": "0000764180",
    "fillingDate": "1997-03-11",
    "acceptedDate": "1997-03-11 00:00:00",
    "calendarYear": "1996",
    "period": "FY",
    "revenue": 54553000000,
    "costOfRevenue": 25463000000,
    "grossProfit": 29090000000,
    "grossProfitRatio": 0.5332429014,
    "researchAndDevelopmentExpenses": 0,
    "generalAndAdministrativeExpenses": 0,
    "sellingAndMarketingExpenses": 0,
    "sellingGeneralAndAdministrativeExpenses": 15630000000,
    "otherExpenses": 1691000000,
    "operatingExpenses": 17321000000,
    "costAndExpenses": 42784000000,
    "interestIncome": 0,
    "interestExpense": 0,
    "depreciationAndAmortization": 1691000000,
    "ebitda": 13460000000,
    "ebitdaratio": 0.2467325353,
    "operatingIncome": 11769000000,
    "operatingIncomeRatio": 0.2157351566,
    "totalOtherIncomeExpensesNet": -1086000000,
    "incomeBeforeTax": 10683000000,
    "incomeBeforeTaxRatio": 0.1958279105,
    "incomeTaxExpense": 4380000000,
    "netIncome": 6303000000,
    "netIncomeRatio": 0.1155390171,
    "eps": 2.56,
    "epsdiluted": 2.56,
    "weightedAverageShsOut": 2462109375,
    "weightedAverageShsOutDil": 2462109375,
    "link": "https://www.sec.gov/Archives/edgar/data/764180/000091205797008419/0000912057-97-008419-index.html",
    "finalLink": "https://www.sec.gov/Archives/edgar/data/764180/"
  },
  {
    "date": "1995-12-31",
    "symbol": "MO",
    "reportedCurrency": "USD",
    "cik": "0000764180",
    "fillingDate": "1996-03-28",
    "acceptedDate": "1996-03-28 00:00:00",
    "calendarYear": "1995",
    "period": "FY",
    "revenue": 53139000000,
    "costOfRevenue": 25605000000,
    "grossProfit": 27534000000,
    "grossProfitRatio": 0.5181505109,
    "researchAndDevelopmentExpenses": 0,
    "generalAndAdministrativeExpenses": 0,
    "sellingAndMarketingExpenses": 0,
    "sellingGeneralAndAdministrativeExpenses": 15337000000,
    "otherExpenses": 1671000000,
    "operatingExpenses": 17008000000,
    "costAndExpenses": 42613000000,
    "interestIncome": 0,
    "interestExpense": 0,
    "depreciationAndAmortization": 1671000000,
    "ebitda": 12197000000,
    "ebitdaratio": 0.2295301003,
    "operatingIncome": 10526000000,
    "operatingIncomeRatio": 0.1980842696,
    "totalOtherIncomeExpensesNet": -1179000000,
    "incomeBeforeTax": 9347000000,
    "incomeBeforeTaxRatio": 0.1758971753,
    "incomeTaxExpense": 3869000000,
    "netIncome": 5450000000,
    "netIncomeRatio": 0.1025612074,
    "eps": 2.16,
    "epsdiluted": 2.16,
    "weightedAverageShsOut": 2523148148,
    "weightedAverageShsOutDil": 2532000000,
    "link": "https://www.sec.gov/Archives/edgar/data/764180/000095014696000483/0000950146-96-000483-index.html",
    "finalLink": "https://www.sec.gov/Archives/edgar/data/764180/"
  },
  {
    "date": "1994-12-31",
    "symbol": "MO",
    "reportedCurrency": "USD",
    "cik": "0000764180",
    "fillingDate": "1995-03-10",
    "acceptedDate": "1995-03-10 00:00:00",
    "calendarYear": "1994",
    "period": "FY",
    "revenue": 53776000000,
    "costOfRevenue": 26629000000,
    "grossProfit": 27147000000,
    "grossProfitRatio": 0.5048162749,
    "researchAndDevelopmentExpenses": 0,
    "generalAndAdministrativeExpenses": 0,
    "sellingAndMarketingExpenses": 0,
    "sellingGeneralAndAdministrativeExpenses": 15372000000,
    "otherExpenses": 2326000000,
    "operatingExpenses": 17698000000,
    "costAndExpenses": 44327000000,
    "interestIncome": 0,
    "interestExpense": 0,
    "depreciationAndAmortization": 2326000000,
    "ebitda": 11775000000,
    "ebitdaratio": 0.21896385,
    "operatingIncome": 9449000000,
    "operatingIncomeRatio": 0.1757103541,
    "totalOtherIncomeExpensesNet": -1233000000,
    "incomeBeforeTax": 8216000000,
    "incomeBeforeTaxRatio": 0.1527819101,
    "incomeTaxExpense": 3491000000,
    "netIncome": 4725000000,
    "netIncomeRatio": 0.0878644749,
    "eps": 1.82,
    "epsdiluted": 1.82,
    "weightedAverageShsOut": 2600917431,
    "weightedAverageShsOutDil": 2600917431,
    "link": "https://www.sec.gov/Archives/edgar/data/764180/000095013095000460/0000950130-95-000460-index.html",
    "finalLink": "https://www.sec.gov/Archives/edgar/data/764180/"
  },
  {
    "date": "1993-12-31",
    "symbol": "MO",
    "reportedCurrency": "USD",
    "cik": "0000764180",
    "fillingDate": "1994-03-16",
    "acceptedDate": "1994-03-16 00:00:00",
    "calendarYear": "1993",
    "period": "FY",
    "revenue": 50621000000,
    "costOfRevenue": 25152000000,
    "grossProfit": 25469000000,
    "grossProfitRatio": 0.5031311116,
    "researchAndDevelopmentExpenses": 0,
    "generalAndAdministrativeExpenses": 0,
    "sellingAndMarketingExpenses": 0,
    "sellingGeneralAndAdministrativeExpenses": 16263000000,
    "otherExpenses": 1619000000,
    "operatingExpenses": 17882000000,
    "costAndExpenses": 43034000000,
    "interestIncome": 0,
    "interestExpense": 0,
    "depreciationAndAmortization": 1619000000,
    "ebitda": 9206000000,
    "ebitdaratio": 0.1818612829,
    "operatingIncome": 7587000000,
    "operatingIncomeRatio": 0.1498785089,
    "totalOtherIncomeExpensesNet": -1391000000,
    "incomeBeforeTax": 6196000000,
    "incomeBeforeTaxRatio": 0.1223997946,
    "incomeTaxExpense": 2628000000,
    "netIncome": 3091000000,
    "netIncomeRatio": 0.0610616147,
    "eps": 1.17,
    "epsdiluted": 1.17,
    "weightedAverageShsOut": 2634363000,
    "weightedAverageShsOutDil": 2634363000,
    "link": "https://www.sec.gov/Archives/edgar/data/764180/000095013094000396/0000950130-94-000396-index.html",
    "finalLink": "https://www.sec.gov/Archives/edgar/data/764180/"
  },
  {
    "date": "1992-12-31",
    "symbol": "MO",
    "reportedCurrency": "USD",
    "cik": "0000764180",
    "fillingDate": "1992-12-31",
    "acceptedDate": "1992-12-31 00:00:00",
    "calendarYear": "1992",
    "period": "FY",
    "revenue": 59131000000,
    "costOfRevenue": 24540000000,
    "grossProfit": 34591000000,
    "grossProfitRatio": 0.5849892611,
    "researchAndDevelopmentExpenses": 0,
    "generalAndAdministrativeExpenses": 0,
    "sellingAndMarketingExpenses": 0,
    "sellingGeneralAndAdministrativeExpenses": 13954000000,
    "otherExpenses": 10578000000,
    "operatingExpenses": 24532000000,
    "costAndExpenses": 49072000000,
    "interestIncome": 0,
    "interestExpense": 0,
    "depreciationAndAmortization": 1542000000,
    "ebitda": 11601000000,
    "ebitdaratio": 0.196191507,
    "operatingIncome": 10059000000,
    "operatingIncomeRatio": 0.1701138151,
    "totalOtherIncomeExpensesNet": -1451000000,
    "incomeBeforeTax": 8608000000,
    "incomeBeforeTaxRatio": 0.1455750791,
    "incomeTaxExpense": 3669000000,
    "netIncome": 4939000000,
    "netIncomeRatio": 0.0835264075,
    "eps": 1.82,
    "epsdiluted": 1.8,
    "weightedAverageShsOut": 2713736264,
    "weightedAverageShsOutDil": 2743888889,
    "link": null,
    "finalLink": null
  },
  {
    "date": "1991-12-31",
    "symbol": "MO",
    "reportedCurrency": "USD",
    "cik": "0000764180",
    "fillingDate": "1991-12-31",
    "acceptedDate": "1991-12-31 00:00:00",
    "calendarYear": "1991",
    "period": "FY",
    "revenue": 56458000000,
    "costOfRevenue": 24115000000,
    "grossProfit": 32343000000,
    "grossProfitRatio": 0.5728683269,
    "researchAndDevelopmentExpenses": 0,
    "generalAndAdministrativeExpenses": 0,
    "sellingAndMarketingExpenses": 0,
    "sellingGeneralAndAdministrativeExpenses": 13830000000,
    "otherExpenses": 9891000000,
    "operatingExpenses": 23721000000,
    "costAndExpenses": 47836000000,
    "interestIncome": 0,
    "interestExpense": 0,
    "depreciationAndAmortization": 1497000000,
    "ebitda": 10119000000,
    "ebitdaratio": 0.1792305785,
    "operatingIncome": 8622000000,
    "operatingIncomeRatio": 0.1527152928,
    "totalOtherIncomeExpensesNet": -1651000000,
    "incomeBeforeTax": 6971000000,
    "incomeBeforeTaxRatio": 0.1234723157,
    "incomeTaxExpense": 3044000000,
    "netIncome": 3927000000,
    "netIncomeRatio": 0.0695561302,
    "eps": 1.41,
    "epsdiluted": 1.4,
    "weightedAverageShsOut": 2785106383,
    "weightedAverageShsOutDil": 2805000000,
    "link": null,
    "finalLink": null
  },
  {
    "date": "1990-12-31",
    "symbol": "MO",
    "reportedCurrency": "USD",
    "cik": "0000764180",
    "fillingDate": "1990-12-31",
    "acceptedDate": "1990-12-31 00:00:00",
    "calendarYear": "1990",
    "period": "FY",
    "revenue": 51169000000,
    "costOfRevenue": 23063000000,
    "grossProfit": 28106000000,
    "grossProfitRatio": 0.5492778831,
    "researchAndDevelopmentExpenses": 0,
    "generalAndAdministrativeExpenses": 0,
    "sellingAndMarketingExpenses": 0,
    "sellingGeneralAndAdministrativeExpenses": 11947000000,
    "otherExpenses": 8213000000,
    "operatingExpenses": 20160000000,
    "costAndExpenses": 43223000000,
    "interestIncome": 0,
    "interestExpense": 0,
    "depreciationAndAmortization": 1367000000,
    "ebitda": 9313000000,
    "ebitdaratio": 0.1820047294,
    "operatingIncome": 7946000000,
    "operatingIncomeRatio": 0.1552893353,
    "totalOtherIncomeExpensesNet": -1635000000,
    "incomeBeforeTax": 6311000000,
    "incomeBeforeTaxRatio": 0.1233363951,
    "incomeTaxExpense": 2771000000,
    "netIncome": 3540000000,
    "netIncomeRatio": 0.0691825128,
    "eps": 1.28,
    "epsdiluted": 1.27,
    "weightedAverageShsOut": 2765625000,
    "weightedAverageShsOutDil": 2787401575,
    "link": null,
    "finalLink": null
  },
  {
    "date": "1989-12-31",
    "symbol": "MO",
    "reportedCurrency": "USD",
    "cik": "0000764180",
    "fillingDate": "1989-12-31",
    "acceptedDate": "1989-12-31 00:00:00",
    "calendarYear": "1989",
    "period": "FY",
    "revenue": 44759000000,
    "costOfRevenue": 20635000000,
    "grossProfit": 24124000000,
    "grossProfitRatio": 0.5389754016,
    "researchAndDevelopmentExpenses": 0,
    "generalAndAdministrativeExpenses": 0,
    "sellingAndMarketingExpenses": 0,
    "sellingGeneralAndAdministrativeExpenses": 10393000000,
    "otherExpenses": 6942000000,
    "operatingExpenses": 17335000000,
    "costAndExpenses": 37970000000,
    "interestIncome": 0,
    "interestExpense": 0,
    "depreciationAndAmortization": 1194000000,
    "ebitda": 7983000000,
    "ebitdaratio": 0.1783551911,
    "operatingIncome": 6789000000,
    "operatingIncomeRatio": 0.1516789919,
    "totalOtherIncomeExpensesNet": -1731000000,
    "incomeBeforeTax": 5058000000,
    "incomeBeforeTaxRatio": 0.1130052057,
    "incomeTaxExpense": 2112000000,
    "netIncome": 2946000000,
    "netIncomeRatio": 0.0658191649,
    "eps": 1.06,
    "epsdiluted": 1.05,
    "weightedAverageShsOut": 2779245283,
    "weightedAverageShsOutDil": 2805714286,
    "link": null,
    "finalLink": null
  },
  {
    "date": "1988-12-31",
    "symbol": "MO",
    "reportedCurrency": "USD",
    "cik": "0000764180",
    "fillingDate": "1988-12-31",
    "acceptedDate": "1988-12-30 19:00:00",
    "calendarYear": "1988",
    "period": "FY",
    "revenue": 31742000000,
    "costOfRevenue": 17960000000,
    "grossProfit": 13782000000,
    "grossProfitRatio": 0.4341881419,
    "researchAndDevelopmentExpenses": 0,
    "generalAndAdministrativeExpenses": 0,
    "sellingAndMarketingExpenses": 0,
    "sellingGeneralAndAdministrativeExpenses": 8481000000,
    "otherExpenses": 779000000,
    "operatingExpenses": 9260000000,
    "costAndExpenses": 27220000000,
    "interestIncome": 0,
    "interestExpense": 0,
    "depreciationAndAmortization": 779000000,
    "ebitda": 5301000000,
    "ebitdaratio": 0.1670027093,
    "operatingIncome": 4522000000,
    "operatingIncomeRatio": 0.1424610926,
    "totalOtherIncomeExpensesNet": -522000000,
    "incomeBeforeTax": 4000000000,
    "incomeBeforeTaxRatio": 0.126016004,
    "incomeTaxExpense": 1663000000,
    "netIncome": 2337000000,
    "netIncomeRatio": 0.0736248504,
    "eps": 0.74,
    "epsdiluted": 0.73,
    "weightedAverageShsOut": 3158108108,
    "weightedAverageShsOutDil": 3201369863,
    "link": "",
    "finalLink": ""
  },
  {
    "date": "1987-12-31",
    "symbol": "MO",
    "reportedCurrency": "USD",
    "cik": "0000764180",
    "fillingDate": "1987-12-31",
    "acceptedDate": "1987-12-30 19:00:00",
    "calendarYear": "1987",
    "period": "FY",
    "revenue": 27695000000,
    "costOfRevenue": 15976000000,
    "grossProfit": 11719000000,
    "grossProfitRatio": 0.423144972,
    "researchAndDevelopmentExpenses": 0,
    "generalAndAdministrativeExpenses": 0,
    "sellingAndMarketingExpenses": 0,
    "sellingGeneralAndAdministrativeExpenses": 7004000000,
    "otherExpenses": 704000000,
    "operatingExpenses": 7708000000,
    "costAndExpenses": 23684000000,
    "interestIncome": 0,
    "interestExpense": 0,
    "depreciationAndAmortization": 704000000,
    "ebitda": 4715000000,
    "ebitdaratio": 0.1702473371,
    "operatingIncome": 4011000000,
    "operatingIncomeRatio": 0.1448275862,
    "totalOtherIncomeExpensesNet": -663000000,
    "incomeBeforeTax": 3348000000,
    "incomeBeforeTaxRatio": 0.120888247,
    "incomeTaxExpense": 1506000000,
    "netIncome": 1842000000,
    "netIncomeRatio": 0.0665102004,
    "eps": 0.65,
    "epsdiluted": 0.65,
    "weightedAverageShsOut": 2833846154,
    "weightedAverageShsOutDil": 2833846154,
    "link": "",
    "finalLink": ""
  },
  {
    "date": "1986-12-31",
    "symbol": "MO",
    "reportedCurrency": "USD",
    "cik": "0000764180",
    "fillingDate": "1986-12-31",
    "acceptedDate": "1986-12-30 19:00:00",
    "calendarYear": "1986",
    "period": "FY",
    "revenue": 20681000000,
    "costOfRevenue": 10384000000,
    "grossProfit": 10297000000,
    "grossProfitRatio": 0.4978966201,
    "researchAndDevelopmentExpenses": 0,
    "generalAndAdministrativeExpenses": 0,
    "sellingAndMarketingExpenses": 0,
    "sellingGeneralAndAdministrativeExpenses": 6038000000,
    "otherExpenses": 655000000,
    "operatingExpenses": 6693000000,
    "costAndExpenses": 17077000000,
    "interestIncome": 0,
    "interestExpense": 0,
    "depreciationAndAmortization": 655000000,
    "ebitda": 4259000000,
    "ebitdaratio": 0.2059378173,
    "operatingIncome": 3604000000,
    "operatingIncomeRatio": 0.1742662347,
    "totalOtherIncomeExpensesNet": -793000000,
    "incomeBeforeTax": 2811000000,
    "incomeBeforeTaxRatio": 0.1359218606,
    "incomeTaxExpense": 1333000000,
    "netIncome": 1478000000,
    "netIncomeRatio": 0.0714665635,
    "eps": 0.52,
    "epsdiluted": 0.52,
    "weightedAverageShsOut": 2842307692,
    "weightedAverageShsOutDil": 2842307692,
    "link": "",
    "finalLink": ""
  },
  {
    "date": "1985-12-31",
    "symbol": "MO",
    "reportedCurrency": "USD",
    "cik": "0000764180",
    "fillingDate": "1985-12-31",
    "acceptedDate": "1985-12-30 19:00:00",
    "calendarYear": "1985",
    "period": "FY",
    "revenue": 12149000000,
    "costOfRevenue": 5894000000,
    "grossProfit": 6255000000,
    "grossProfitRatio": 0.5148571899,
    "researchAndDevelopmentExpenses": 0,
    "generalAndAdministrativeExpenses": 0,
    "sellingAndMarketingExpenses": 0,
    "sellingGeneralAndAdministrativeExpenses": 3240000000,
    "otherExpenses": 424000000,
    "operatingExpenses": 3664000000,
    "costAndExpenses": 9558000000,
    "interestIncome": 0,
    "interestExpense": 0,
    "depreciationAndAmortization": 424000000,
    "ebitda": 3015000000,
    "ebitdaratio": 0.2481685735,
    "operatingIncome": 2591000000,
    "operatingIncomeRatio": 0.2132685818,
    "totalOtherIncomeExpensesNet": -262000000,
    "incomeBeforeTax": 2329000000,
    "incomeBeforeTaxRatio": 0.1917030208,
    "incomeTaxExpense": 1074000000,
    "netIncome": 1255000000,
    "netIncomeRatio": 0.1033006832,
    "eps": 0.44,
    "epsdiluted": 0.44,
    "weightedAverageShsOut": 2852272727,
    "weightedAverageShsOutDil": 2852272727,
    "link": "",
    "finalLink": ""
  }
]