[
  {
    "date": "2025-06-30",
    "symbol": "MOH",
    "reportedCurrency": "USD",
    "cik": "0001179929",
    "fillingDate": "2025-07-24",
    "acceptedDate": "2025-07-24 09:49:15",
    "calendarYear": "2025",
    "period": "Q2",
    "revenue": 11427000000,
    "costOfRevenue": 10260000000,
    "grossProfit": 1167000000,
    "grossProfitRatio": 0.1021265424,
    "researchAndDevelopmentExpenses": 0,
    "generalAndAdministrativeExpenses": 711000000,
    "sellingAndMarketingExpenses": 0,
    "sellingGeneralAndAdministrativeExpenses": 711000000,
    "otherExpenses": 83000000,
    "operatingExpenses": 794000000,
    "costAndExpenses": 11054000000,
    "interestIncome": 0,
    "interestExpense": 48000000,
    "depreciationAndAmortization": 58000000,
    "ebitda": 431000000,
    "ebitdaratio": 0.0377176862,
    "operatingIncome": 373000000,
    "operatingIncomeRatio": 0.0326419883,
    "totalOtherIncomeExpensesNet": -48000000,
    "incomeBeforeTax": 325000000,
    "incomeBeforeTaxRatio": 0.0284414107,
    "incomeTaxExpense": 70000000,
    "netIncome": 255000000,
    "netIncomeRatio": 0.0223155684,
    "eps": 4.72,
    "epsdiluted": 4.74,
    "weightedAverageShsOut": 54300000,
    "weightedAverageShsOutDil": 54300000,
    "link": "https://www.sec.gov/Archives/edgar/data/1179929/000117992925000119/0001179929-25-000119-index.htm",
    "finalLink": "https://www.sec.gov/Archives/edgar/data/1179929/000117992925000119/moh-20250630.htm"
  },
  {
    "date": "2025-03-31",
    "symbol": "MOH",
    "reportedCurrency": "USD",
    "cik": "0001179929",
    "fillingDate": "2025-04-24",
    "acceptedDate": "2025-04-24 10:04:48",
    "calendarYear": "2025",
    "period": "Q1",
    "revenue": 11147000000,
    "costOfRevenue": 9867000000,
    "grossProfit": 1280000000,
    "grossProfitRatio": 0.114829102,
    "researchAndDevelopmentExpenses": 0,
    "generalAndAdministrativeExpenses": 774000000,
    "sellingAndMarketingExpenses": 0,
    "sellingGeneralAndAdministrativeExpenses": 774000000,
    "otherExpenses": 73000000,
    "operatingExpenses": 847000000,
    "costAndExpenses": 10714000000,
    "interestIncome": 0,
    "interestExpense": 43000000,
    "depreciationAndAmortization": 48000000,
    "ebitda": 481000000,
    "ebitdaratio": 0.0431506235,
    "operatingIncome": 433000000,
    "operatingIncomeRatio": 0.0388445322,
    "totalOtherIncomeExpensesNet": -43000000,
    "incomeBeforeTax": 390000000,
    "incomeBeforeTaxRatio": 0.034986992,
    "incomeTaxExpense": 92000000,
    "netIncome": 298000000,
    "netIncomeRatio": 0.0267336503,
    "eps": 5.47,
    "epsdiluted": 5.45,
    "weightedAverageShsOut": 54600000,
    "weightedAverageShsOutDil": 54800000,
    "link": "https://www.sec.gov/Archives/edgar/data/1179929/000117992925000070/0001179929-25-000070-index.htm",
    "finalLink": "https://www.sec.gov/Archives/edgar/data/1179929/000117992925000070/moh-20250331.htm"
  },
  {
    "date": "2024-12-31",
    "symbol": "MOH",
    "reportedCurrency": "USD",
    "cik": "0001179929",
    "fillingDate": "2025-02-11",
    "acceptedDate": "2025-02-11 16:08:09",
    "calendarYear": "2024",
    "period": "Q4",
    "revenue": 10499000000,
    "costOfRevenue": 9386000000,
    "grossProfit": 1113000000,
    "grossProfitRatio": 0.1060100962,
    "researchAndDevelopmentExpenses": 0,
    "generalAndAdministrativeExpenses": 665000000,
    "sellingAndMarketingExpenses": 0,
    "sellingGeneralAndAdministrativeExpenses": 665000000,
    "otherExpenses": 68000000,
    "operatingExpenses": 733000000,
    "costAndExpenses": 10119000000,
    "interestIncome": 0,
    "interestExpense": 34000000,
    "depreciationAndAmortization": 48000000,
    "ebitda": 428000000,
    "ebitdaratio": 0.0407657872,
    "operatingIncome": 380000000,
    "operatingIncomeRatio": 0.0361939232,
    "totalOtherIncomeExpensesNet": -34000000,
    "incomeBeforeTax": 346000000,
    "incomeBeforeTaxRatio": 0.0329555196,
    "incomeTaxExpense": 95000000,
    "netIncome": 251000000,
    "netIncomeRatio": 0.0239070388,
    "eps": 4.37,
    "epsdiluted": 4.35,
    "weightedAverageShsOut": 57400000,
    "weightedAverageShsOutDil": 57700000,
    "link": "https://www.sec.gov/Archives/edgar/data/1179929/000117992925000023/0001179929-25-000023-index.htm",
    "finalLink": "https://www.sec.gov/Archives/edgar/data/1179929/000117992925000023/moh-20241231.htm"
  },
  {
    "date": "2024-09-30",
    "symbol": "MOH",
    "reportedCurrency": "USD",
    "cik": "0001179929",
    "fillingDate": "2024-10-24",
    "acceptedDate": "2024-10-24 10:34:12",
    "calendarYear": "2024",
    "period": "Q3",
    "revenue": 10340000000,
    "costOfRevenue": 9151000000,
    "grossProfit": 1189000000,
    "grossProfitRatio": 0.1149903288,
    "researchAndDevelopmentExpenses": 0,
    "generalAndAdministrativeExpenses": 676000000,
    "sellingAndMarketingExpenses": 0,
    "sellingGeneralAndAdministrativeExpenses": 676000000,
    "otherExpenses": 46000000,
    "operatingExpenses": 722000000,
    "costAndExpenses": 9873000000,
    "interestIncome": 0,
    "interestExpense": 29000000,
    "depreciationAndAmortization": 47000000,
    "ebitda": 514000000,
    "ebitdaratio": 0.0497098646,
    "operatingIncome": 467000000,
    "operatingIncomeRatio": 0.0451644101,
    "totalOtherIncomeExpensesNet": -29000000,
    "incomeBeforeTax": 438000000,
    "incomeBeforeTaxRatio": 0.0423597679,
    "incomeTaxExpense": 112000000,
    "netIncome": 326000000,
    "netIncomeRatio": 0.0315280464,
    "eps": 5.66,
    "epsdiluted": 5.65,
    "weightedAverageShsOut": 57600000,
    "weightedAverageShsOutDil": 57700000,
    "link": "https://www.sec.gov/Archives/edgar/data/1179929/000117992924000151/0001179929-24-000151-index.htm",
    "finalLink": "https://www.sec.gov/Archives/edgar/data/1179929/000117992924000151/moh-20240930.htm"
  },
  {
    "date": "2024-06-30",
    "symbol": "MOH",
    "reportedCurrency": "USD",
    "cik": "0001179929",
    "fillingDate": "2024-07-25",
    "acceptedDate": "2024-07-25 11:38:07",
    "calendarYear": "2024",
    "period": "Q2",
    "revenue": 9880000000,
    "costOfRevenue": 8666000000,
    "grossProfit": 1214000000,
    "grossProfitRatio": 0.1228744939,
    "researchAndDevelopmentExpenses": 0,
    "generalAndAdministrativeExpenses": 691000000,
    "sellingAndMarketingExpenses": 0,
    "sellingGeneralAndAdministrativeExpenses": 691000000,
    "otherExpenses": 89000000,
    "operatingExpenses": 780000000,
    "costAndExpenses": 9446000000,
    "interestIncome": 0,
    "interestExpense": 28000000,
    "depreciationAndAmortization": 46000000,
    "ebitda": 480000000,
    "ebitdaratio": 0.048582996,
    "operatingIncome": 434000000,
    "operatingIncomeRatio": 0.0439271255,
    "totalOtherIncomeExpensesNet": -28000000,
    "incomeBeforeTax": 406000000,
    "incomeBeforeTaxRatio": 0.0410931174,
    "incomeTaxExpense": 105000000,
    "netIncome": 301000000,
    "netIncomeRatio": 0.030465587,
    "eps": 5.2,
    "epsdiluted": 5.17,
    "weightedAverageShsOut": 57900000,
    "weightedAverageShsOutDil": 58200000,
    "link": "https://www.sec.gov/Archives/edgar/data/1179929/000117992924000123/0001179929-24-000123-index.htm",
    "finalLink": "https://www.sec.gov/Archives/edgar/data/1179929/000117992924000123/moh-20240630.htm"
  },
  {
    "date": "2024-03-31",
    "symbol": "MOH",
    "reportedCurrency": "USD",
    "cik": "0001179929",
    "fillingDate": "2024-04-25",
    "acceptedDate": "2024-04-25 09:40:50",
    "calendarYear": "2024",
    "period": "Q1",
    "revenue": 9931000000,
    "costOfRevenue": 8711000000,
    "grossProfit": 1220000000,
    "grossProfitRatio": 0.1228476488,
    "researchAndDevelopmentExpenses": 0,
    "generalAndAdministrativeExpenses": 711000000,
    "sellingAndMarketingExpenses": 0,
    "sellingGeneralAndAdministrativeExpenses": 711000000,
    "otherExpenses": 83000000,
    "operatingExpenses": 794000000,
    "costAndExpenses": 9505000000,
    "interestIncome": 0,
    "interestExpense": 27000000,
    "depreciationAndAmortization": 45000000,
    "ebitda": 471000000,
    "ebitdaratio": 0.047427248,
    "operatingIncome": 426000000,
    "operatingIncomeRatio": 0.0428959823,
    "totalOtherIncomeExpensesNet": -27000000,
    "incomeBeforeTax": 399000000,
    "incomeBeforeTaxRatio": 0.0401772228,
    "incomeTaxExpense": 98000000,
    "netIncome": 301000000,
    "netIncomeRatio": 0.030309133,
    "eps": 5.2,
    "epsdiluted": 5.16,
    "weightedAverageShsOut": 57900000,
    "weightedAverageShsOutDil": 58300000,
    "link": "https://www.sec.gov/Archives/edgar/data/1179929/000117992924000089/0001179929-24-000089-index.htm",
    "finalLink": "https://www.sec.gov/Archives/edgar/data/1179929/000117992924000089/moh-20240331.htm"
  },
  {
    "date": "2023-12-31",
    "symbol": "MOH",
    "reportedCurrency": "USD",
    "cik": "0001179929",
    "fillingDate": "2023-12-31",
    "acceptedDate": "2023-12-30 19:00:00",
    "calendarYear": "2023",
    "period": "Q4",
    "revenue": 9048000000,
    "costOfRevenue": 8006000000,
    "grossProfit": 1042000000,
    "grossProfitRatio": 0.1151635721,
    "researchAndDevelopmentExpenses": 0,
    "generalAndAdministrativeExpenses": 645000000,
    "sellingAndMarketingExpenses": 0,
    "sellingGeneralAndAdministrativeExpenses": 645000000,
    "otherExpenses": 81000000,
    "operatingExpenses": 726000000,
    "costAndExpenses": 8732000000,
    "interestIncome": 0,
    "interestExpense": 27000000,
    "depreciationAndAmortization": 43000000,
    "ebitda": 359000000,
    "ebitdaratio": 0.0396772767,
    "operatingIncome": 316000000,
    "operatingIncomeRatio": 0.0349248453,
    "totalOtherIncomeExpensesNet": -27000000,
    "incomeBeforeTax": 289000000,
    "incomeBeforeTaxRatio": 0.0319407604,
    "incomeTaxExpense": 73000000,
    "netIncome": 216000000,
    "netIncomeRatio": 0.023872679,
    "eps": 3.72,
    "epsdiluted": 3.71,
    "weightedAverageShsOut": 58000000,
    "weightedAverageShsOutDil": 58200000,
    "link": null,
    "finalLink": null
  },
  {
    "date": "2023-09-30",
    "symbol": "MOH",
    "reportedCurrency": "USD",
    "cik": "0001179929",
    "fillingDate": "2023-10-26",
    "acceptedDate": "2023-10-26 09:51:34",
    "calendarYear": "2023",
    "period": "Q3",
    "revenue": 8548000000,
    "costOfRevenue": 7482000000,
    "grossProfit": 1066000000,
    "grossProfitRatio": 0.1247075339,
    "researchAndDevelopmentExpenses": 0,
    "generalAndAdministrativeExpenses": 608000000,
    "sellingAndMarketingExpenses": 0,
    "sellingGeneralAndAdministrativeExpenses": 608000000,
    "otherExpenses": 99000000,
    "operatingExpenses": 707000000,
    "costAndExpenses": 8189000000,
    "interestIncome": 0,
    "interestExpense": 27000000,
    "depreciationAndAmortization": 42000000,
    "ebitda": 401000000,
    "ebitdaratio": 0.0469115583,
    "operatingIncome": 359000000,
    "operatingIncomeRatio": 0.0419981282,
    "totalOtherIncomeExpensesNet": -27000000,
    "incomeBeforeTax": 332000000,
    "incomeBeforeTaxRatio": 0.0388394946,
    "incomeTaxExpense": 87000000,
    "netIncome": 245000000,
    "netIncomeRatio": 0.0286616752,
    "eps": 4.24,
    "epsdiluted": 4.22,
    "weightedAverageShsOut": 57800000,
    "weightedAverageShsOutDil": 58100000,
    "link": "https://www.sec.gov/Archives/edgar/data/1179929/000117992923000132/0001179929-23-000132-index.htm",
    "finalLink": "https://www.sec.gov/Archives/edgar/data/1179929/000117992923000132/moh-20230930.htm"
  },
  {
    "date": "2023-06-30",
    "symbol": "MOH",
    "reportedCurrency": "USD",
    "cik": "0001179929",
    "fillingDate": "2023-07-27",
    "acceptedDate": "2023-07-27 09:43:06",
    "calendarYear": "2023",
    "period": "Q2",
    "revenue": 8327000000,
    "costOfRevenue": 7207000000,
    "grossProfit": 1120000000,
    "grossProfitRatio": 0.1345022217,
    "researchAndDevelopmentExpenses": 0,
    "generalAndAdministrativeExpenses": 618000000,
    "sellingAndMarketingExpenses": 0,
    "sellingGeneralAndAdministrativeExpenses": 618000000,
    "otherExpenses": 59000000,
    "operatingExpenses": 677000000,
    "costAndExpenses": 7884000000,
    "interestIncome": 0,
    "interestExpense": 27000000,
    "depreciationAndAmortization": 42000000,
    "ebitda": 485000000,
    "ebitdaratio": 0.0582442656,
    "operatingIncome": 443000000,
    "operatingIncomeRatio": 0.0532004323,
    "totalOtherIncomeExpensesNet": -27000000,
    "incomeBeforeTax": 416000000,
    "incomeBeforeTaxRatio": 0.0499579681,
    "incomeTaxExpense": 107000000,
    "netIncome": 309000000,
    "netIncomeRatio": 0.0371082022,
    "eps": 5.36,
    "epsdiluted": 5.34,
    "weightedAverageShsOut": 57700000,
    "weightedAverageShsOutDil": 57900000,
    "link": "https://www.sec.gov/Archives/edgar/data/1179929/000117992923000098/0001179929-23-000098-index.htm",
    "finalLink": "https://www.sec.gov/Archives/edgar/data/1179929/000117992923000098/moh-20230630.htm"
  },
  {
    "date": "2023-03-31",
    "symbol": "MOH",
    "reportedCurrency": "USD",
    "cik": "0001179929",
    "fillingDate": "2023-04-27",
    "acceptedDate": "2023-04-27 10:51:51",
    "calendarYear": "2023",
    "period": "Q1",
    "revenue": 8149000000,
    "costOfRevenue": 7043000000,
    "grossProfit": 1106000000,
    "grossProfitRatio": 0.1357221745,
    "researchAndDevelopmentExpenses": 0,
    "generalAndAdministrativeExpenses": 591000000,
    "sellingAndMarketingExpenses": 0,
    "sellingGeneralAndAdministrativeExpenses": 591000000,
    "otherExpenses": 60000000,
    "operatingExpenses": 651000000,
    "costAndExpenses": 7694000000,
    "interestIncome": 0,
    "interestExpense": 28000000,
    "depreciationAndAmortization": 44000000,
    "ebitda": 499000000,
    "ebitdaratio": 0.0612345073,
    "operatingIncome": 455000000,
    "operatingIncomeRatio": 0.0558350718,
    "totalOtherIncomeExpensesNet": -28000000,
    "incomeBeforeTax": 427000000,
    "incomeBeforeTaxRatio": 0.0523990674,
    "incomeTaxExpense": 106000000,
    "netIncome": 321000000,
    "netIncomeRatio": 0.0393913364,
    "eps": 5.53,
    "epsdiluted": 5.53,
    "weightedAverageShsOut": 58000000,
    "weightedAverageShsOutDil": 58000000,
    "link": "https://www.sec.gov/Archives/edgar/data/1179929/000117992923000069/0001179929-23-000069-index.htm",
    "finalLink": "https://www.sec.gov/Archives/edgar/data/1179929/000117992923000069/moh-20230331.htm"
  },
  {
    "date": "2022-12-31",
    "symbol": "MOH",
    "reportedCurrency": "USD",
    "cik": "0001179929",
    "fillingDate": "2023-02-13",
    "acceptedDate": "2023-02-13 16:22:24",
    "calendarYear": "2022",
    "period": "Q4",
    "revenue": 8223000000,
    "costOfRevenue": 7219000000,
    "grossProfit": 1004000000,
    "grossProfitRatio": 0.1220965584,
    "researchAndDevelopmentExpenses": 0,
    "generalAndAdministrativeExpenses": 629000000,
    "sellingAndMarketingExpenses": 0,
    "sellingGeneralAndAdministrativeExpenses": 629000000,
    "otherExpenses": 270000000,
    "operatingExpenses": 899000000,
    "costAndExpenses": 8118000000,
    "interestIncome": 0,
    "interestExpense": 27000000,
    "depreciationAndAmortization": 47000000,
    "ebitda": 152000000,
    "ebitdaratio": 0.0184847379,
    "operatingIncome": 105000000,
    "operatingIncomeRatio": 0.0127690624,
    "totalOtherIncomeExpensesNet": -27000000,
    "incomeBeforeTax": 78000000,
    "incomeBeforeTaxRatio": 0.0094855892,
    "incomeTaxExpense": 22000000,
    "netIncome": 56000000,
    "netIncomeRatio": 0.0068101666,
    "eps": 0.97,
    "epsdiluted": 0.96,
    "weightedAverageShsOut": 58000000,
    "weightedAverageShsOutDil": 58400000,
    "link": "https://www.sec.gov/Archives/edgar/data/1179929/000117992923000025/0001179929-23-000025-index.htm",
    "finalLink": "https://www.sec.gov/Archives/edgar/data/1179929/000117992923000025/moh-20221231.htm"
  },
  {
    "date": "2022-09-30",
    "symbol": "MOH",
    "reportedCurrency": "USD",
    "cik": "0001179929",
    "fillingDate": "2022-10-27",
    "acceptedDate": "2022-10-27 10:50:08",
    "calendarYear": "2022",
    "period": "Q3",
    "revenue": 7927000000,
    "costOfRevenue": 6971000000,
    "grossProfit": 956000000,
    "grossProfitRatio": 0.1206004794,
    "researchAndDevelopmentExpenses": 0,
    "generalAndAdministrativeExpenses": 560000000,
    "sellingAndMarketingExpenses": 0,
    "sellingGeneralAndAdministrativeExpenses": 560000000,
    "otherExpenses": 61000000,
    "operatingExpenses": 621000000,
    "costAndExpenses": 7592000000,
    "interestIncome": 0,
    "interestExpense": 28000000,
    "depreciationAndAmortization": 45000000,
    "ebitda": 380000000,
    "ebitdaratio": 0.047937429,
    "operatingIncome": 335000000,
    "operatingIncomeRatio": 0.0422606282,
    "totalOtherIncomeExpensesNet": -28000000,
    "incomeBeforeTax": 307000000,
    "incomeBeforeTaxRatio": 0.0387283966,
    "incomeTaxExpense": 77000000,
    "netIncome": 230000000,
    "netIncomeRatio": 0.0290147597,
    "eps": 3.99,
    "epsdiluted": 3.99,
    "weightedAverageShsOut": 57600000,
    "weightedAverageShsOutDil": 57600000,
    "link": "https://www.sec.gov/Archives/edgar/data/1179929/000117992922000172/0001179929-22-000172-index.htm",
    "finalLink": "https://www.sec.gov/Archives/edgar/data/1179929/000117992922000172/moh-20220930.htm"
  },
  {
    "date": "2022-06-30",
    "symbol": "MOH",
    "reportedCurrency": "USD",
    "cik": "0001179929",
    "fillingDate": "2022-07-28",
    "acceptedDate": "2022-07-28 10:33:37",
    "calendarYear": "2022",
    "period": "Q2",
    "revenue": 8054000000,
    "costOfRevenue": 7087000000,
    "grossProfit": 967000000,
    "grossProfitRatio": 0.1200645642,
    "researchAndDevelopmentExpenses": 0,
    "generalAndAdministrativeExpenses": 551000000,
    "sellingAndMarketingExpenses": 0,
    "sellingGeneralAndAdministrativeExpenses": 551000000,
    "otherExpenses": 55000000,
    "operatingExpenses": 606000000,
    "costAndExpenses": 7693000000,
    "interestIncome": 0,
    "interestExpense": 27000000,
    "depreciationAndAmortization": 44000000,
    "ebitda": 405000000,
    "ebitdaratio": 0.0502855724,
    "operatingIncome": 361000000,
    "operatingIncomeRatio": 0.0448224485,
    "totalOtherIncomeExpensesNet": -27000000,
    "incomeBeforeTax": 334000000,
    "incomeBeforeTaxRatio": 0.041470077,
    "incomeTaxExpense": 86000000,
    "netIncome": 248000000,
    "netIncomeRatio": 0.030792153,
    "eps": 4.29,
    "epsdiluted": 4.25,
    "weightedAverageShsOut": 57800000,
    "weightedAverageShsOutDil": 58400000,
    "link": "https://www.sec.gov/Archives/edgar/data/1179929/000117992922000112/0001179929-22-000112-index.htm",
    "finalLink": "https://www.sec.gov/Archives/edgar/data/1179929/000117992922000112/moh-20220630.htm"
  },
  {
    "date": "2022-03-31",
    "symbol": "MOH",
    "reportedCurrency": "USD",
    "cik": "0001179929",
    "fillingDate": "2022-04-28",
    "acceptedDate": "2022-04-28 12:03:20",
    "calendarYear": "2022",
    "period": "Q1",
    "revenue": 7770000000,
    "costOfRevenue": 6771000000,
    "grossProfit": 999000000,
    "grossProfitRatio": 0.1285714286,
    "researchAndDevelopmentExpenses": 0,
    "generalAndAdministrativeExpenses": 571000000,
    "sellingAndMarketingExpenses": 0,
    "sellingGeneralAndAdministrativeExpenses": 571000000,
    "otherExpenses": 56000000,
    "operatingExpenses": 627000000,
    "costAndExpenses": 7398000000,
    "interestIncome": 0,
    "interestExpense": 28000000,
    "depreciationAndAmortization": 40000000,
    "ebitda": 412000000,
    "ebitdaratio": 0.053024453,
    "operatingIncome": 372000000,
    "operatingIncomeRatio": 0.0478764479,
    "totalOtherIncomeExpensesNet": -28000000,
    "incomeBeforeTax": 344000000,
    "incomeBeforeTaxRatio": 0.0442728443,
    "incomeTaxExpense": 86000000,
    "netIncome": 258000000,
    "netIncomeRatio": 0.0332046332,
    "eps": 4.45,
    "epsdiluted": 4.4,
    "weightedAverageShsOut": 58000000,
    "weightedAverageShsOutDil": 58700000,
    "link": "https://www.sec.gov/Archives/edgar/data/1179929/000117992922000080/0001179929-22-000080-index.htm",
    "finalLink": "https://www.sec.gov/Archives/edgar/data/1179929/000117992922000080/moh-20220331.htm"
  },
  {
    "date": "2021-12-31",
    "symbol": "MOH",
    "reportedCurrency": "USD",
    "cik": "0001179929",
    "fillingDate": "2022-02-14",
    "acceptedDate": "2022-02-14 17:12:03",
    "calendarYear": "2021",
    "period": "Q4",
    "revenue": 7409000000,
    "costOfRevenue": 6573000000,
    "grossProfit": 836000000,
    "grossProfitRatio": 0.1128357403,
    "researchAndDevelopmentExpenses": 0,
    "generalAndAdministrativeExpenses": 579000000,
    "sellingAndMarketingExpenses": 0,
    "sellingGeneralAndAdministrativeExpenses": 579000000,
    "otherExpenses": 66000000,
    "operatingExpenses": 645000000,
    "costAndExpenses": 7218000000,
    "interestIncome": 0,
    "interestExpense": 30000000,
    "depreciationAndAmortization": 35000000,
    "ebitda": 201000000,
    "ebitdaratio": 0.0271291672,
    "operatingIncome": 191000000,
    "operatingIncomeRatio": 0.0257794574,
    "totalOtherIncomeExpensesNet": -55000000,
    "incomeBeforeTax": 136000000,
    "incomeBeforeTaxRatio": 0.0183560534,
    "incomeTaxExpense": 33000000,
    "netIncome": 103000000,
    "netIncomeRatio": 0.0139020111,
    "eps": 1.78,
    "epsdiluted": 1.74,
    "weightedAverageShsOut": 58000000,
    "weightedAverageShsOutDil": 58700000,
    "link": "https://www.sec.gov/Archives/edgar/data/1179929/000117992922000025/0001179929-22-000025-index.htm",
    "finalLink": "https://www.sec.gov/Archives/edgar/data/1179929/000117992922000025/moh-20211231.htm"
  },
  {
    "date": "2021-09-30",
    "symbol": "MOH",
    "reportedCurrency": "USD",
    "cik": "0001179929",
    "fillingDate": "2021-10-28",
    "acceptedDate": "2021-10-28 10:43:57",
    "calendarYear": "2021",
    "period": "Q3",
    "revenue": 7040000000,
    "costOfRevenue": 6253000000,
    "grossProfit": 787000000,
    "grossProfitRatio": 0.1117897727,
    "researchAndDevelopmentExpenses": 0,
    "generalAndAdministrativeExpenses": 532000000,
    "sellingAndMarketingExpenses": 0,
    "sellingGeneralAndAdministrativeExpenses": 532000000,
    "otherExpenses": 34000000,
    "operatingExpenses": 566000000,
    "costAndExpenses": 6819000000,
    "interestIncome": 0,
    "interestExpense": 30000000,
    "depreciationAndAmortization": 32000000,
    "ebitda": 253000000,
    "ebitdaratio": 0.0359375,
    "operatingIncome": 221000000,
    "operatingIncomeRatio": 0.0313920455,
    "totalOtherIncomeExpensesNet": -30000000,
    "incomeBeforeTax": 191000000,
    "incomeBeforeTaxRatio": 0.0271306818,
    "incomeTaxExpense": 48000000,
    "netIncome": 143000000,
    "netIncomeRatio": 0.0203125,
    "eps": 2.49,
    "epsdiluted": 2.46,
    "weightedAverageShsOut": 57800000,
    "weightedAverageShsOutDil": 58500000,
    "link": "https://www.sec.gov/Archives/edgar/data/1179929/000117992921000171/0001179929-21-000171-index.htm",
    "finalLink": "https://www.sec.gov/Archives/edgar/data/1179929/000117992921000171/moh-20210930.htm"
  },
  {
    "date": "2021-06-30",
    "symbol": "MOH",
    "reportedCurrency": "USD",
    "cik": "0001179929",
    "fillingDate": "2021-07-29",
    "acceptedDate": "2021-07-29 09:54:26",
    "calendarYear": "2021",
    "period": "Q2",
    "revenue": 6800000000,
    "costOfRevenue": 6004000000,
    "grossProfit": 796000000,
    "grossProfitRatio": 0.1170588235,
    "researchAndDevelopmentExpenses": 0,
    "generalAndAdministrativeExpenses": 484000000,
    "sellingAndMarketingExpenses": 0,
    "sellingGeneralAndAdministrativeExpenses": 484000000,
    "otherExpenses": 39000000,
    "operatingExpenses": 523000000,
    "costAndExpenses": 6527000000,
    "interestIncome": 0,
    "interestExpense": 30000000,
    "depreciationAndAmortization": 31000000,
    "ebitda": 304000000,
    "ebitdaratio": 0.0447058824,
    "operatingIncome": 273000000,
    "operatingIncomeRatio": 0.0401470588,
    "totalOtherIncomeExpensesNet": -30000000,
    "incomeBeforeTax": 243000000,
    "incomeBeforeTaxRatio": 0.0357352941,
    "incomeTaxExpense": 58000000,
    "netIncome": 185000000,
    "netIncomeRatio": 0.0272058824,
    "eps": 3.2,
    "epsdiluted": 3.16,
    "weightedAverageShsOut": 57700000,
    "weightedAverageShsOutDil": 58400000,
    "link": "https://www.sec.gov/Archives/edgar/data/1179929/000117992921000134/0001179929-21-000134-index.htm",
    "finalLink": "https://www.sec.gov/Archives/edgar/data/1179929/000117992921000134/moh-20210630.htm"
  },
  {
    "date": "2021-03-31",
    "symbol": "MOH",
    "reportedCurrency": "USD",
    "cik": "0001179929",
    "fillingDate": "2021-04-29",
    "acceptedDate": "2021-04-29 11:07:35",
    "calendarYear": "2021",
    "period": "Q1",
    "revenue": 6522000000,
    "costOfRevenue": 5661000000,
    "grossProfit": 861000000,
    "grossProfitRatio": 0.1320147194,
    "researchAndDevelopmentExpenses": 0,
    "generalAndAdministrativeExpenses": 473000000,
    "sellingAndMarketingExpenses": 0,
    "sellingGeneralAndAdministrativeExpenses": 473000000,
    "otherExpenses": 53000000,
    "operatingExpenses": 526000000,
    "costAndExpenses": 6187000000,
    "interestIncome": 0,
    "interestExpense": 30000000,
    "depreciationAndAmortization": 33000000,
    "ebitda": 368000000,
    "ebitdaratio": 0.0564244097,
    "operatingIncome": 335000000,
    "operatingIncomeRatio": 0.0513646121,
    "totalOtherIncomeExpensesNet": -30000000,
    "incomeBeforeTax": 305000000,
    "incomeBeforeTaxRatio": 0.0467647961,
    "incomeTaxExpense": 77000000,
    "netIncome": 228000000,
    "netIncomeRatio": 0.0349586017,
    "eps": 3.95,
    "epsdiluted": 3.89,
    "weightedAverageShsOut": 57700000,
    "weightedAverageShsOutDil": 58600000,
    "link": "https://www.sec.gov/Archives/edgar/data/1179929/000117992921000086/0001179929-21-000086-index.htm",
    "finalLink": "https://www.sec.gov/Archives/edgar/data/1179929/000117992921000086/moh-20210331.htm"
  },
  {
    "date": "2020-12-31",
    "symbol": "MOH",
    "reportedCurrency": "USD",
    "cik": "0001179929",
    "fillingDate": "2021-02-16",
    "acceptedDate": "2021-02-16 09:05:18",
    "calendarYear": "2020",
    "period": "Q4",
    "revenue": 5235000000,
    "costOfRevenue": 4648000000,
    "grossProfit": 587000000,
    "grossProfitRatio": 0.1121298949,
    "researchAndDevelopmentExpenses": 0,
    "generalAndAdministrativeExpenses": 450000000,
    "sellingAndMarketingExpenses": 0,
    "sellingGeneralAndAdministrativeExpenses": 450000000,
    "otherExpenses": 46000000,
    "operatingExpenses": 496000000,
    "costAndExpenses": 5144000000,
    "interestIncome": 0,
    "interestExpense": 30000000,
    "depreciationAndAmortization": 24000000,
    "ebitda": 105000000,
    "ebitdaratio": 0.0200573066,
    "operatingIncome": 91000000,
    "operatingIncomeRatio": 0.017382999,
    "totalOtherIncomeExpensesNet": -40000000,
    "incomeBeforeTax": 51000000,
    "incomeBeforeTaxRatio": 0.0097421203,
    "incomeTaxExpense": 17000000,
    "netIncome": 34000000,
    "netIncomeRatio": 0.0064947469,
    "eps": 0.57,
    "epsdiluted": 0.56,
    "weightedAverageShsOut": 59300000,
    "weightedAverageShsOutDil": 59400000,
    "link": "https://www.sec.gov/Archives/edgar/data/1179929/000117992921000024/0001179929-21-000024-index.htm",
    "finalLink": "https://www.sec.gov/Archives/edgar/data/1179929/000117992921000024/moh-20201231.htm"
  },
  {
    "date": "2020-09-30",
    "symbol": "MOH",
    "reportedCurrency": "USD",
    "cik": "0001179929",
    "fillingDate": "2020-10-29",
    "acceptedDate": "2020-10-29 09:32:08",
    "calendarYear": "2020",
    "period": "Q3",
    "revenue": 5021000000,
    "costOfRevenue": 4338000000,
    "grossProfit": 683000000,
    "grossProfitRatio": 0.1360286795,
    "researchAndDevelopmentExpenses": 0,
    "generalAndAdministrativeExpenses": 368000000,
    "sellingAndMarketingExpenses": 0,
    "sellingGeneralAndAdministrativeExpenses": 368000000,
    "otherExpenses": 26000000,
    "operatingExpenses": 394000000,
    "costAndExpenses": 4732000000,
    "interestIncome": 0,
    "interestExpense": 27000000,
    "depreciationAndAmortization": 23000000,
    "ebitda": 312000000,
    "ebitdaratio": 0.0621390161,
    "operatingIncome": 289000000,
    "operatingIncomeRatio": 0.0575582553,
    "totalOtherIncomeExpensesNet": -27000000,
    "incomeBeforeTax": 262000000,
    "incomeBeforeTaxRatio": 0.0521808405,
    "incomeTaxExpense": 77000000,
    "netIncome": 185000000,
    "netIncomeRatio": 0.03684525,
    "eps": 3.14,
    "epsdiluted": 3.1,
    "weightedAverageShsOut": 58700000,
    "weightedAverageShsOutDil": 59600000,
    "link": "https://www.sec.gov/Archives/edgar/data/1179929/000117992920000139/0001179929-20-000139-index.htm",
    "finalLink": "https://www.sec.gov/Archives/edgar/data/1179929/000117992920000139/moh-20200930.htm"
  },
  {
    "date": "2020-06-30",
    "symbol": "MOH",
    "reportedCurrency": "USD",
    "cik": "0001179929",
    "fillingDate": "2020-07-31",
    "acceptedDate": "2020-07-31 10:00:34",
    "calendarYear": "2020",
    "period": "Q2",
    "revenue": 4618000000,
    "costOfRevenue": 3826000000,
    "grossProfit": 792000000,
    "grossProfitRatio": 0.1715028151,
    "researchAndDevelopmentExpenses": 0,
    "generalAndAdministrativeExpenses": 345000000,
    "sellingAndMarketingExpenses": 0,
    "sellingGeneralAndAdministrativeExpenses": 345000000,
    "otherExpenses": 23000000,
    "operatingExpenses": 368000000,
    "costAndExpenses": 4194000000,
    "interestIncome": 0,
    "interestExpense": 24000000,
    "depreciationAndAmortization": 21000000,
    "ebitda": 440000000,
    "ebitdaratio": 0.0952793417,
    "operatingIncome": 424000000,
    "operatingIncomeRatio": 0.0918146384,
    "totalOtherIncomeExpensesNet": -29000000,
    "incomeBeforeTax": 395000000,
    "incomeBeforeTaxRatio": 0.0855348636,
    "incomeTaxExpense": 119000000,
    "netIncome": 276000000,
    "netIncomeRatio": 0.0597661325,
    "eps": 4.72,
    "epsdiluted": 4.65,
    "weightedAverageShsOut": 58600000,
    "weightedAverageShsOutDil": 59400000,
    "link": "https://www.sec.gov/Archives/edgar/data/1179929/000117992920000111/0001179929-20-000111-index.htm",
    "finalLink": "https://www.sec.gov/Archives/edgar/data/1179929/000117992920000111/moh-20200630.htm"
  },
  {
    "date": "2020-03-31",
    "symbol": "MOH",
    "reportedCurrency": "USD",
    "cik": "0001179929",
    "fillingDate": "2020-05-01",
    "acceptedDate": "2020-05-01 13:47:59",
    "calendarYear": "2020",
    "period": "Q1",
    "revenue": 4549000000,
    "costOfRevenue": 3934000000,
    "grossProfit": 615000000,
    "grossProfitRatio": 0.1351945483,
    "researchAndDevelopmentExpenses": 0,
    "generalAndAdministrativeExpenses": 317000000,
    "sellingAndMarketingExpenses": 0,
    "sellingGeneralAndAdministrativeExpenses": 317000000,
    "otherExpenses": 24000000,
    "operatingExpenses": 341000000,
    "costAndExpenses": 4275000000,
    "interestIncome": 0,
    "interestExpense": 21000000,
    "depreciationAndAmortization": 20000000,
    "ebitda": 294000000,
    "ebitdaratio": 0.0646295889,
    "operatingIncome": 274000000,
    "operatingIncomeRatio": 0.0602330182,
    "totalOtherIncomeExpensesNet": -21000000,
    "incomeBeforeTax": 253000000,
    "incomeBeforeTaxRatio": 0.055616619,
    "incomeTaxExpense": 75000000,
    "netIncome": 178000000,
    "netIncomeRatio": 0.039129479,
    "eps": 2.95,
    "epsdiluted": 2.92,
    "weightedAverageShsOut": 60200000,
    "weightedAverageShsOutDil": 61000000,
    "link": "https://www.sec.gov/Archives/edgar/data/1179929/000117992920000070/0001179929-20-000070-index.htm",
    "finalLink": "https://www.sec.gov/Archives/edgar/data/1179929/000117992920000070/moh-3312020x10q.htm"
  },
  {
    "date": "2019-12-31",
    "symbol": "MOH",
    "reportedCurrency": "USD",
    "cik": "0001179929",
    "fillingDate": "2020-02-14",
    "acceptedDate": "2020-02-14 15:08:03",
    "calendarYear": "2019",
    "period": "Q4",
    "revenue": 4274000000,
    "costOfRevenue": 3667000000,
    "grossProfit": 607000000,
    "grossProfitRatio": 0.1420215255,
    "researchAndDevelopmentExpenses": 0,
    "generalAndAdministrativeExpenses": 343000000,
    "sellingAndMarketingExpenses": 0,
    "sellingGeneralAndAdministrativeExpenses": 343000000,
    "otherExpenses": 21000000,
    "operatingExpenses": 364000000,
    "costAndExpenses": 4031000000,
    "interestIncome": 0,
    "interestExpense": 20000000,
    "depreciationAndAmortization": 21000000,
    "ebitda": 263000000,
    "ebitdaratio": 0.061534862,
    "operatingIncome": 242000000,
    "operatingIncomeRatio": 0.0566214319,
    "totalOtherIncomeExpensesNet": -20000000,
    "incomeBeforeTax": 222000000,
    "incomeBeforeTaxRatio": 0.0519419747,
    "incomeTaxExpense": 54000000,
    "netIncome": 168000000,
    "netIncomeRatio": 0.0393074403,
    "eps": 2.71,
    "epsdiluted": 2.67,
    "weightedAverageShsOut": 62000000,
    "weightedAverageShsOutDil": 63000000,
    "link": "https://www.sec.gov/Archives/edgar/data/1179929/000117992920000026/0001179929-20-000026-index.htm",
    "finalLink": "https://www.sec.gov/Archives/edgar/data/1179929/000117992920000026/moh-12312019x10k.htm"
  },
  {
    "date": "2019-09-30",
    "symbol": "MOH",
    "reportedCurrency": "USD",
    "cik": "0001179929",
    "fillingDate": "2019-10-30",
    "acceptedDate": "2019-10-30 12:30:19",
    "calendarYear": "2019",
    "period": "Q3",
    "revenue": 4243000000,
    "costOfRevenue": 3642000000,
    "grossProfit": 601000000,
    "grossProfitRatio": 0.1416450625,
    "researchAndDevelopmentExpenses": 0,
    "generalAndAdministrativeExpenses": 323000000,
    "sellingAndMarketingExpenses": 0,
    "sellingGeneralAndAdministrativeExpenses": 323000000,
    "otherExpenses": 21000000,
    "operatingExpenses": 344000000,
    "costAndExpenses": 3986000000,
    "interestIncome": 0,
    "interestExpense": 22000000,
    "depreciationAndAmortization": 21000000,
    "ebitda": 276000000,
    "ebitdaratio": 0.0650483149,
    "operatingIncome": 257000000,
    "operatingIncomeRatio": 0.0605703512,
    "totalOtherIncomeExpensesNet": -24000000,
    "incomeBeforeTax": 233000000,
    "incomeBeforeTaxRatio": 0.054913976,
    "incomeTaxExpense": 58000000,
    "netIncome": 175000000,
    "netIncomeRatio": 0.0412444025,
    "eps": 2.81,
    "epsdiluted": 2.75,
    "weightedAverageShsOut": 62200000,
    "weightedAverageShsOutDil": 63600000,
    "link": "https://www.sec.gov/Archives/edgar/data/1179929/000117992919000160/0001179929-19-000160-index.htm",
    "finalLink": "https://www.sec.gov/Archives/edgar/data/1179929/000117992919000160/moh-09302019x10q.htm"
  },
  {
    "date": "2019-06-30",
    "symbol": "MOH",
    "reportedCurrency": "USD",
    "cik": "0001179929",
    "fillingDate": "2019-07-31",
    "acceptedDate": "2019-07-31 11:02:22",
    "calendarYear": "2019",
    "period": "Q2",
    "revenue": 4193000000,
    "costOfRevenue": 3576000000,
    "grossProfit": 617000000,
    "grossProfitRatio": 0.1471500119,
    "researchAndDevelopmentExpenses": 0,
    "generalAndAdministrativeExpenses": 328000000,
    "sellingAndMarketingExpenses": 0,
    "sellingGeneralAndAdministrativeExpenses": 328000000,
    "otherExpenses": 24000000,
    "operatingExpenses": 352000000,
    "costAndExpenses": 3926000000,
    "interestIncome": 0,
    "interestExpense": 22000000,
    "depreciationAndAmortization": 22000000,
    "ebitda": 301000000,
    "ebitdaratio": 0.0717863105,
    "operatingIncome": 265000000,
    "operatingIncomeRatio": 0.0632005724,
    "totalOtherIncomeExpensesNet": -8000000,
    "incomeBeforeTax": 257000000,
    "incomeBeforeTaxRatio": 0.0612926306,
    "incomeTaxExpense": 61000000,
    "netIncome": 196000000,
    "netIncomeRatio": 0.0467445743,
    "eps": 3.15,
    "epsdiluted": 3.06,
    "weightedAverageShsOut": 62100000,
    "weightedAverageShsOutDil": 64000000,
    "link": "https://www.sec.gov/Archives/edgar/data/1179929/000117992919000134/0001179929-19-000134-index.htm",
    "finalLink": "https://www.sec.gov/Archives/edgar/data/1179929/000117992919000134/moh-06302019x10q.htm"
  },
  {
    "date": "2019-03-31",
    "symbol": "MOH",
    "reportedCurrency": "USD",
    "cik": "0001179929",
    "fillingDate": "2019-04-30",
    "acceptedDate": "2019-04-30 11:05:04",
    "calendarYear": "2019",
    "period": "Q1",
    "revenue": 4119000000,
    "costOfRevenue": 3509000000,
    "grossProfit": 610000000,
    "grossProfitRatio": 0.1480941976,
    "researchAndDevelopmentExpenses": 0,
    "generalAndAdministrativeExpenses": 302000000,
    "sellingAndMarketingExpenses": 0,
    "sellingGeneralAndAdministrativeExpenses": 302000000,
    "otherExpenses": 28000000,
    "operatingExpenses": 330000000,
    "costAndExpenses": 3836000000,
    "interestIncome": 0,
    "interestExpense": 23000000,
    "depreciationAndAmortization": 25000000,
    "ebitda": 308000000,
    "ebitdaratio": 0.0747754309,
    "operatingIncome": 280000000,
    "operatingIncomeRatio": 0.0679776645,
    "totalOtherIncomeExpensesNet": -20000000,
    "incomeBeforeTax": 260000000,
    "incomeBeforeTaxRatio": 0.063122117,
    "incomeTaxExpense": 62000000,
    "netIncome": 198000000,
    "netIncomeRatio": 0.0480699199,
    "eps": 3.19,
    "epsdiluted": 2.99,
    "weightedAverageShsOut": 62100000,
    "weightedAverageShsOutDil": 66200000,
    "link": "https://www.sec.gov/Archives/edgar/data/1179929/000117992919000082/0001179929-19-000082-index.htm",
    "finalLink": "https://www.sec.gov/Archives/edgar/data/1179929/000117992919000082/moh-03312019x10q.htm"
  },
  {
    "date": "2018-12-31",
    "symbol": "MOH",
    "reportedCurrency": "USD",
    "cik": "0001179929",
    "fillingDate": "2019-02-19",
    "acceptedDate": "2019-02-19 16:13:06",
    "calendarYear": "2018",
    "period": "Q4",
    "revenue": 4664000000,
    "costOfRevenue": 3974000000,
    "grossProfit": 690000000,
    "grossProfitRatio": 0.147941681,
    "researchAndDevelopmentExpenses": 0,
    "generalAndAdministrativeExpenses": 335000000,
    "sellingAndMarketingExpenses": 0,
    "sellingGeneralAndAdministrativeExpenses": 335000000,
    "otherExpenses": 83000000,
    "operatingExpenses": 418000000,
    "costAndExpenses": 4332000000,
    "interestIncome": 0,
    "interestExpense": 24000000,
    "depreciationAndAmortization": 23000000,
    "ebitda": 303000000,
    "ebitdaratio": 0.0649656947,
    "operatingIncome": 272000000,
    "operatingIncomeRatio": 0.0583190395,
    "totalOtherIncomeExpensesNet": -16000000,
    "incomeBeforeTax": 256000000,
    "incomeBeforeTaxRatio": 0.0548885077,
    "incomeTaxExpense": 55000000,
    "netIncome": 201000000,
    "netIncomeRatio": 0.0430960549,
    "eps": 3.24,
    "epsdiluted": 3.01,
    "weightedAverageShsOut": 62000000,
    "weightedAverageShsOutDil": 66600000,
    "link": "https://www.sec.gov/Archives/edgar/data/1179929/000117992919000032/0001179929-19-000032-index.htm",
    "finalLink": "https://www.sec.gov/Archives/edgar/data/1179929/000117992919000032/moh-12312018x10k.htm"
  },
  {
    "date": "2018-09-30",
    "symbol": "MOH",
    "reportedCurrency": "USD",
    "cik": "0001179929",
    "fillingDate": "2018-11-01",
    "acceptedDate": "2018-11-01 06:08:26",
    "calendarYear": "2018",
    "period": "Q3",
    "revenue": 4697000000,
    "costOfRevenue": 4098000000,
    "grossProfit": 599000000,
    "grossProfitRatio": 0.1275282095,
    "researchAndDevelopmentExpenses": 0,
    "generalAndAdministrativeExpenses": 311000000,
    "sellingAndMarketingExpenses": 0,
    "sellingGeneralAndAdministrativeExpenses": 311000000,
    "otherExpenses": -7000000,
    "operatingExpenses": 304000000,
    "costAndExpenses": 4402000000,
    "interestIncome": 0,
    "interestExpense": 26000000,
    "depreciationAndAmortization": 31000000,
    "ebitda": 310000000,
    "ebitdaratio": 0.0659995742,
    "operatingIncome": 295000000,
    "operatingIncomeRatio": 0.0628060464,
    "totalOtherIncomeExpensesNet": -36000000,
    "incomeBeforeTax": 259000000,
    "incomeBeforeTaxRatio": 0.0551415797,
    "incomeTaxExpense": 62000000,
    "netIncome": 197000000,
    "netIncomeRatio": 0.0419416649,
    "eps": 3.22,
    "epsdiluted": 2.9,
    "weightedAverageShsOut": 61300000,
    "weightedAverageShsOutDil": 67900000,
    "link": "https://www.sec.gov/Archives/edgar/data/1179929/000117992918000189/0001179929-18-000189-index.htm",
    "finalLink": "https://www.sec.gov/Archives/edgar/data/1179929/000117992918000189/moh-09302018x10q.htm"
  },
  {
    "date": "2018-06-30",
    "symbol": "MOH",
    "reportedCurrency": "USD",
    "cik": "0001179929",
    "fillingDate": "2018-08-01",
    "acceptedDate": "2018-08-01 06:03:25",
    "calendarYear": "2018",
    "period": "Q2",
    "revenue": 4883000000,
    "costOfRevenue": 4173000000,
    "grossProfit": 710000000,
    "grossProfitRatio": 0.1454024165,
    "researchAndDevelopmentExpenses": 0,
    "generalAndAdministrativeExpenses": 335000000,
    "sellingAndMarketingExpenses": 0,
    "sellingGeneralAndAdministrativeExpenses": 335000000,
    "otherExpenses": 25000000,
    "operatingExpenses": 360000000,
    "costAndExpenses": 4533000000,
    "interestIncome": 0,
    "interestExpense": 32000000,
    "depreciationAndAmortization": 36000000,
    "ebitda": 373000000,
    "ebitdaratio": 0.0763874667,
    "operatingIncome": 342000000,
    "operatingIncomeRatio": 0.0700389105,
    "totalOtherIncomeExpensesNet": -37000000,
    "incomeBeforeTax": 305000000,
    "incomeBeforeTaxRatio": 0.0624616015,
    "incomeTaxExpense": 103000000,
    "netIncome": 202000000,
    "netIncomeRatio": 0.0413680115,
    "eps": 3.29,
    "epsdiluted": 3.02,
    "weightedAverageShsOut": 61200000,
    "weightedAverageShsOutDil": 66700000,
    "link": "https://www.sec.gov/Archives/edgar/data/1179929/000117992918000145/0001179929-18-000145-index.htm",
    "finalLink": "https://www.sec.gov/Archives/edgar/data/1179929/000117992918000145/moh-06302018x10q.htm"
  },
  {
    "date": "2018-03-31",
    "symbol": "MOH",
    "reportedCurrency": "USD",
    "cik": "0001179929",
    "fillingDate": "2018-04-30",
    "acceptedDate": "2018-04-30 06:10:12",
    "calendarYear": "2018",
    "period": "Q1",
    "revenue": 4646000000,
    "costOfRevenue": 4021000000,
    "grossProfit": 625000000,
    "grossProfitRatio": 0.134524322,
    "researchAndDevelopmentExpenses": 0,
    "generalAndAdministrativeExpenses": 352000000,
    "sellingAndMarketingExpenses": 0,
    "sellingGeneralAndAdministrativeExpenses": 352000000,
    "otherExpenses": 51000000,
    "operatingExpenses": 403000000,
    "costAndExpenses": 4424000000,
    "interestIncome": 0,
    "interestExpense": 33000000,
    "depreciationAndAmortization": 37000000,
    "ebitda": 249000000,
    "ebitdaratio": 0.0535944899,
    "operatingIncome": 222000000,
    "operatingIncomeRatio": 0.0477830392,
    "totalOtherIncomeExpensesNet": -43000000,
    "incomeBeforeTax": 179000000,
    "incomeBeforeTaxRatio": 0.0385277658,
    "incomeTaxExpense": 72000000,
    "netIncome": 107000000,
    "netIncomeRatio": 0.0230305639,
    "eps": 1.79,
    "epsdiluted": 1.64,
    "weightedAverageShsOut": 59800000,
    "weightedAverageShsOutDil": 65200000,
    "link": "https://www.sec.gov/Archives/edgar/data/1179929/000117992918000102/0001179929-18-000102-index.htm",
    "finalLink": "https://www.sec.gov/Archives/edgar/data/1179929/000117992918000102/moh-03312018x10q.htm"
  },
  {
    "date": "2017-12-31",
    "symbol": "MOH",
    "reportedCurrency": "USD",
    "cik": "0001179929",
    "fillingDate": "2018-03-01",
    "acceptedDate": "2018-03-01 14:43:41",
    "calendarYear": "2017",
    "period": "Q4",
    "revenue": 4949000000,
    "costOfRevenue": 4481000000,
    "grossProfit": 468000000,
    "grossProfitRatio": 0.0945645585,
    "researchAndDevelopmentExpenses": 0,
    "generalAndAdministrativeExpenses": 367000000,
    "sellingAndMarketingExpenses": 0,
    "sellingGeneralAndAdministrativeExpenses": 367000000,
    "otherExpenses": 370000000,
    "operatingExpenses": 737000000,
    "costAndExpenses": 4876000000,
    "interestIncome": 0,
    "interestExpense": 33000000,
    "depreciationAndAmortization": 39000000,
    "ebitda": -244000000,
    "ebitdaratio": -0.0493028895,
    "operatingIncome": -269000000,
    "operatingIncomeRatio": -0.054354415,
    "totalOtherIncomeExpensesNet": -47000000,
    "incomeBeforeTax": -316000000,
    "incomeBeforeTaxRatio": -0.0638512831,
    "incomeTaxExpense": -54000000,
    "netIncome": -262000000,
    "netIncomeRatio": -0.0529399879,
    "eps": -4.59,
    "epsdiluted": -4.37,
    "weightedAverageShsOut": 57095648,
    "weightedAverageShsOutDil": 60000000,
    "link": "https://www.sec.gov/Archives/edgar/data/1179929/000117992918000040/0001179929-18-000040-index.htm",
    "finalLink": "https://www.sec.gov/Archives/edgar/data/1179929/000117992918000040/moh-12312017x10k.htm"
  },
  {
    "date": "2017-09-30",
    "symbol": "MOH",
    "reportedCurrency": "USD",
    "cik": "0001179929",
    "fillingDate": "2017-11-07",
    "acceptedDate": "2017-11-07 16:03:09",
    "calendarYear": "2017",
    "period": "Q3",
    "revenue": 5031000000,
    "costOfRevenue": 4449000000,
    "grossProfit": 582000000,
    "grossProfitRatio": 0.1156827668,
    "researchAndDevelopmentExpenses": 0,
    "generalAndAdministrativeExpenses": 383000000,
    "sellingAndMarketingExpenses": 0,
    "sellingGeneralAndAdministrativeExpenses": 383000000,
    "otherExpenses": 280000000,
    "operatingExpenses": 663000000,
    "costAndExpenses": 5112000000,
    "interestIncome": 0,
    "interestExpense": 32000000,
    "depreciationAndAmortization": 43000000,
    "ebitda": -38000000,
    "ebitdaratio": -0.0075531703,
    "operatingIncome": -81000000,
    "operatingIncomeRatio": -0.0161001789,
    "totalOtherIncomeExpensesNet": -32000000,
    "incomeBeforeTax": -113000000,
    "incomeBeforeTaxRatio": -0.0224607434,
    "incomeTaxExpense": -16000000,
    "netIncome": -97000000,
    "netIncomeRatio": -0.0192804611,
    "eps": -1.72,
    "epsdiluted": -1.72,
    "weightedAverageShsOut": 56500000,
    "weightedAverageShsOutDil": 56500000,
    "link": "https://www.sec.gov/Archives/edgar/data/1179929/000117992917000221/0001179929-17-000221-index.htm",
    "finalLink": "https://www.sec.gov/Archives/edgar/data/1179929/000117992917000221/moh-9302017x10q.htm"
  },
  {
    "date": "2017-06-30",
    "symbol": "MOH",
    "reportedCurrency": "USD",
    "cik": "0001179929",
    "fillingDate": "2017-08-02",
    "acceptedDate": "2017-08-02 16:23:44",
    "calendarYear": "2017",
    "period": "Q2",
    "revenue": 4999000000,
    "costOfRevenue": 4729000000,
    "grossProfit": 270000000,
    "grossProfitRatio": 0.0540108022,
    "researchAndDevelopmentExpenses": 0,
    "generalAndAdministrativeExpenses": 405000000,
    "sellingAndMarketingExpenses": 0,
    "sellingGeneralAndAdministrativeExpenses": 405000000,
    "otherExpenses": 152000000,
    "operatingExpenses": 557000000,
    "costAndExpenses": 5171000000,
    "interestIncome": 0,
    "interestExpense": 27000000,
    "depreciationAndAmortization": 47000000,
    "ebitda": -240000000,
    "ebitdaratio": -0.0480096019,
    "operatingIncome": -287000000,
    "operatingIncomeRatio": -0.0574114823,
    "totalOtherIncomeExpensesNet": -27000000,
    "incomeBeforeTax": -314000000,
    "incomeBeforeTaxRatio": -0.0628125625,
    "incomeTaxExpense": -84000000,
    "netIncome": -230000000,
    "netIncomeRatio": -0.0460092018,
    "eps": -4.11,
    "epsdiluted": -4.11,
    "weightedAverageShsOut": 56000000,
    "weightedAverageShsOutDil": 56000000,
    "link": "https://www.sec.gov/Archives/edgar/data/1179929/000117992917000172/0001179929-17-000172-index.htm",
    "finalLink": "https://www.sec.gov/Archives/edgar/data/1179929/000117992917000172/moh-6302017x10q.htm"
  },
  {
    "date": "2017-03-31",
    "symbol": "MOH",
    "reportedCurrency": "USD",
    "cik": "0001179929",
    "fillingDate": "2017-05-04",
    "acceptedDate": "2017-05-04 16:23:55",
    "calendarYear": "2017",
    "period": "Q1",
    "revenue": 4904000000,
    "costOfRevenue": 4344000000,
    "grossProfit": 560000000,
    "grossProfitRatio": 0.1141924959,
    "researchAndDevelopmentExpenses": 0,
    "generalAndAdministrativeExpenses": 439000000,
    "sellingAndMarketingExpenses": 0,
    "sellingGeneralAndAdministrativeExpenses": 439000000,
    "otherExpenses": 39000000,
    "operatingExpenses": 478000000,
    "costAndExpenses": 4822000000,
    "interestIncome": 0,
    "interestExpense": 26000000,
    "depreciationAndAmortization": 49000000,
    "ebitda": 206000000,
    "ebitdaratio": 0.0420065253,
    "operatingIncome": 82000000,
    "operatingIncomeRatio": 0.016721044,
    "totalOtherIncomeExpensesNet": 49000000,
    "incomeBeforeTax": 131000000,
    "incomeBeforeTaxRatio": 0.0267128874,
    "incomeTaxExpense": 54000000,
    "netIncome": 77000000,
    "netIncomeRatio": 0.0157014682,
    "eps": 1.38,
    "epsdiluted": 1.37,
    "weightedAverageShsOut": 56000000,
    "weightedAverageShsOutDil": 56000000,
    "link": "https://www.sec.gov/Archives/edgar/data/1179929/000117992917000099/0001179929-17-000099-index.htm",
    "finalLink": "https://www.sec.gov/Archives/edgar/data/1179929/000117992917000099/moh-3312017x10q.htm"
  },
  {
    "date": "2016-12-31",
    "symbol": "MOH",
    "reportedCurrency": "USD",
    "cik": "0001179929",
    "fillingDate": "2017-03-01",
    "acceptedDate": "2017-03-01 16:18:02",
    "calendarYear": "2016",
    "period": "Q4",
    "revenue": 4463000000,
    "costOfRevenue": 4141000000,
    "grossProfit": 322000000,
    "grossProfitRatio": 0.0721487788,
    "researchAndDevelopmentExpenses": 0,
    "generalAndAdministrativeExpenses": 359000000,
    "sellingAndMarketingExpenses": 0,
    "sellingGeneralAndAdministrativeExpenses": 359000000,
    "otherExpenses": 37000000,
    "operatingExpenses": 396000000,
    "costAndExpenses": 4537000000,
    "interestIncome": 0,
    "interestExpense": 25000000,
    "depreciationAndAmortization": 47000000,
    "ebitda": 41000000,
    "ebitdaratio": 0.0091866458,
    "operatingIncome": -6000000,
    "operatingIncomeRatio": -0.0013443872,
    "totalOtherIncomeExpensesNet": -25000000,
    "incomeBeforeTax": -99000000,
    "incomeBeforeTaxRatio": -0.0221823885,
    "incomeTaxExpense": -8000000,
    "netIncome": -91000000,
    "netIncomeRatio": -0.0203898723,
    "eps": -1.65,
    "epsdiluted": -1.6,
    "weightedAverageShsOut": 55219344,
    "weightedAverageShsOutDil": 57000000,
    "link": "https://www.sec.gov/Archives/edgar/data/1179929/000117992917000046/0001179929-17-000046-index.htm",
    "finalLink": "https://www.sec.gov/Archives/edgar/data/1179929/000117992917000046/moh-12312016x10k.htm"
  },
  {
    "date": "2016-09-30",
    "symbol": "MOH",
    "reportedCurrency": "USD",
    "cik": "0001179929",
    "fillingDate": "2016-10-27",
    "acceptedDate": "2016-10-27 16:26:48",
    "calendarYear": "2016",
    "period": "Q3",
    "revenue": 4546000000,
    "costOfRevenue": 4049000000,
    "grossProfit": 497000000,
    "grossProfitRatio": 0.1093268808,
    "researchAndDevelopmentExpenses": 0,
    "generalAndAdministrativeExpenses": 343000000,
    "sellingAndMarketingExpenses": 0,
    "sellingGeneralAndAdministrativeExpenses": 343000000,
    "otherExpenses": 36000000,
    "operatingExpenses": 379000000,
    "costAndExpenses": 4428000000,
    "interestIncome": 0,
    "interestExpense": 26000000,
    "depreciationAndAmortization": 46000000,
    "ebitda": 164000000,
    "ebitdaratio": 0.0360756709,
    "operatingIncome": 118000000,
    "operatingIncomeRatio": 0.0259568852,
    "totalOtherIncomeExpensesNet": -26000000,
    "incomeBeforeTax": 92000000,
    "incomeBeforeTaxRatio": 0.0202375715,
    "incomeTaxExpense": 50000000,
    "netIncome": 42000000,
    "netIncomeRatio": 0.0092388913,
    "eps": 0.77,
    "epsdiluted": 0.76,
    "weightedAverageShsOut": 56000000,
    "weightedAverageShsOutDil": 56000000,
    "link": "https://www.sec.gov/Archives/edgar/data/1179929/000117992916000397/0001179929-16-000397-index.htm",
    "finalLink": "https://www.sec.gov/Archives/edgar/data/1179929/000117992916000397/moh-09302016x10q.htm"
  },
  {
    "date": "2016-06-30",
    "symbol": "MOH",
    "reportedCurrency": "USD",
    "cik": "0001179929",
    "fillingDate": "2016-07-27",
    "acceptedDate": "2016-07-27 16:29:33",
    "calendarYear": "2016",
    "period": "Q2",
    "revenue": 4359000000,
    "costOfRevenue": 3869000000,
    "grossProfit": 490000000,
    "grossProfitRatio": 0.1124111035,
    "researchAndDevelopmentExpenses": 0,
    "generalAndAdministrativeExpenses": 351000000,
    "sellingAndMarketingExpenses": 0,
    "sellingGeneralAndAdministrativeExpenses": 351000000,
    "otherExpenses": 34000000,
    "operatingExpenses": 385000000,
    "costAndExpenses": 4254000000,
    "interestIncome": 0,
    "interestExpense": 25000000,
    "depreciationAndAmortization": 45000000,
    "ebitda": 139000000,
    "ebitdaratio": 0.0318880477,
    "operatingIncome": 105000000,
    "operatingIncomeRatio": 0.0240880936,
    "totalOtherIncomeExpensesNet": -25000000,
    "incomeBeforeTax": 80000000,
    "incomeBeforeTaxRatio": 0.0183528332,
    "incomeTaxExpense": 47000000,
    "netIncome": 33000000,
    "netIncomeRatio": 0.0075705437,
    "eps": 0.58,
    "epsdiluted": 0.58,
    "weightedAverageShsOut": 55000000,
    "weightedAverageShsOutDil": 55000000,
    "link": "https://www.sec.gov/Archives/edgar/data/1179929/000117992916000328/0001179929-16-000328-index.htm",
    "finalLink": "https://www.sec.gov/Archives/edgar/data/1179929/000117992916000328/moh-06302016x10q.htm"
  },
  {
    "date": "2016-03-31",
    "symbol": "MOH",
    "reportedCurrency": "USD",
    "cik": "0001179929",
    "fillingDate": "2016-05-03",
    "acceptedDate": "2016-05-02 20:22:12",
    "calendarYear": "2016",
    "period": "Q1",
    "revenue": 4343000000,
    "costOfRevenue": 3882000000,
    "grossProfit": 461000000,
    "grossProfitRatio": 0.1061478241,
    "researchAndDevelopmentExpenses": 0,
    "generalAndAdministrativeExpenses": 340000000,
    "sellingAndMarketingExpenses": 0,
    "sellingGeneralAndAdministrativeExpenses": 340000000,
    "otherExpenses": 32000000,
    "operatingExpenses": 372000000,
    "costAndExpenses": 4254000000,
    "interestIncome": 0,
    "interestExpense": 25000000,
    "depreciationAndAmortization": 44000000,
    "ebitda": 121000000,
    "ebitdaratio": 0.0278609256,
    "operatingIncome": 89000000,
    "operatingIncomeRatio": 0.0204927469,
    "totalOtherIncomeExpensesNet": -25000000,
    "incomeBeforeTax": 64000000,
    "incomeBeforeTaxRatio": 0.0147363574,
    "incomeTaxExpense": 40000000,
    "netIncome": 24000000,
    "netIncomeRatio": 0.005526134,
    "eps": 0.44,
    "epsdiluted": 0.43,
    "weightedAverageShsOut": 55000000,
    "weightedAverageShsOutDil": 57000000,
    "link": "https://www.sec.gov/Archives/edgar/data/1179929/000117992916000293/0001179929-16-000293-index.htm",
    "finalLink": "https://www.sec.gov/Archives/edgar/data/1179929/000117992916000293/moh-03312016x10q.htm"
  },
  {
    "date": "2015-12-31",
    "symbol": "MOH",
    "reportedCurrency": "USD",
    "cik": "0001179929",
    "fillingDate": "2016-02-26",
    "acceptedDate": "2016-02-26 16:59:25",
    "calendarYear": "2015",
    "period": "Q4",
    "revenue": 3765000000,
    "costOfRevenue": 3344000000,
    "grossProfit": 421000000,
    "grossProfitRatio": 0.1118193891,
    "researchAndDevelopmentExpenses": 0,
    "generalAndAdministrativeExpenses": 317000000,
    "sellingAndMarketingExpenses": 0,
    "sellingGeneralAndAdministrativeExpenses": 317000000,
    "otherExpenses": 28000000,
    "operatingExpenses": 345000000,
    "costAndExpenses": 3689000000,
    "interestIncome": 0,
    "interestExpense": 22000000,
    "depreciationAndAmortization": 33000000,
    "ebitda": 110624000,
    "ebitdaratio": 0.0293822045,
    "operatingIncome": 76000000,
    "operatingIncomeRatio": 0.020185923,
    "totalOtherIncomeExpensesNet": -19991000,
    "incomeBeforeTax": 56000000,
    "incomeBeforeTaxRatio": 0.014873838,
    "incomeTaxExpense": 26000000,
    "netIncome": 29605000,
    "netIncomeRatio": 0.0078632138,
    "eps": 0.54,
    "epsdiluted": 0.51,
    "weightedAverageShsOut": 56000000,
    "weightedAverageShsOutDil": 57700000,
    "link": "https://www.sec.gov/Archives/edgar/data/1179929/000117992916000231/0001179929-16-000231-index.htm",
    "finalLink": "https://www.sec.gov/Archives/edgar/data/1179929/000117992916000231/moh-12312015x10k.htm"
  },
  {
    "date": "2015-09-30",
    "symbol": "MOH",
    "reportedCurrency": "USD",
    "cik": "0001179929",
    "fillingDate": "2015-10-29",
    "acceptedDate": "2015-10-29 16:23:20",
    "calendarYear": "2015",
    "period": "Q3",
    "revenue": 3611363000,
    "costOfRevenue": 3184976000,
    "grossProfit": 426387000,
    "grossProfitRatio": 0.1180681643,
    "researchAndDevelopmentExpenses": 0,
    "generalAndAdministrativeExpenses": 287691000,
    "sellingAndMarketingExpenses": 0,
    "sellingGeneralAndAdministrativeExpenses": 287691000,
    "otherExpenses": 25843000,
    "operatingExpenses": 313534000,
    "costAndExpenses": 3498510000,
    "interestIncome": 0,
    "interestExpense": 15269000,
    "depreciationAndAmortization": 30507000,
    "ebitda": 144000000,
    "ebitdaratio": 0.0398741417,
    "operatingIncome": 112853000,
    "operatingIncomeRatio": 0.0312494202,
    "totalOtherIncomeExpensesNet": -15000000,
    "incomeBeforeTax": 97624000,
    "incomeBeforeTaxRatio": 0.0270324528,
    "incomeTaxExpense": 51329000,
    "netIncome": 46000000,
    "netIncomeRatio": 0.012737573,
    "eps": 0.84,
    "epsdiluted": 0.77,
    "weightedAverageShsOut": 55000000,
    "weightedAverageShsOutDil": 60000000,
    "link": "https://www.sec.gov/Archives/edgar/data/1179929/000117992915000166/0001179929-15-000166-index.htm",
    "finalLink": "https://www.sec.gov/Archives/edgar/data/1179929/000117992915000166/moh-09302015x10q.htm"
  },
  {
    "date": "2015-06-30",
    "symbol": "MOH",
    "reportedCurrency": "USD",
    "cik": "0001179929",
    "fillingDate": "2015-07-30",
    "acceptedDate": "2015-07-30 16:21:16",
    "calendarYear": "2015",
    "period": "Q2",
    "revenue": 3524890000,
    "costOfRevenue": 3097614000,
    "grossProfit": 427276000,
    "grossProfitRatio": 0.1212168323,
    "researchAndDevelopmentExpenses": 0,
    "generalAndAdministrativeExpenses": 286496000,
    "sellingAndMarketingExpenses": 0,
    "sellingGeneralAndAdministrativeExpenses": 286496000,
    "otherExpenses": 25152000,
    "operatingExpenses": 311648000,
    "costAndExpenses": 3409262000,
    "interestIncome": 0,
    "interestExpense": 14946000,
    "depreciationAndAmortization": 29502000,
    "ebitda": 145000000,
    "ebitdaratio": 0.0411360355,
    "operatingIncome": 115628000,
    "operatingIncomeRatio": 0.0328032932,
    "totalOtherIncomeExpensesNet": -15000000,
    "incomeBeforeTax": 100714000,
    "incomeBeforeTaxRatio": 0.0285722391,
    "incomeTaxExpense": 61783000,
    "netIncome": 39000000,
    "netIncomeRatio": 0.0110641751,
    "eps": 0.78,
    "epsdiluted": 0.72,
    "weightedAverageShsOut": 50000000,
    "weightedAverageShsOutDil": 54000000,
    "link": "https://www.sec.gov/Archives/edgar/data/1179929/000117992915000109/0001179929-15-000109-index.htm",
    "finalLink": "https://www.sec.gov/Archives/edgar/data/1179929/000117992915000109/moh-06302015x10q.htm"
  },
  {
    "date": "2015-03-31",
    "symbol": "MOH",
    "reportedCurrency": "USD",
    "cik": "0001179929",
    "fillingDate": "2015-05-07",
    "acceptedDate": "2015-05-07 16:25:09",
    "calendarYear": "2015",
    "period": "Q1",
    "revenue": 3171123000,
    "costOfRevenue": 2807811000,
    "grossProfit": 363312000,
    "grossProfitRatio": 0.1145688767,
    "researchAndDevelopmentExpenses": 0,
    "generalAndAdministrativeExpenses": 256090000,
    "sellingAndMarketingExpenses": 0,
    "sellingGeneralAndAdministrativeExpenses": 256090000,
    "otherExpenses": 24992000,
    "operatingExpenses": 281082000,
    "costAndExpenses": 3088893000,
    "interestIncome": 0,
    "interestExpense": 14876000,
    "depreciationAndAmortization": 32574000,
    "ebitda": 115000000,
    "ebitdaratio": 0.0362647554,
    "operatingIncome": 82230000,
    "operatingIncomeRatio": 0.0259308769,
    "totalOtherIncomeExpensesNet": -15000000,
    "incomeBeforeTax": 67364000,
    "incomeBeforeTaxRatio": 0.0212429477,
    "incomeTaxExpense": 39223000,
    "netIncome": 28000000,
    "netIncomeRatio": 0.0088296796,
    "eps": 0.58,
    "epsdiluted": 0.56,
    "weightedAverageShsOut": 49000000,
    "weightedAverageShsOutDil": 50000000,
    "link": "https://www.sec.gov/Archives/edgar/data/1179929/000117992915000068/0001179929-15-000068-index.htm",
    "finalLink": "https://www.sec.gov/Archives/edgar/data/1179929/000117992915000068/moh-03312015x10q.htm"
  },
  {
    "date": "2014-12-31",
    "symbol": "MOH",
    "reportedCurrency": "USD",
    "cik": "0001179929",
    "fillingDate": "2015-02-26",
    "acceptedDate": "2015-02-26 16:30:59",
    "calendarYear": "2014",
    "period": "Q4",
    "revenue": 2800968000,
    "costOfRevenue": 2474954000,
    "grossProfit": 326014000,
    "grossProfitRatio": 0.1163933326,
    "researchAndDevelopmentExpenses": 0,
    "generalAndAdministrativeExpenses": 204488000,
    "sellingAndMarketingExpenses": 0,
    "sellingGeneralAndAdministrativeExpenses": 204488000,
    "otherExpenses": 25082000,
    "operatingExpenses": 229570000,
    "costAndExpenses": 2704524000,
    "interestIncome": 0,
    "interestExpense": 14577000,
    "depreciationAndAmortization": 34940000,
    "ebitda": 131392000,
    "ebitdaratio": 0.046909497,
    "operatingIncome": 96444000,
    "operatingIncomeRatio": 0.0344323819,
    "totalOtherIncomeExpensesNet": -14569000,
    "incomeBeforeTax": 81875000,
    "incomeBeforeTaxRatio": 0.0292309659,
    "incomeTaxExpense": 47942000,
    "netIncome": 33792000,
    "netIncomeRatio": 0.0120644006,
    "eps": 0.68,
    "epsdiluted": 0.68,
    "weightedAverageShsOut": 48893069,
    "weightedAverageShsOutDil": 49727000,
    "link": "https://www.sec.gov/Archives/edgar/data/1179929/000117992915000007/0001179929-15-000007-index.htm",
    "finalLink": "https://www.sec.gov/Archives/edgar/data/1179929/000117992915000007/moh-12312014x10k.htm"
  },
  {
    "date": "2014-09-30",
    "symbol": "MOH",
    "reportedCurrency": "USD",
    "cik": "0001179929",
    "fillingDate": "2014-10-30",
    "acceptedDate": "2014-10-30 16:31:31",
    "calendarYear": "2014",
    "period": "Q3",
    "revenue": 2484351000,
    "costOfRevenue": 2241451000,
    "grossProfit": 242900000,
    "grossProfitRatio": 0.0977720137,
    "researchAndDevelopmentExpenses": 0,
    "generalAndAdministrativeExpenses": 178879000,
    "sellingAndMarketingExpenses": 0,
    "sellingGeneralAndAdministrativeExpenses": 178879000,
    "otherExpenses": 24242000,
    "operatingExpenses": 203121000,
    "costAndExpenses": 2444572000,
    "interestIncome": 0,
    "interestExpense": 14419000,
    "depreciationAndAmortization": 33810000,
    "ebitda": 72726000,
    "ebitdaratio": 0.0292736413,
    "operatingIncome": 39779000,
    "operatingIncomeRatio": 0.0160118276,
    "totalOtherIncomeExpensesNet": -15282000,
    "incomeBeforeTax": 24497000,
    "incomeBeforeTaxRatio": 0.0098605229,
    "incomeTaxExpense": 8427000,
    "netIncome": 16122000,
    "netIncomeRatio": 0.0064894212,
    "eps": 0.34,
    "epsdiluted": 0.33,
    "weightedAverageShsOut": 46991000,
    "weightedAverageShsOutDil": 48644000,
    "link": "https://www.sec.gov/Archives/edgar/data/1179929/000117992914000020/0001179929-14-000020-index.htm",
    "finalLink": "https://www.sec.gov/Archives/edgar/data/1179929/000117992914000020/moh-20140930x10q.htm"
  },
  {
    "date": "2014-06-30",
    "symbol": "MOH",
    "reportedCurrency": "USD",
    "cik": "0001179929",
    "fillingDate": "2014-07-30",
    "acceptedDate": "2014-07-30 16:33:16",
    "calendarYear": "2014",
    "period": "Q2",
    "revenue": 2312039000,
    "costOfRevenue": 2063471000,
    "grossProfit": 248568000,
    "grossProfitRatio": 0.1075102972,
    "researchAndDevelopmentExpenses": 0,
    "generalAndAdministrativeExpenses": 193239000,
    "sellingAndMarketingExpenses": 0,
    "sellingGeneralAndAdministrativeExpenses": 193239000,
    "otherExpenses": 22902000,
    "operatingExpenses": 216141000,
    "costAndExpenses": 2279612000,
    "interestIncome": 0,
    "interestExpense": 13993000,
    "depreciationAndAmortization": 32660000,
    "ebitda": 65096000,
    "ebitdaratio": 0.0281552344,
    "operatingIncome": 32427000,
    "operatingIncomeRatio": 0.0140252824,
    "totalOtherIncomeExpensesNet": -13984000,
    "incomeBeforeTax": 18443000,
    "incomeBeforeTaxRatio": 0.0079769416,
    "incomeTaxExpense": 10702000,
    "netIncome": 7811000,
    "netIncomeRatio": 0.0033784032,
    "eps": 0.17,
    "epsdiluted": 0.16,
    "weightedAverageShsOut": 46279000,
    "weightedAverageShsOutDil": 48003000,
    "link": "https://www.sec.gov/Archives/edgar/data/1179929/000117992914000017/0001179929-14-000017-index.htm",
    "finalLink": "https://www.sec.gov/Archives/edgar/data/1179929/000117992914000017/moh-20140630x10q.htm"
  },
  {
    "date": "2014-03-31",
    "symbol": "MOH",
    "reportedCurrency": "USD",
    "cik": "0001179929",
    "fillingDate": "2014-05-01",
    "acceptedDate": "2014-05-01 16:25:08",
    "calendarYear": "2014",
    "period": "Q1",
    "revenue": 2069243000,
    "costOfRevenue": 1836198000,
    "grossProfit": 233045000,
    "grossProfitRatio": 0.112623312,
    "researchAndDevelopmentExpenses": 0,
    "generalAndAdministrativeExpenses": 188087000,
    "sellingAndMarketingExpenses": 0,
    "sellingGeneralAndAdministrativeExpenses": 188087000,
    "otherExpenses": 20691000,
    "operatingExpenses": 208778000,
    "costAndExpenses": 2044976000,
    "interestIncome": 0,
    "interestExpense": 13822000,
    "depreciationAndAmortization": 32994000,
    "ebitda": 57305000,
    "ebitdaratio": 0.0276937025,
    "operatingIncome": 24267000,
    "operatingIncomeRatio": 0.0117274771,
    "totalOtherIncomeExpensesNet": -13778000,
    "incomeBeforeTax": 10489000,
    "incomeBeforeTaxRatio": 0.0050690035,
    "incomeTaxExpense": 5655000,
    "netIncome": 4498000,
    "netIncomeRatio": 0.0021737418,
    "eps": 0.1,
    "epsdiluted": 0.09,
    "weightedAverageShsOut": 46021000,
    "weightedAverageShsOutDil": 47520000,
    "link": "https://www.sec.gov/Archives/edgar/data/1179929/000117992914000014/0001179929-14-000014-index.htm",
    "finalLink": "https://www.sec.gov/Archives/edgar/data/1179929/000117992914000014/moh-20140331x10q.htm"
  },
  {
    "date": "2013-12-31",
    "symbol": "MOH",
    "reportedCurrency": "USD",
    "cik": "0001179929",
    "fillingDate": "2014-02-26",
    "acceptedDate": "2014-02-26 16:57:40",
    "calendarYear": "2013",
    "period": "Q4",
    "revenue": 1705622000,
    "costOfRevenue": 1501007000,
    "grossProfit": 204615000,
    "grossProfitRatio": 0.1199650333,
    "researchAndDevelopmentExpenses": 0,
    "generalAndAdministrativeExpenses": 187006000,
    "sellingAndMarketingExpenses": 0,
    "sellingGeneralAndAdministrativeExpenses": 187006000,
    "otherExpenses": 20294000,
    "operatingExpenses": 207300000,
    "costAndExpenses": 1708307000,
    "interestIncome": 0,
    "interestExpense": 13835000,
    "depreciationAndAmortization": 25831000,
    "ebitda": 23150000,
    "ebitdaratio": 0.0135727611,
    "operatingIncome": -2685000,
    "operatingIncomeRatio": -0.0015742058,
    "totalOtherIncomeExpensesNet": -13831000,
    "incomeBeforeTax": -16516000,
    "incomeBeforeTaxRatio": -0.009683271,
    "incomeTaxExpense": -7475000,
    "netIncome": -9126000,
    "netIncomeRatio": -0.0053505407,
    "eps": -0.2,
    "epsdiluted": -0.2,
    "weightedAverageShsOut": 45725000,
    "weightedAverageShsOutDil": 45725000,
    "link": "https://www.sec.gov/Archives/edgar/data/1179929/000117992914000004/0001179929-14-000004-index.htm",
    "finalLink": "https://www.sec.gov/Archives/edgar/data/1179929/000117992914000004/moh-12312013x10k.htm"
  },
  {
    "date": "2013-09-30",
    "symbol": "MOH",
    "reportedCurrency": "USD",
    "cik": "0001179929",
    "fillingDate": "2013-10-30",
    "acceptedDate": "2013-10-30 16:39:47",
    "calendarYear": "2013",
    "period": "Q3",
    "revenue": 1687079000,
    "costOfRevenue": 1467049000,
    "grossProfit": 220030000,
    "grossProfitRatio": 0.1304206857,
    "researchAndDevelopmentExpenses": 0,
    "generalAndAdministrativeExpenses": 176233000,
    "sellingAndMarketingExpenses": 0,
    "sellingGeneralAndAdministrativeExpenses": 176233000,
    "otherExpenses": 18871000,
    "operatingExpenses": 195104000,
    "costAndExpenses": 1662153000,
    "interestIncome": 0,
    "interestExpense": 13532000,
    "depreciationAndAmortization": 24128000,
    "ebitda": 49078000,
    "ebitdaratio": 0.0290905168,
    "operatingIncome": 24926000,
    "operatingIncomeRatio": 0.014774649,
    "totalOtherIncomeExpensesNet": -13508000,
    "incomeBeforeTax": 11418000,
    "incomeBeforeTaxRatio": 0.0067679107,
    "incomeTaxExpense": 3865000,
    "netIncome": 7569000,
    "netIncomeRatio": 0.0044864526,
    "eps": 0.17,
    "epsdiluted": 0.16,
    "weightedAverageShsOut": 45699000,
    "weightedAverageShsOutDil": 47062000,
    "link": "https://www.sec.gov/Archives/edgar/data/1179929/000117992913000005/0001179929-13-000005-index.htm",
    "finalLink": "https://www.sec.gov/Archives/edgar/data/1179929/000117992913000005/moh-20130930x10q.htm"
  },
  {
    "date": "2013-06-30",
    "symbol": "MOH",
    "reportedCurrency": "USD",
    "cik": "0001179929",
    "fillingDate": "2013-07-25",
    "acceptedDate": "2013-07-25 16:32:02",
    "calendarYear": "2013",
    "period": "Q2",
    "revenue": 1605834000,
    "costOfRevenue": 1380894000,
    "grossProfit": 224940000,
    "grossProfitRatio": 0.1400767452,
    "researchAndDevelopmentExpenses": 0,
    "generalAndAdministrativeExpenses": 161479000,
    "sellingAndMarketingExpenses": 0,
    "sellingGeneralAndAdministrativeExpenses": 161479000,
    "otherExpenses": 17015000,
    "operatingExpenses": 178494000,
    "costAndExpenses": 1559388000,
    "interestIncome": 0,
    "interestExpense": 11667000,
    "depreciationAndAmortization": 22108000,
    "ebitda": 65052000,
    "ebitdaratio": 0.0405097912,
    "operatingIncome": 46446000,
    "operatingIncomeRatio": 0.0289232885,
    "totalOtherIncomeExpensesNet": -15169000,
    "incomeBeforeTax": 31277000,
    "incomeBeforeTaxRatio": 0.0194771066,
    "incomeTaxExpense": 15481000,
    "netIncome": 24571000,
    "netIncomeRatio": 0.0153010834,
    "eps": 0.54,
    "epsdiluted": 0.53,
    "weightedAverageShsOut": 45446000,
    "weightedAverageShsOutDil": 46507000,
    "link": "https://www.sec.gov/Archives/edgar/data/1179929/000144530513001699/0001445305-13-001699-index.htm",
    "finalLink": "https://www.sec.gov/Archives/edgar/data/1179929/000144530513001699/moh-20130630x10q.htm"
  },
  {
    "date": "2013-03-31",
    "symbol": "MOH",
    "reportedCurrency": "USD",
    "cik": "0001179929",
    "fillingDate": "2013-05-03",
    "acceptedDate": "2013-05-02 19:17:30",
    "calendarYear": "2013",
    "period": "Q1",
    "revenue": 1590587000,
    "costOfRevenue": 1365524000,
    "grossProfit": 225063000,
    "grossProfitRatio": 0.1414968185,
    "researchAndDevelopmentExpenses": 0,
    "generalAndAdministrativeExpenses": 141407000,
    "sellingAndMarketingExpenses": 0,
    "sellingGeneralAndAdministrativeExpenses": 141407000,
    "otherExpenses": 16565000,
    "operatingExpenses": 157972000,
    "costAndExpenses": 1523496000,
    "interestIncome": 0,
    "interestExpense": 13037000,
    "depreciationAndAmortization": 21799000,
    "ebitda": 89803000,
    "ebitdaratio": 0.0564590305,
    "operatingIncome": 67873000,
    "operatingIncomeRatio": 0.0426716678,
    "totalOtherIncomeExpensesNet": -12906000,
    "incomeBeforeTax": 54185000,
    "incomeBeforeTaxRatio": 0.0340660398,
    "incomeTaxExpense": 24270000,
    "netIncome": 29915000,
    "netIncomeRatio": 0.018807522,
    "eps": 0.65,
    "epsdiluted": 0.64,
    "weightedAverageShsOut": 45981000,
    "weightedAverageShsOutDil": 46443000,
    "link": "https://www.sec.gov/Archives/edgar/data/1179929/000144530513001088/0001445305-13-001088-index.htm",
    "finalLink": "https://www.sec.gov/Archives/edgar/data/1179929/000144530513001088/moh-20130331x10q.htm"
  },
  {
    "date": "2012-12-31",
    "symbol": "MOH",
    "reportedCurrency": "USD",
    "cik": "0001179929",
    "fillingDate": "2013-02-28",
    "acceptedDate": "2013-02-28 16:36:36",
    "calendarYear": "2012",
    "period": "Q4",
    "revenue": 1578569000,
    "costOfRevenue": 1354759000,
    "grossProfit": 223810000,
    "grossProfitRatio": 0.1417803086,
    "researchAndDevelopmentExpenses": 0,
    "generalAndAdministrativeExpenses": 153419000,
    "sellingAndMarketingExpenses": 0,
    "sellingGeneralAndAdministrativeExpenses": 153419000,
    "otherExpenses": 16258000,
    "operatingExpenses": 169677000,
    "costAndExpenses": 1524436000,
    "interestIncome": 0,
    "interestExpense": 4348000,
    "depreciationAndAmortization": 20475000,
    "ebitda": 59909000,
    "ebitdaratio": 0.0379514611,
    "operatingIncome": 54133000,
    "operatingIncomeRatio": 0.0342924509,
    "totalOtherIncomeExpensesNet": -3987000,
    "incomeBeforeTax": 50146000,
    "incomeBeforeTaxRatio": 0.0317667457,
    "incomeTaxExpense": 24503000,
    "netIncome": 25643000,
    "netIncomeRatio": 0.0162444594,
    "eps": 0.55,
    "epsdiluted": 0.54,
    "weightedAverageShsOut": 46617000,
    "weightedAverageShsOutDil": 47143000,
    "link": "https://www.sec.gov/Archives/edgar/data/1179929/000144530513000387/0001445305-13-000387-index.htm",
    "finalLink": "https://www.sec.gov/Archives/edgar/data/1179929/000144530513000387/moh-12312012x10k.htm"
  },
  {
    "date": "2012-09-30",
    "symbol": "MOH",
    "reportedCurrency": "USD",
    "cik": "0001179929",
    "fillingDate": "2012-10-26",
    "acceptedDate": "2012-10-26 16:02:15",
    "calendarYear": "2012",
    "period": "Q3",
    "revenue": 1540190000,
    "costOfRevenue": 1351575000,
    "grossProfit": 188615000,
    "grossProfitRatio": 0.1224621638,
    "researchAndDevelopmentExpenses": 0,
    "generalAndAdministrativeExpenses": 127500000,
    "sellingAndMarketingExpenses": 0,
    "sellingGeneralAndAdministrativeExpenses": 127500000,
    "otherExpenses": 53928000,
    "operatingExpenses": 181428000,
    "costAndExpenses": 1533003000,
    "interestIncome": 0,
    "interestExpense": 4315000,
    "depreciationAndAmortization": 20279000,
    "ebitda": 22463000,
    "ebitdaratio": 0.0145845642,
    "operatingIncome": 7187000,
    "operatingIncomeRatio": 0.0046663074,
    "totalOtherIncomeExpensesNet": -4499000,
    "incomeBeforeTax": 2872000,
    "incomeBeforeTaxRatio": 0.001864705,
    "incomeTaxExpense": -492000,
    "netIncome": 3364000,
    "netIncomeRatio": 0.0021841461,
    "eps": 0.07,
    "epsdiluted": 0.07,
    "weightedAverageShsOut": 46546000,
    "weightedAverageShsOutDil": 46880000,
    "link": "https://www.sec.gov/Archives/edgar/data/1179929/000119312512437608/0001193125-12-437608-index.htm",
    "finalLink": "https://www.sec.gov/Archives/edgar/data/1179929/000119312512437608/d406541d10q.htm"
  },
  {
    "date": "2012-06-30",
    "symbol": "MOH",
    "reportedCurrency": "USD",
    "cik": "0001179929",
    "fillingDate": "2012-08-06",
    "acceptedDate": "2012-08-06 16:03:31",
    "calendarYear": "2012",
    "period": "Q2",
    "revenue": 1535316000,
    "costOfRevenue": 1408190000,
    "grossProfit": 127126000,
    "grossProfitRatio": 0.0828011953,
    "researchAndDevelopmentExpenses": 0,
    "generalAndAdministrativeExpenses": 131485000,
    "sellingAndMarketingExpenses": 0,
    "sellingGeneralAndAdministrativeExpenses": 131485000,
    "otherExpenses": 56016000,
    "operatingExpenses": 187501000,
    "costAndExpenses": 1595691000,
    "interestIncome": 0,
    "interestExpense": 3808000,
    "depreciationAndAmortization": 19671000,
    "ebitda": -30845000,
    "ebitdaratio": -0.0200903267,
    "operatingIncome": -59267000,
    "operatingIncomeRatio": -0.0386024766,
    "totalOtherIncomeExpensesNet": 4943000,
    "incomeBeforeTax": -63075000,
    "incomeBeforeTaxRatio": -0.0410827478,
    "incomeTaxExpense": -25769000,
    "netIncome": -37306000,
    "netIncomeRatio": -0.0242985809,
    "eps": -0.8,
    "epsdiluted": -0.8,
    "weightedAverageShsOut": 46355000,
    "weightedAverageShsOutDil": 46355000,
    "link": "https://www.sec.gov/Archives/edgar/data/1179929/000119312512337707/0001193125-12-337707-index.htm",
    "finalLink": "https://www.sec.gov/Archives/edgar/data/1179929/000119312512337707/d355754d10q.htm"
  },
  {
    "date": "2012-03-31",
    "symbol": "MOH",
    "reportedCurrency": "USD",
    "cik": "0001179929",
    "fillingDate": "2012-05-09",
    "acceptedDate": "2012-05-09 16:24:06",
    "calendarYear": "2012",
    "period": "Q1",
    "revenue": 1373580000,
    "costOfRevenue": 1161482000,
    "grossProfit": 212098000,
    "grossProfitRatio": 0.154412557,
    "researchAndDevelopmentExpenses": 0,
    "generalAndAdministrativeExpenses": 120223000,
    "sellingAndMarketingExpenses": 0,
    "sellingGeneralAndAdministrativeExpenses": 120223000,
    "otherExpenses": 58455000,
    "operatingExpenses": 178678000,
    "costAndExpenses": 1340160000,
    "interestIncome": 0,
    "interestExpense": 4298000,
    "depreciationAndAmortization": 18339000,
    "ebitda": 48445000,
    "ebitdaratio": 0.0352691507,
    "operatingIncome": 33420000,
    "operatingIncomeRatio": 0.0243305814,
    "totalOtherIncomeExpensesNet": -4298000,
    "incomeBeforeTax": 29122000,
    "incomeBeforeTaxRatio": 0.0212015318,
    "incomeTaxExpense": 11033000,
    "netIncome": 18089000,
    "netIncomeRatio": 0.0131692366,
    "eps": 0.39,
    "epsdiluted": 0.39,
    "weightedAverageShsOut": 45998000,
    "weightedAverageShsOutDil": 46887000,
    "link": "https://www.sec.gov/Archives/edgar/data/1179929/000119312512222126/0001193125-12-222126-index.htm",
    "finalLink": "https://www.sec.gov/Archives/edgar/data/1179929/000119312512222126/d335934d10q.htm"
  },
  {
    "date": "2011-12-31",
    "symbol": "MOH",
    "reportedCurrency": "USD",
    "cik": "0001179929",
    "fillingDate": "2012-02-29",
    "acceptedDate": "2012-02-29 16:54:06",
    "calendarYear": "2011",
    "period": "Q4",
    "revenue": 1306408000,
    "costOfRevenue": 1076912000,
    "grossProfit": 229496000,
    "grossProfitRatio": 0.1756694693,
    "researchAndDevelopmentExpenses": 0,
    "generalAndAdministrativeExpenses": 124965000,
    "sellingAndMarketingExpenses": 0,
    "sellingGeneralAndAdministrativeExpenses": 124965000,
    "otherExpenses": 56059000,
    "operatingExpenses": 181024000,
    "costAndExpenses": 1322511000,
    "interestIncome": 0,
    "interestExpense": 3853000,
    "depreciationAndAmortization": 21969000,
    "ebitda": 5866000,
    "ebitdaratio": 0.0044901746,
    "operatingIncome": -16103000,
    "operatingIncomeRatio": -0.0123261646,
    "totalOtherIncomeExpensesNet": -3853000,
    "incomeBeforeTax": -19956000,
    "incomeBeforeTaxRatio": -0.0152754729,
    "incomeTaxExpense": 13004000,
    "netIncome": -32960000,
    "netIncomeRatio": -0.0252294842,
    "eps": -0.72,
    "epsdiluted": -0.72,
    "weightedAverageShsOut": 45945000,
    "weightedAverageShsOutDil": 45998000,
    "link": "https://www.sec.gov/Archives/edgar/data/1179929/000119312512089404/0001193125-12-089404-index.htm",
    "finalLink": "https://www.sec.gov/Archives/edgar/data/1179929/000119312512089404/d267577d10k.htm"
  },
  {
    "date": "2011-09-30",
    "symbol": "MOH",
    "reportedCurrency": "USD",
    "cik": "0001179929",
    "fillingDate": "2011-10-28",
    "acceptedDate": "2011-10-28 16:30:38",
    "calendarYear": "2011",
    "period": "Q3",
    "revenue": 1176722000,
    "costOfRevenue": 993742000,
    "grossProfit": 182980000,
    "grossProfitRatio": 0.1554997697,
    "researchAndDevelopmentExpenses": 0,
    "generalAndAdministrativeExpenses": 99610000,
    "sellingAndMarketingExpenses": 0,
    "sellingGeneralAndAdministrativeExpenses": 99610000,
    "otherExpenses": 49804000,
    "operatingExpenses": 149414000,
    "costAndExpenses": 1143156000,
    "interestIncome": 0,
    "interestExpense": 4380000,
    "depreciationAndAmortization": 17812000,
    "ebitda": 46996000,
    "ebitdaratio": 0.0399380652,
    "operatingIncome": 33566000,
    "operatingIncomeRatio": 0.0285250042,
    "totalOtherIncomeExpensesNet": -4380000,
    "incomeBeforeTax": 29186000,
    "incomeBeforeTaxRatio": 0.0248027996,
    "incomeTaxExpense": 10236000,
    "netIncome": 18950000,
    "netIncomeRatio": 0.0161040586,
    "eps": 0.41,
    "epsdiluted": 0.41,
    "weightedAverageShsOut": 45834000,
    "weightedAverageShsOutDil": 46296000,
    "link": "https://www.sec.gov/Archives/edgar/data/1179929/000095012311093007/0000950123-11-093007-index.htm",
    "finalLink": "https://www.sec.gov/Archives/edgar/data/1179929/000095012311093007/c23602e10vq.htm"
  },
  {
    "date": "2011-06-30",
    "symbol": "MOH",
    "reportedCurrency": "USD",
    "cik": "0001179929",
    "fillingDate": "2011-07-27",
    "acceptedDate": "2011-07-27 16:00:56",
    "calendarYear": "2011",
    "period": "Q2",
    "revenue": 1167104000,
    "costOfRevenue": 988574000,
    "grossProfit": 178530000,
    "grossProfitRatio": 0.152968373,
    "researchAndDevelopmentExpenses": 0,
    "generalAndAdministrativeExpenses": 96921000,
    "sellingAndMarketingExpenses": 0,
    "sellingGeneralAndAdministrativeExpenses": 96921000,
    "otherExpenses": 50199000,
    "operatingExpenses": 147120000,
    "costAndExpenses": 1135694000,
    "interestIncome": 0,
    "interestExpense": 3683000,
    "depreciationAndAmortization": 16508000,
    "ebitda": 43900000,
    "ebitdaratio": 0.0376144714,
    "operatingIncome": 31410000,
    "operatingIncomeRatio": 0.0269127687,
    "totalOtherIncomeExpensesNet": -3683000,
    "incomeBeforeTax": 27727000,
    "incomeBeforeTaxRatio": 0.0237570945,
    "incomeTaxExpense": 10287000,
    "netIncome": 17440000,
    "netIncomeRatio": 0.0149429699,
    "eps": 0.38,
    "epsdiluted": 0.38,
    "weightedAverageShsOut": 45897000,
    "weightedAverageShsOutDil": 46471000,
    "link": "https://www.sec.gov/Archives/edgar/data/1179929/000095012311068901/0000950123-11-068901-index.htm",
    "finalLink": "https://www.sec.gov/Archives/edgar/data/1179929/000095012311068901/c19277e10vq.htm"
  },
  {
    "date": "2011-03-31",
    "symbol": "MOH",
    "reportedCurrency": "USD",
    "cik": "0001179929",
    "fillingDate": "2011-05-09",
    "acceptedDate": "2011-05-09 16:31:29",
    "calendarYear": "2011",
    "period": "Q1",
    "revenue": 1119706000,
    "costOfRevenue": 944753000,
    "grossProfit": 174953000,
    "grossProfitRatio": 0.1562490511,
    "researchAndDevelopmentExpenses": 0,
    "generalAndAdministrativeExpenses": 94436000,
    "sellingAndMarketingExpenses": 0,
    "sellingGeneralAndAdministrativeExpenses": 94436000,
    "otherExpenses": 49217000,
    "operatingExpenses": 143653000,
    "costAndExpenses": 1088406000,
    "interestIncome": 0,
    "interestExpense": 3603000,
    "depreciationAndAmortization": 18094000,
    "ebitda": 43967000,
    "ebitdaratio": 0.0392665575,
    "operatingIncome": 31300000,
    "operatingIncomeRatio": 0.0279537664,
    "totalOtherIncomeExpensesNet": -3603000,
    "incomeBeforeTax": 27697000,
    "incomeBeforeTaxRatio": 0.0247359575,
    "incomeTaxExpense": 10309000,
    "netIncome": 17388000,
    "netIncomeRatio": 0.0155290764,
    "eps": 0.38,
    "epsdiluted": 0.38,
    "weightedAverageShsOut": 45588000,
    "weightedAverageShsOutDil": 46257000,
    "link": "https://www.sec.gov/Archives/edgar/data/1179929/000095012311047430/0000950123-11-047430-index.htm",
    "finalLink": "https://www.sec.gov/Archives/edgar/data/1179929/000095012311047430/c16281e10vq.htm"
  },
  {
    "date": "2010-12-31",
    "symbol": "MOH",
    "reportedCurrency": "USD",
    "cik": "0001179929",
    "fillingDate": "2011-03-08",
    "acceptedDate": "2011-03-08 15:18:37",
    "calendarYear": "2010",
    "period": "Q4",
    "revenue": 1080752000,
    "costOfRevenue": 899279000,
    "grossProfit": 181473000,
    "grossProfitRatio": 0.1679136379,
    "researchAndDevelopmentExpenses": 0,
    "generalAndAdministrativeExpenses": 100374000,
    "sellingAndMarketingExpenses": 0,
    "sellingGeneralAndAdministrativeExpenses": 100374000,
    "otherExpenses": 47667000,
    "operatingExpenses": 148041000,
    "costAndExpenses": 1047320000,
    "interestIncome": 0,
    "interestExpense": 3453000,
    "depreciationAndAmortization": 20280000,
    "ebitda": 53712000,
    "ebitdaratio": 0.0496987283,
    "operatingIncome": 33432000,
    "operatingIncomeRatio": 0.0309340163,
    "totalOtherIncomeExpensesNet": -3453000,
    "incomeBeforeTax": 29979000,
    "incomeBeforeTaxRatio": 0.0277390188,
    "incomeTaxExpense": 12351000,
    "netIncome": 17628000,
    "netIncomeRatio": 0.016310865,
    "eps": 0.38,
    "epsdiluted": 0.38,
    "weightedAverageShsOut": 45395000,
    "weightedAverageShsOutDil": 46257000,
    "link": "https://www.sec.gov/Archives/edgar/data/1179929/000095012311023069/0000950123-11-023069-index.htm",
    "finalLink": "https://www.sec.gov/Archives/edgar/data/1179929/000095012311023069/a58840e10vk.htm"
  },
  {
    "date": "2010-09-30",
    "symbol": "MOH",
    "reportedCurrency": "USD",
    "cik": "0001179929",
    "fillingDate": "2010-11-04",
    "acceptedDate": "2010-11-04 06:01:09",
    "calendarYear": "2010",
    "period": "Q3",
    "revenue": 1039146000,
    "costOfRevenue": 873542000,
    "grossProfit": 165604000,
    "grossProfitRatio": 0.159365479,
    "researchAndDevelopmentExpenses": 0,
    "generalAndAdministrativeExpenses": 88660000,
    "sellingAndMarketingExpenses": 0,
    "sellingGeneralAndAdministrativeExpenses": 88660000,
    "otherExpenses": 46991000,
    "operatingExpenses": 135651000,
    "costAndExpenses": 1009193000,
    "interestIncome": 0,
    "interestExpense": 4600000,
    "depreciationAndAmortization": 16573000,
    "ebitda": 46526000,
    "ebitdaratio": 0.0447733042,
    "operatingIncome": 29953000,
    "operatingIncomeRatio": 0.028824631,
    "totalOtherIncomeExpensesNet": -4600000,
    "incomeBeforeTax": 25353000,
    "incomeBeforeTaxRatio": 0.0243979191,
    "incomeTaxExpense": 9180000,
    "netIncome": 16173000,
    "netIncomeRatio": 0.0155637418,
    "eps": 0.38,
    "epsdiluted": 0.38,
    "weightedAverageShsOut": 42177000,
    "weightedAverageShsOutDil": 42546000,
    "link": "https://www.sec.gov/Archives/edgar/data/1179929/000095012310100382/0000950123-10-100382-index.htm",
    "finalLink": "https://www.sec.gov/Archives/edgar/data/1179929/000095012310100382/c07310e10vq.htm"
  },
  {
    "date": "2010-06-30",
    "symbol": "MOH",
    "reportedCurrency": "USD",
    "cik": "0001179929",
    "fillingDate": "2010-08-04",
    "acceptedDate": "2010-08-04 16:54:23",
    "calendarYear": "2010",
    "period": "Q2",
    "revenue": 999338000,
    "costOfRevenue": 853867000,
    "grossProfit": 145471000,
    "grossProfitRatio": 0.1455673656,
    "researchAndDevelopmentExpenses": 0,
    "generalAndAdministrativeExpenses": 78079000,
    "sellingAndMarketingExpenses": 0,
    "sellingGeneralAndAdministrativeExpenses": 78079000,
    "otherExpenses": 46214000,
    "operatingExpenses": 124293000,
    "costAndExpenses": 978160000,
    "interestIncome": 0,
    "interestExpense": 4099000,
    "depreciationAndAmortization": 13851000,
    "ebitda": 35029000,
    "ebitdaratio": 0.0350522046,
    "operatingIncome": 21178000,
    "operatingIncomeRatio": 0.0211920291,
    "totalOtherIncomeExpensesNet": -4099000,
    "incomeBeforeTax": 17079000,
    "incomeBeforeTaxRatio": 0.0170903138,
    "incomeTaxExpense": 6500000,
    "netIncome": 10579000,
    "netIncomeRatio": 0.0105860079,
    "eps": 0.27,
    "epsdiluted": 0.27,
    "weightedAverageShsOut": 38611000,
    "weightedAverageShsOutDil": 38926000,
    "link": "https://www.sec.gov/Archives/edgar/data/1179929/000095012310072546/0000950123-10-072546-index.htm",
    "finalLink": "https://www.sec.gov/Archives/edgar/data/1179929/000095012310072546/a56891e10vq.htm"
  },
  {
    "date": "2010-03-31",
    "symbol": "MOH",
    "reportedCurrency": "USD",
    "cik": "0001179929",
    "fillingDate": "2010-05-10",
    "acceptedDate": "2010-05-10 15:52:04",
    "calendarYear": "2010",
    "period": "Q1",
    "revenue": 966741000,
    "costOfRevenue": 822816000,
    "grossProfit": 143925000,
    "grossProfitRatio": 0.1488764829,
    "researchAndDevelopmentExpenses": 0,
    "generalAndAdministrativeExpenses": 113426000,
    "sellingAndMarketingExpenses": 0,
    "sellingGeneralAndAdministrativeExpenses": 113426000,
    "otherExpenses": 10061000,
    "operatingExpenses": 123487000,
    "costAndExpenses": 946303000,
    "interestIncome": 0,
    "interestExpense": 3357000,
    "depreciationAndAmortization": 10061000,
    "ebitda": 30499000,
    "ebitdaratio": 0.0315482637,
    "operatingIncome": 20438000,
    "operatingIncomeRatio": 0.0211411329,
    "totalOtherIncomeExpensesNet": -3357000,
    "incomeBeforeTax": 17081000,
    "incomeBeforeTaxRatio": 0.0176686413,
    "incomeTaxExpense": 6491000,
    "netIncome": 10590000,
    "netIncomeRatio": 0.0109543301,
    "eps": 0.27,
    "epsdiluted": 0.27,
    "weightedAverageShsOut": 38469000,
    "weightedAverageShsOutDil": 38755500,
    "link": "https://www.sec.gov/Archives/edgar/data/1179929/000095012310047131/0000950123-10-047131-index.htm",
    "finalLink": "https://www.sec.gov/Archives/edgar/data/1179929/000095012310047131/c00251e10vq.htm"
  },
  {
    "date": "2009-12-31",
    "symbol": "MOH",
    "reportedCurrency": "USD",
    "cik": "0001179929",
    "fillingDate": "2010-03-16",
    "acceptedDate": "2010-03-16 15:03:21",
    "calendarYear": "2009",
    "period": "Q4",
    "revenue": 964224000,
    "costOfRevenue": 842371000,
    "grossProfit": 121853000,
    "grossProfitRatio": 0.126374162,
    "researchAndDevelopmentExpenses": 0,
    "generalAndAdministrativeExpenses": 115933000,
    "sellingAndMarketingExpenses": 0,
    "sellingGeneralAndAdministrativeExpenses": 115933000,
    "otherExpenses": 9642000,
    "operatingExpenses": 125575000,
    "costAndExpenses": 967946000,
    "interestIncome": 0,
    "interestExpense": 3860000,
    "depreciationAndAmortization": 9642000,
    "ebitda": 5920000,
    "ebitdaratio": 0.0061396522,
    "operatingIncome": -3722000,
    "operatingIncomeRatio": -0.0038600989,
    "totalOtherIncomeExpensesNet": -3860000,
    "incomeBeforeTax": -7582000,
    "incomeBeforeTaxRatio": -0.0078633181,
    "incomeTaxExpense": -3110000,
    "netIncome": -4472000,
    "netIncomeRatio": -0.0046379265,
    "eps": -0.12,
    "epsdiluted": -0.12,
    "weightedAverageShsOut": 38310000,
    "weightedAverageShsOutDil": 38755500,
    "link": "https://www.sec.gov/Archives/edgar/data/1179929/000095012310025132/0000950123-10-025132-index.htm",
    "finalLink": "https://www.sec.gov/Archives/edgar/data/1179929/000095012310025132/a55407e10vk.htm"
  },
  {
    "date": "2009-09-30",
    "symbol": "MOH",
    "reportedCurrency": "USD",
    "cik": "0001179929",
    "fillingDate": "2009-11-05",
    "acceptedDate": "2009-11-05 14:17:04",
    "calendarYear": "2009",
    "period": "Q3",
    "revenue": 916512000,
    "costOfRevenue": 792771000,
    "grossProfit": 123741000,
    "grossProfitRatio": 0.1350129622,
    "researchAndDevelopmentExpenses": 0,
    "generalAndAdministrativeExpenses": 97635000,
    "sellingAndMarketingExpenses": 0,
    "sellingGeneralAndAdministrativeExpenses": 97635000,
    "otherExpenses": 9832000,
    "operatingExpenses": 107467000,
    "costAndExpenses": 900238000,
    "interestIncome": 0,
    "interestExpense": 3279000,
    "depreciationAndAmortization": 10176000,
    "ebitda": 26450000,
    "ebitdaratio": 0.0288594148,
    "operatingIncome": 16274000,
    "operatingIncomeRatio": 0.0177564505,
    "totalOtherIncomeExpensesNet": -2094000,
    "incomeBeforeTax": 12995000,
    "incomeBeforeTaxRatio": 0.014178756,
    "incomeTaxExpense": 4431000,
    "netIncome": 8564000,
    "netIncomeRatio": 0.0093441221,
    "eps": 0.23,
    "epsdiluted": 0.22,
    "weightedAverageShsOut": 38445000,
    "weightedAverageShsOutDil": 38445000,
    "link": "https://www.sec.gov/Archives/edgar/data/1179929/000095012309058274/0000950123-09-058274-index.htm",
    "finalLink": "https://www.sec.gov/Archives/edgar/data/1179929/000095012309058274/a54151e10vq.htm"
  },
  {
    "date": "2009-06-30",
    "symbol": "MOH",
    "reportedCurrency": "USD",
    "cik": "0001179929",
    "fillingDate": "2009-08-07",
    "acceptedDate": "2009-08-07 13:47:23",
    "calendarYear": "2009",
    "period": "Q2",
    "revenue": 927589000,
    "costOfRevenue": 803206000,
    "grossProfit": 124383000,
    "grossProfitRatio": 0.1340927933,
    "researchAndDevelopmentExpenses": 0,
    "generalAndAdministrativeExpenses": 94073000,
    "sellingAndMarketingExpenses": 0,
    "sellingGeneralAndAdministrativeExpenses": 94073000,
    "otherExpenses": 9584000,
    "operatingExpenses": 103657000,
    "costAndExpenses": 906863000,
    "interestIncome": 0,
    "interestExpense": 3223000,
    "depreciationAndAmortization": 9928000,
    "ebitda": 30654000,
    "ebitdaratio": 0.0330469637,
    "operatingIncome": 20726000,
    "operatingIncomeRatio": 0.0223439476,
    "totalOtherIncomeExpensesNet": -1985000,
    "incomeBeforeTax": 17503000,
    "incomeBeforeTaxRatio": 0.0188693484,
    "incomeTaxExpense": 2938000,
    "netIncome": 14565000,
    "netIncomeRatio": 0.0157019973,
    "eps": 0.37,
    "epsdiluted": 0.37,
    "weightedAverageShsOut": 38805000,
    "weightedAverageShsOutDil": 38805000,
    "link": "https://www.sec.gov/Archives/edgar/data/1179929/000095012309031927/0000950123-09-031927-index.htm",
    "finalLink": "https://www.sec.gov/Archives/edgar/data/1179929/000095012309031927/a53324e10vq.htm"
  },
  {
    "date": "2009-03-31",
    "symbol": "MOH",
    "reportedCurrency": "USD",
    "cik": "0001179929",
    "fillingDate": "2009-05-07",
    "acceptedDate": "2009-05-07 13:16:35",
    "calendarYear": "2009",
    "period": "Q1",
    "revenue": 861031000,
    "costOfRevenue": 737888000,
    "grossProfit": 123143000,
    "grossProfitRatio": 0.1430180795,
    "researchAndDevelopmentExpenses": 0,
    "generalAndAdministrativeExpenses": 91508000,
    "sellingAndMarketingExpenses": 0,
    "sellingGeneralAndAdministrativeExpenses": 91508000,
    "otherExpenses": 9052000,
    "operatingExpenses": 100560000,
    "costAndExpenses": 838448000,
    "interestIncome": 0,
    "interestExpense": 3415000,
    "depreciationAndAmortization": 9052000,
    "ebitda": 32213000,
    "ebitdaratio": 0.0374121257,
    "operatingIncome": 24115000,
    "operatingIncomeRatio": 0.0280071217,
    "totalOtherIncomeExpensesNet": -3415000,
    "incomeBeforeTax": 20700000,
    "incomeBeforeTaxRatio": 0.0240409463,
    "incomeTaxExpense": 8489000,
    "netIncome": 12211000,
    "netIncomeRatio": 0.0141818355,
    "eps": 0.31,
    "epsdiluted": 0.31,
    "weightedAverageShsOut": 39795000,
    "weightedAverageShsOutDil": 39841500,
    "link": "https://www.sec.gov/Archives/edgar/data/1179929/000095013409009877/0000950134-09-009877-index.htm",
    "finalLink": "https://www.sec.gov/Archives/edgar/data/1179929/000095013409009877/a52395e10vq.htm"
  },
  {
    "date": "2008-12-31",
    "symbol": "MOH",
    "reportedCurrency": "USD",
    "cik": "0001179929",
    "fillingDate": "2009-03-16",
    "acceptedDate": "2009-03-16 14:42:23",
    "calendarYear": "2008",
    "period": "Q4",
    "revenue": 812504000,
    "costOfRevenue": 684781000,
    "grossProfit": 127723000,
    "grossProfitRatio": 0.1571967646,
    "researchAndDevelopmentExpenses": 0,
    "generalAndAdministrativeExpenses": 91565000,
    "sellingAndMarketingExpenses": 0,
    "sellingGeneralAndAdministrativeExpenses": 91565000,
    "otherExpenses": 8691000,
    "operatingExpenses": 100256000,
    "costAndExpenses": 785037000,
    "interestIncome": 0,
    "interestExpense": 2155000,
    "depreciationAndAmortization": 8691000,
    "ebitda": 36158000,
    "ebitdaratio": 0.0445019348,
    "operatingIncome": 27467000,
    "operatingIncomeRatio": 0.033805372,
    "totalOtherIncomeExpensesNet": -2155000,
    "incomeBeforeTax": 25312000,
    "incomeBeforeTaxRatio": 0.0311530774,
    "incomeTaxExpense": 9771000,
    "netIncome": 15541000,
    "netIncomeRatio": 0.0191272905,
    "eps": 0.39,
    "epsdiluted": 0.39,
    "weightedAverageShsOut": 39795000,
    "weightedAverageShsOutDil": 39795000,
    "link": "https://www.sec.gov/Archives/edgar/data/1179929/000095013409005437/0000950134-09-005437-index.htm",
    "finalLink": "https://www.sec.gov/Archives/edgar/data/1179929/000095013409005437/a51362e10vk.htm"
  },
  {
    "date": "2008-09-30",
    "symbol": "MOH",
    "reportedCurrency": "USD",
    "cik": "0001179929",
    "fillingDate": "2008-11-04",
    "acceptedDate": "2008-11-04 16:03:20",
    "calendarYear": "2008",
    "period": "Q3",
    "revenue": 796329000,
    "costOfRevenue": 669355000,
    "grossProfit": 126974000,
    "grossProfitRatio": 0.1594491724,
    "researchAndDevelopmentExpenses": 0,
    "generalAndAdministrativeExpenses": 88030000,
    "sellingAndMarketingExpenses": 0,
    "sellingGeneralAndAdministrativeExpenses": 88030000,
    "otherExpenses": 8515000,
    "operatingExpenses": 96545000,
    "costAndExpenses": 765900000,
    "interestIncome": 0,
    "interestExpense": 1980000,
    "depreciationAndAmortization": 8515000,
    "ebitda": 38944000,
    "ebitdaratio": 0.0489044101,
    "operatingIncome": 30429000,
    "operatingIncomeRatio": 0.0382115934,
    "totalOtherIncomeExpensesNet": -3120000,
    "incomeBeforeTax": 28449000,
    "incomeBeforeTaxRatio": 0.0357251839,
    "incomeTaxExpense": 11263000,
    "netIncome": 16480000,
    "netIncomeRatio": 0.020694964,
    "eps": 0.42,
    "epsdiluted": 0.41,
    "weightedAverageShsOut": 41373000,
    "weightedAverageShsOutDil": 41373000,
    "link": "https://www.sec.gov/Archives/edgar/data/1179929/000095013408019323/0000950134-08-019323-index.htm",
    "finalLink": "https://www.sec.gov/Archives/edgar/data/1179929/000095013408019323/a50304e10vq.htm"
  },
  {
    "date": "2008-06-30",
    "symbol": "MOH",
    "reportedCurrency": "USD",
    "cik": "0001179929",
    "fillingDate": "2008-07-30",
    "acceptedDate": "2008-07-30 15:18:47",
    "calendarYear": "2008",
    "period": "Q2",
    "revenue": 766491000,
    "costOfRevenue": 640829000,
    "grossProfit": 125662000,
    "grossProfitRatio": 0.1639445212,
    "researchAndDevelopmentExpenses": 0,
    "generalAndAdministrativeExpenses": 87074000,
    "sellingAndMarketingExpenses": 0,
    "sellingGeneralAndAdministrativeExpenses": 87074000,
    "otherExpenses": 8330000,
    "operatingExpenses": 95404000,
    "costAndExpenses": 736233000,
    "interestIncome": 0,
    "interestExpense": 2307000,
    "depreciationAndAmortization": 7924000,
    "ebitda": 38588000,
    "ebitdaratio": 0.0503437092,
    "operatingIncome": 30258000,
    "operatingIncomeRatio": 0.0394760017,
    "totalOtherIncomeExpensesNet": -3425000,
    "incomeBeforeTax": 27951000,
    "incomeBeforeTaxRatio": 0.0364661816,
    "incomeTaxExpense": 11435000,
    "netIncome": 15823000,
    "netIncomeRatio": 0.0206434257,
    "eps": 0.38,
    "epsdiluted": 0.37,
    "weightedAverageShsOut": 41995500,
    "weightedAverageShsOutDil": 42066000,
    "link": "https://www.sec.gov/Archives/edgar/data/1179929/000089256908001037/0000892569-08-001037-index.htm",
    "finalLink": "https://www.sec.gov/Archives/edgar/data/1179929/000089256908001037/a42483e10vq.htm"
  },
  {
    "date": "2008-03-31",
    "symbol": "MOH",
    "reportedCurrency": "USD",
    "cik": "0001179929",
    "fillingDate": "2008-05-08",
    "acceptedDate": "2008-05-08 16:55:54",
    "calendarYear": "2008",
    "period": "Q1",
    "revenue": 737042000,
    "costOfRevenue": 626347000,
    "grossProfit": 110695000,
    "grossProfitRatio": 0.1501881847,
    "researchAndDevelopmentExpenses": 0,
    "generalAndAdministrativeExpenses": 78092000,
    "sellingAndMarketingExpenses": 0,
    "sellingGeneralAndAdministrativeExpenses": 78092000,
    "otherExpenses": 8152000,
    "operatingExpenses": 86244000,
    "costAndExpenses": 712591000,
    "interestIncome": 0,
    "interestExpense": 3368000,
    "depreciationAndAmortization": 8558000,
    "ebitda": 33009000,
    "ebitdaratio": 0.0447857788,
    "operatingIncome": 24451000,
    "operatingIncomeRatio": 0.0331745002,
    "totalOtherIncomeExpensesNet": -3368000,
    "incomeBeforeTax": 22179000,
    "incomeBeforeTaxRatio": 0.0300919079,
    "incomeTaxExpense": 9024000,
    "netIncome": 12475000,
    "netIncomeRatio": 0.0169257654,
    "eps": 0.29,
    "epsdiluted": 0.29,
    "weightedAverageShsOut": 42685500,
    "weightedAverageShsOutDil": 42864000,
    "link": "https://www.sec.gov/Archives/edgar/data/1179929/000089256908000790/0000892569-08-000790-index.htm",
    "finalLink": "https://www.sec.gov/Archives/edgar/data/1179929/000089256908000790/a40473e10vq.htm"
  },
  {
    "date": "2007-12-31",
    "symbol": "MOH",
    "reportedCurrency": "USD",
    "cik": "0001179929",
    "fillingDate": "2008-03-17",
    "acceptedDate": "2008-03-17 16:07:09",
    "calendarYear": "2007",
    "period": "Q4",
    "revenue": 679629000,
    "costOfRevenue": 560839000,
    "grossProfit": 118790000,
    "grossProfitRatio": 0.1747865379,
    "researchAndDevelopmentExpenses": 0,
    "generalAndAdministrativeExpenses": 80464000,
    "sellingAndMarketingExpenses": 0,
    "sellingGeneralAndAdministrativeExpenses": 80464000,
    "otherExpenses": 525340000,
    "operatingExpenses": 605804000,
    "costAndExpenses": 649778000,
    "interestIncome": 0,
    "interestExpense": 0,
    "depreciationAndAmortization": 7693000,
    "ebitda": 37544000,
    "ebitdaratio": 0.055241904,
    "operatingIncome": 30633000,
    "operatingIncomeRatio": 0.0450731208,
    "totalOtherIncomeExpensesNet": -2251000,
    "incomeBeforeTax": 28382000,
    "incomeBeforeTaxRatio": 0.0417610196,
    "incomeTaxExpense": 10471000,
    "netIncome": 17911000,
    "netIncomeRatio": 0.0263540844,
    "eps": 0.42,
    "epsdiluted": 0.42,
    "weightedAverageShsOut": 42619500,
    "weightedAverageShsOutDil": 42685500,
    "link": "https://www.sec.gov/Archives/edgar/data/1179929/000089256908000330/0000892569-08-000330-index.htm",
    "finalLink": "https://www.sec.gov/Archives/edgar/data/1179929/000089256908000330/a38671e10vk.htm"
  },
  {
    "date": "2007-09-30",
    "symbol": "MOH",
    "reportedCurrency": "USD",
    "cik": "0001179929",
    "fillingDate": "2007-11-08",
    "acceptedDate": "2007-11-08 17:11:44",
    "calendarYear": "2007",
    "period": "Q3",
    "revenue": 636034000,
    "costOfRevenue": 525902000,
    "grossProfit": 110132000,
    "grossProfitRatio": 0.1731542653,
    "researchAndDevelopmentExpenses": 0,
    "generalAndAdministrativeExpenses": 74235000,
    "sellingAndMarketingExpenses": 0,
    "sellingGeneralAndAdministrativeExpenses": 74235000,
    "otherExpenses": 7082000,
    "operatingExpenses": 81317000,
    "costAndExpenses": 607219000,
    "interestIncome": 0,
    "interestExpense": 530000,
    "depreciationAndAmortization": 7082000,
    "ebitda": 35897000,
    "ebitdaratio": 0.0564388067,
    "operatingIncome": 28815000,
    "operatingIncomeRatio": 0.0453041819,
    "totalOtherIncomeExpensesNet": -530000,
    "incomeBeforeTax": 28285000,
    "incomeBeforeTaxRatio": 0.0444708931,
    "incomeTaxExpense": 10772000,
    "netIncome": 17513000,
    "netIncomeRatio": 0.0275346915,
    "eps": 0.41,
    "epsdiluted": 0.41,
    "weightedAverageShsOut": 42459000,
    "weightedAverageShsOutDil": 42661500,
    "link": "https://www.sec.gov/Archives/edgar/data/1179929/000089256907001391/0000892569-07-001391-index.htm",
    "finalLink": "https://www.sec.gov/Archives/edgar/data/1179929/000089256907001391/a35314e10vq.htm"
  },
  {
    "date": "2007-06-30",
    "symbol": "MOH",
    "reportedCurrency": "USD",
    "cik": "0001179929",
    "fillingDate": "2007-08-07",
    "acceptedDate": "2007-08-07 15:56:47",
    "calendarYear": "2007",
    "period": "Q2",
    "revenue": 613888000,
    "costOfRevenue": 516865000,
    "grossProfit": 97023000,
    "grossProfitRatio": 0.1580467447,
    "researchAndDevelopmentExpenses": 0,
    "generalAndAdministrativeExpenses": 67208000,
    "sellingAndMarketingExpenses": 0,
    "sellingGeneralAndAdministrativeExpenses": 67208000,
    "otherExpenses": 6749000,
    "operatingExpenses": 73957000,
    "costAndExpenses": 591604000,
    "interestIncome": 0,
    "interestExpense": 725000,
    "depreciationAndAmortization": 6749000,
    "ebitda": 29033000,
    "ebitdaratio": 0.0472936431,
    "operatingIncome": 22284000,
    "operatingIncomeRatio": 0.0362997811,
    "totalOtherIncomeExpensesNet": -725000,
    "incomeBeforeTax": 21559000,
    "incomeBeforeTaxRatio": 0.0351187839,
    "incomeTaxExpense": 8245000,
    "netIncome": 13314000,
    "netIncomeRatio": 0.0216879952,
    "eps": 0.31,
    "epsdiluted": 0.31,
    "weightedAverageShsOut": 42349500,
    "weightedAverageShsOutDil": 42514500,
    "link": "https://www.sec.gov/Archives/edgar/data/1179929/000095013707011543/0000950137-07-011543-index.htm",
    "finalLink": "https://www.sec.gov/Archives/edgar/data/1179929/000095013707011543/a32316e10vq.htm"
  },
  {
    "date": "2007-03-31",
    "symbol": "MOH",
    "reportedCurrency": "USD",
    "cik": "0001179929",
    "fillingDate": "2007-05-07",
    "acceptedDate": "2007-05-07 17:30:16",
    "calendarYear": "2007",
    "period": "Q1",
    "revenue": 562903000,
    "costOfRevenue": 476477000,
    "grossProfit": 86426000,
    "grossProfitRatio": 0.153536222,
    "researchAndDevelopmentExpenses": 0,
    "generalAndAdministrativeExpenses": 63388000,
    "sellingAndMarketingExpenses": 0,
    "sellingGeneralAndAdministrativeExpenses": 63388000,
    "otherExpenses": 6443000,
    "operatingExpenses": 69831000,
    "costAndExpenses": 546308000,
    "interestIncome": 0,
    "interestExpense": 0,
    "depreciationAndAmortization": 6443000,
    "ebitda": 23038000,
    "ebitdaratio": 0.0409271224,
    "operatingIncome": 16595000,
    "operatingIncomeRatio": 0.0294811007,
    "totalOtherIncomeExpensesNet": -1125000,
    "incomeBeforeTax": 15470000,
    "incomeBeforeTaxRatio": 0.0274825325,
    "incomeTaxExpense": 5878000,
    "netIncome": 9592000,
    "netIncomeRatio": 0.0170402361,
    "eps": 0.23,
    "epsdiluted": 0.23,
    "weightedAverageShsOut": 42228000,
    "weightedAverageShsOutDil": 42412500,
    "link": "https://www.sec.gov/Archives/edgar/data/1179929/000089256907000626/0000892569-07-000626-index.htm",
    "finalLink": "https://www.sec.gov/Archives/edgar/data/1179929/000089256907000626/a30019e10vq.htm"
  },
  {
    "date": "2006-12-31",
    "symbol": "MOH",
    "reportedCurrency": "USD",
    "cik": "0001179929",
    "fillingDate": "2007-03-14",
    "acceptedDate": "2007-03-14 17:17:57",
    "calendarYear": "2006",
    "period": "Q4",
    "revenue": 549520000,
    "costOfRevenue": 462820000,
    "grossProfit": 86700000,
    "grossProfitRatio": 0.1577740574,
    "researchAndDevelopmentExpenses": 0,
    "generalAndAdministrativeExpenses": 61032000,
    "sellingAndMarketingExpenses": 0,
    "sellingGeneralAndAdministrativeExpenses": 61032000,
    "otherExpenses": 6210000,
    "operatingExpenses": 67242000,
    "costAndExpenses": 530062000,
    "interestIncome": 0,
    "interestExpense": 0,
    "depreciationAndAmortization": 6210000,
    "ebitda": 25668000,
    "ebitdaratio": 0.0467098559,
    "operatingIncome": 19458000,
    "operatingIncomeRatio": 0.0354090843,
    "totalOtherIncomeExpensesNet": -717000,
    "incomeBeforeTax": 18741000,
    "incomeBeforeTaxRatio": 0.0341043092,
    "incomeTaxExpense": 7097000,
    "netIncome": 11644000,
    "netIncomeRatio": 0.0211894017,
    "eps": 0.28,
    "epsdiluted": 0.28,
    "weightedAverageShsOut": 42057000,
    "weightedAverageShsOutDil": 42228000,
    "link": "https://www.sec.gov/Archives/edgar/data/1179929/000119312507054663/0001193125-07-054663-index.htm",
    "finalLink": "https://www.sec.gov/Archives/edgar/data/1179929/000119312507054663/d10k.htm"
  },
  {
    "date": "2006-09-30",
    "symbol": "MOH",
    "reportedCurrency": "USD",
    "cik": "0001179929",
    "fillingDate": "2006-11-09",
    "acceptedDate": "2006-11-08 21:48:01",
    "calendarYear": "2006",
    "period": "Q3",
    "revenue": 517465000,
    "costOfRevenue": 430870000,
    "grossProfit": 86595000,
    "grossProfitRatio": 0.1673446513,
    "researchAndDevelopmentExpenses": 0,
    "generalAndAdministrativeExpenses": 60504000,
    "sellingAndMarketingExpenses": 0,
    "sellingGeneralAndAdministrativeExpenses": 60504000,
    "otherExpenses": 5633000,
    "operatingExpenses": 66137000,
    "costAndExpenses": 497007000,
    "interestIncome": 0,
    "interestExpense": 0,
    "depreciationAndAmortization": 5633000,
    "ebitda": 26091000,
    "ebitdaratio": 0.0504208014,
    "operatingIncome": 20458000,
    "operatingIncomeRatio": 0.039535041,
    "totalOtherIncomeExpensesNet": -645000,
    "incomeBeforeTax": 19813000,
    "incomeBeforeTaxRatio": 0.0382885799,
    "incomeTaxExpense": 7472000,
    "netIncome": 12341000,
    "netIncomeRatio": 0.023848956,
    "eps": 0.29,
    "epsdiluted": 0.29,
    "weightedAverageShsOut": 42033000,
    "weightedAverageShsOutDil": 42519000,
    "link": "https://www.sec.gov/Archives/edgar/data/1179929/000119312506228837/0001193125-06-228837-index.htm",
    "finalLink": "https://www.sec.gov/Archives/edgar/data/1179929/000119312506228837/d10q.htm"
  },
  {
    "date": "2006-06-30",
    "symbol": "MOH",
    "reportedCurrency": "USD",
    "cik": "0001179929",
    "fillingDate": "2006-08-08",
    "acceptedDate": "2006-08-08 15:55:12",
    "calendarYear": "2006",
    "period": "Q2",
    "revenue": 484634000,
    "costOfRevenue": 401715000,
    "grossProfit": 82919000,
    "grossProfitRatio": 0.1710961261,
    "researchAndDevelopmentExpenses": 0,
    "generalAndAdministrativeExpenses": 56308000,
    "sellingAndMarketingExpenses": 0,
    "sellingGeneralAndAdministrativeExpenses": 56308000,
    "otherExpenses": 4870000,
    "operatingExpenses": 61178000,
    "costAndExpenses": 462893000,
    "interestIncome": 0,
    "interestExpense": 0,
    "depreciationAndAmortization": 4870000,
    "ebitda": 26611000,
    "ebitdaratio": 0.0549094781,
    "operatingIncome": 21741000,
    "operatingIncomeRatio": 0.0448606577,
    "totalOtherIncomeExpensesNet": -577000,
    "incomeBeforeTax": 21164000,
    "incomeBeforeTaxRatio": 0.0436700685,
    "incomeTaxExpense": 8012000,
    "netIncome": 13152000,
    "netIncomeRatio": 0.0271380052,
    "eps": 0.31,
    "epsdiluted": 0.31,
    "weightedAverageShsOut": 41920500,
    "weightedAverageShsOutDil": 42405000,
    "link": "https://www.sec.gov/Archives/edgar/data/1179929/000119312506165652/0001193125-06-165652-index.htm",
    "finalLink": "https://www.sec.gov/Archives/edgar/data/1179929/000119312506165652/d10q.htm"
  },
  {
    "date": "2006-03-31",
    "symbol": "MOH",
    "reportedCurrency": "USD",
    "cik": "0001179929",
    "fillingDate": "2006-05-10",
    "acceptedDate": "2006-05-09 21:02:58",
    "calendarYear": "2006",
    "period": "Q1",
    "revenue": 453376000,
    "costOfRevenue": 383247000,
    "grossProfit": 70129000,
    "grossProfitRatio": 0.1546817652,
    "researchAndDevelopmentExpenses": 0,
    "generalAndAdministrativeExpenses": 51213000,
    "sellingAndMarketingExpenses": 0,
    "sellingGeneralAndAdministrativeExpenses": 51213000,
    "otherExpenses": 4762000,
    "operatingExpenses": 55975000,
    "costAndExpenses": 439222000,
    "interestIncome": 0,
    "interestExpense": 0,
    "depreciationAndAmortization": 4762000,
    "ebitda": 18916000,
    "ebitdaratio": 0.0417225438,
    "operatingIncome": 14154000,
    "operatingIncomeRatio": 0.0312191206,
    "totalOtherIncomeExpensesNet": -414000,
    "incomeBeforeTax": 13740000,
    "incomeBeforeTaxRatio": 0.0303059712,
    "incomeTaxExpense": 5150000,
    "netIncome": 8590000,
    "netIncomeRatio": 0.0189467462,
    "eps": 0.21,
    "epsdiluted": 0.21,
    "weightedAverageShsOut": 41782500,
    "weightedAverageShsOutDil": 42211500,
    "link": "https://www.sec.gov/Archives/edgar/data/1179929/000110465906032817/0001104659-06-032817-index.htm",
    "finalLink": "https://www.sec.gov/Archives/edgar/data/1179929/000110465906032817/a06-10017_110q.htm"
  },
  {
    "date": "2005-12-31",
    "symbol": "MOH",
    "reportedCurrency": "USD",
    "cik": "0001179929",
    "fillingDate": "2006-03-15",
    "acceptedDate": "2006-03-14 19:54:42",
    "calendarYear": "2005",
    "period": "Q4",
    "revenue": 423221000,
    "costOfRevenue": 355656000,
    "grossProfit": 67565000,
    "grossProfitRatio": 0.1596447246,
    "researchAndDevelopmentExpenses": 0,
    "generalAndAdministrativeExpenses": 45731000,
    "sellingAndMarketingExpenses": 0,
    "sellingGeneralAndAdministrativeExpenses": 45731000,
    "otherExpenses": 5195000,
    "operatingExpenses": 50926000,
    "costAndExpenses": 406582000,
    "interestIncome": 0,
    "interestExpense": 0,
    "depreciationAndAmortization": 4256000,
    "ebitda": 20895000,
    "ebitdaratio": 0.0493713686,
    "operatingIncome": 17578000,
    "operatingIncomeRatio": 0.0415338558,
    "totalOtherIncomeExpensesNet": -241000,
    "incomeBeforeTax": 17337000,
    "incomeBeforeTaxRatio": 0.0409644134,
    "incomeTaxExpense": 6605000,
    "netIncome": 10732000,
    "netIncomeRatio": 0.0253579099,
    "eps": 0.26,
    "epsdiluted": 0.26,
    "weightedAverageShsOut": 41652000,
    "weightedAverageShsOutDil": 41782500,
    "link": "https://www.sec.gov/Archives/edgar/data/1179929/000119312506053951/0001193125-06-053951-index.htm",
    "finalLink": "https://www.sec.gov/Archives/edgar/data/1179929/000119312506053951/d10k.htm"
  },
  {
    "date": "2005-09-30",
    "symbol": "MOH",
    "reportedCurrency": "USD",
    "cik": "0001179929",
    "fillingDate": "2005-11-07",
    "acceptedDate": "2005-11-07 17:09:07",
    "calendarYear": "2005",
    "period": "Q3",
    "revenue": 428611000,
    "costOfRevenue": 366612000,
    "grossProfit": 61999000,
    "grossProfitRatio": 0.1446509772,
    "researchAndDevelopmentExpenses": 0,
    "generalAndAdministrativeExpenses": 47005000,
    "sellingAndMarketingExpenses": 0,
    "sellingGeneralAndAdministrativeExpenses": 47005000,
    "otherExpenses": 4113000,
    "operatingExpenses": 51118000,
    "costAndExpenses": 417730000,
    "interestIncome": 0,
    "interestExpense": 0,
    "depreciationAndAmortization": 4113000,
    "ebitda": 14994000,
    "ebitdaratio": 0.0349827699,
    "operatingIncome": 10881000,
    "operatingIncomeRatio": 0.025386656,
    "totalOtherIncomeExpensesNet": -581000,
    "incomeBeforeTax": 10300000,
    "incomeBeforeTaxRatio": 0.0240311145,
    "incomeTaxExpense": 3489000,
    "netIncome": 6811000,
    "netIncomeRatio": 0.0158908661,
    "eps": 0.17,
    "epsdiluted": 0.16,
    "weightedAverageShsOut": 41626500,
    "weightedAverageShsOutDil": 42100500,
    "link": "https://www.sec.gov/Archives/edgar/data/1179929/000119312505218345/0001193125-05-218345-index.htm",
    "finalLink": "https://www.sec.gov/Archives/edgar/data/1179929/000119312505218345/d10q.htm"
  },
  {
    "date": "2005-06-30",
    "symbol": "MOH",
    "reportedCurrency": "USD",
    "cik": "0001179929",
    "fillingDate": "2005-08-09",
    "acceptedDate": "2005-08-09 17:04:40",
    "calendarYear": "2005",
    "period": "Q2",
    "revenue": 404274000,
    "costOfRevenue": 369490000,
    "grossProfit": 34784000,
    "grossProfitRatio": 0.0860406556,
    "researchAndDevelopmentExpenses": 0,
    "generalAndAdministrativeExpenses": 37060000,
    "sellingAndMarketingExpenses": 0,
    "sellingGeneralAndAdministrativeExpenses": 37060000,
    "otherExpenses": 3558000,
    "operatingExpenses": 40618000,
    "costAndExpenses": 410108000,
    "interestIncome": 0,
    "interestExpense": 0,
    "depreciationAndAmortization": 3558000,
    "ebitda": -3215000,
    "ebitdaratio": -0.0079525272,
    "operatingIncome": -6773000,
    "operatingIncomeRatio": -0.016753489,
    "totalOtherIncomeExpensesNet": -818000,
    "incomeBeforeTax": -7591000,
    "incomeBeforeTaxRatio": -0.0187768692,
    "incomeTaxExpense": -2885000,
    "netIncome": -4706000,
    "netIncomeRatio": -0.01164062,
    "eps": -0.11,
    "epsdiluted": -0.11,
    "weightedAverageShsOut": 41560500,
    "weightedAverageShsOutDil": 41560500,
    "link": "https://www.sec.gov/Archives/edgar/data/1179929/000119312505162774/0001193125-05-162774-index.htm",
    "finalLink": "https://www.sec.gov/Archives/edgar/data/1179929/000119312505162774/d10q.htm"
  },
  {
    "date": "2005-03-31",
    "symbol": "MOH",
    "reportedCurrency": "USD",
    "cik": "0001179929",
    "fillingDate": "2005-04-29",
    "acceptedDate": "2005-04-28 19:11:56",
    "calendarYear": "2005",
    "period": "Q1",
    "revenue": 393952000,
    "costOfRevenue": 333114000,
    "grossProfit": 60838000,
    "grossProfitRatio": 0.1544299813,
    "researchAndDevelopmentExpenses": 0,
    "generalAndAdministrativeExpenses": 33546000,
    "sellingAndMarketingExpenses": 0,
    "sellingGeneralAndAdministrativeExpenses": 33546000,
    "otherExpenses": 3198000,
    "operatingExpenses": 36744000,
    "costAndExpenses": 369858000,
    "interestIncome": 0,
    "interestExpense": 0,
    "depreciationAndAmortization": 3198000,
    "ebitda": 27292000,
    "ebitdaratio": 0.0692774754,
    "operatingIncome": 24094000,
    "operatingIncomeRatio": 0.0611597352,
    "totalOtherIncomeExpensesNet": -289000,
    "incomeBeforeTax": 23805000,
    "incomeBeforeTaxRatio": 0.0604261433,
    "incomeTaxExpense": 9046000,
    "netIncome": 14759000,
    "netIncomeRatio": 0.037463955,
    "eps": 0.35,
    "epsdiluted": 0.35,
    "weightedAverageShsOut": 41424000,
    "weightedAverageShsOutDil": 41946000,
    "link": "https://www.sec.gov/Archives/edgar/data/1179929/000119312505088979/0001193125-05-088979-index.htm",
    "finalLink": "https://www.sec.gov/Archives/edgar/data/1179929/000119312505088979/d10q.htm"
  },
  {
    "date": "2004-12-31",
    "symbol": "MOH",
    "reportedCurrency": "USD",
    "cik": "0001179929",
    "fillingDate": "2005-03-08",
    "acceptedDate": "2005-03-08 17:17:21",
    "calendarYear": "2004",
    "period": "Q4",
    "revenue": 375377000,
    "costOfRevenue": 314903000,
    "grossProfit": 60474000,
    "grossProfitRatio": 0.1611020388,
    "researchAndDevelopmentExpenses": 0,
    "generalAndAdministrativeExpenses": 31208000,
    "sellingAndMarketingExpenses": 0,
    "sellingGeneralAndAdministrativeExpenses": 31208000,
    "otherExpenses": 2978000,
    "operatingExpenses": 34186000,
    "costAndExpenses": 349089000,
    "interestIncome": 0,
    "interestExpense": 0,
    "depreciationAndAmortization": 2978000,
    "ebitda": 29266000,
    "ebitdaratio": 0.0779642866,
    "operatingIncome": 26288000,
    "operatingIncomeRatio": 0.0700309289,
    "totalOtherIncomeExpensesNet": -229000,
    "incomeBeforeTax": 26059000,
    "incomeBeforeTaxRatio": 0.0694208755,
    "incomeTaxExpense": 9773000,
    "netIncome": 16286000,
    "netIncomeRatio": 0.0433857162,
    "eps": 0.39,
    "epsdiluted": 0.39,
    "weightedAverageShsOut": 41316000,
    "weightedAverageShsOutDil": 41424000,
    "link": "https://www.sec.gov/Archives/edgar/data/1179929/000119312505044725/0001193125-05-044725-index.htm",
    "finalLink": "https://www.sec.gov/Archives/edgar/data/1179929/000119312505044725/d10k.htm"
  },
  {
    "date": "2004-09-30",
    "symbol": "MOH",
    "reportedCurrency": "USD",
    "cik": "0001179929",
    "fillingDate": "2004-11-15",
    "acceptedDate": "2004-11-15 13:14:06",
    "calendarYear": "2004",
    "period": "Q3",
    "revenue": 330807000,
    "costOfRevenue": 276518000,
    "grossProfit": 54289000,
    "grossProfitRatio": 0.1641107957,
    "researchAndDevelopmentExpenses": 0,
    "generalAndAdministrativeExpenses": 26642000,
    "sellingAndMarketingExpenses": 0,
    "sellingGeneralAndAdministrativeExpenses": 26642000,
    "otherExpenses": 2558000,
    "operatingExpenses": 29200000,
    "costAndExpenses": 305718000,
    "interestIncome": 0,
    "interestExpense": 0,
    "depreciationAndAmortization": 2558000,
    "ebitda": 27647000,
    "ebitdaratio": 0.0835744105,
    "operatingIncome": 25089000,
    "operatingIncomeRatio": 0.075841805,
    "totalOtherIncomeExpensesNet": -279000,
    "incomeBeforeTax": 24810000,
    "incomeBeforeTaxRatio": 0.074998413,
    "incomeTaxExpense": 8371000,
    "netIncome": 16439000,
    "netIncomeRatio": 0.049693628,
    "eps": 0.4,
    "epsdiluted": 0.39,
    "weightedAverageShsOut": 41184000,
    "weightedAverageShsOutDil": 41701500,
    "link": "https://www.sec.gov/Archives/edgar/data/1179929/000119312504196896/0001193125-04-196896-index.htm",
    "finalLink": "https://www.sec.gov/Archives/edgar/data/1179929/000119312504196896/d10q.htm"
  },
  {
    "date": "2004-06-30",
    "symbol": "MOH",
    "reportedCurrency": "USD",
    "cik": "0001179929",
    "fillingDate": "2004-08-12",
    "acceptedDate": "2004-08-12 14:04:04",
    "calendarYear": "2004",
    "period": "Q2",
    "revenue": 249058000,
    "costOfRevenue": 209048000,
    "grossProfit": 40010000,
    "grossProfitRatio": 0.1606453115,
    "researchAndDevelopmentExpenses": 0,
    "generalAndAdministrativeExpenses": 18842000,
    "sellingAndMarketingExpenses": 0,
    "sellingGeneralAndAdministrativeExpenses": 18842000,
    "otherExpenses": 1734000,
    "operatingExpenses": 20576000,
    "costAndExpenses": 229624000,
    "interestIncome": 0,
    "interestExpense": 0,
    "depreciationAndAmortization": 1734000,
    "ebitda": 21168000,
    "ebitdaratio": 0.0849922508,
    "operatingIncome": 19434000,
    "operatingIncomeRatio": 0.0780300171,
    "totalOtherIncomeExpensesNet": -277000,
    "incomeBeforeTax": 19157000,
    "incomeBeforeTaxRatio": 0.0769178264,
    "incomeTaxExpense": 7207000,
    "netIncome": 11950000,
    "netIncomeRatio": 0.0479807916,
    "eps": 0.29,
    "epsdiluted": 0.29,
    "weightedAverageShsOut": 41029500,
    "weightedAverageShsOutDil": 41607000,
    "link": "https://www.sec.gov/Archives/edgar/data/1179929/000119312504138977/0001193125-04-138977-index.htm",
    "finalLink": "https://www.sec.gov/Archives/edgar/data/1179929/000119312504138977/d10q.htm"
  },
  {
    "date": "2004-03-31",
    "symbol": "MOH",
    "reportedCurrency": "USD",
    "cik": "0001179929",
    "fillingDate": "2004-05-13",
    "acceptedDate": "2004-05-13 17:20:40",
    "calendarYear": "2004",
    "period": "Q1",
    "revenue": 220026000,
    "costOfRevenue": 184217000,
    "grossProfit": 35809000,
    "grossProfitRatio": 0.1627489479,
    "researchAndDevelopmentExpenses": 0,
    "generalAndAdministrativeExpenses": 17458000,
    "sellingAndMarketingExpenses": 0,
    "sellingGeneralAndAdministrativeExpenses": 17458000,
    "otherExpenses": 1599000,
    "operatingExpenses": 19057000,
    "costAndExpenses": 203274000,
    "interestIncome": 0,
    "interestExpense": 0,
    "depreciationAndAmortization": 1599000,
    "ebitda": 18351000,
    "ebitdaratio": 0.0834037796,
    "operatingIncome": 16752000,
    "operatingIncomeRatio": 0.0761364566,
    "totalOtherIncomeExpensesNet": 907000,
    "incomeBeforeTax": 17659000,
    "incomeBeforeTaxRatio": 0.0802586967,
    "incomeTaxExpense": 6561000,
    "netIncome": 11098000,
    "netIncomeRatio": 0.0504394935,
    "eps": 0.29,
    "epsdiluted": 0.29,
    "weightedAverageShsOut": 38251500,
    "weightedAverageShsOutDil": 38877000,
    "link": "https://www.sec.gov/Archives/edgar/data/1179929/000119312504087547/0001193125-04-087547-index.htm",
    "finalLink": "https://www.sec.gov/Archives/edgar/data/1179929/000119312504087547/d10q.htm"
  },
  {
    "date": "2003-12-31",
    "symbol": "MOH",
    "reportedCurrency": "USD",
    "cik": "0001179929",
    "fillingDate": "2004-02-20",
    "acceptedDate": "2004-02-19 21:15:38",
    "calendarYear": "2003",
    "period": "Q4",
    "revenue": 208928000,
    "costOfRevenue": 172860000,
    "grossProfit": 36068000,
    "grossProfitRatio": 0.1726336346,
    "researchAndDevelopmentExpenses": 0,
    "generalAndAdministrativeExpenses": 14813000,
    "sellingAndMarketingExpenses": 0,
    "sellingGeneralAndAdministrativeExpenses": 14813000,
    "otherExpenses": 2044000,
    "operatingExpenses": 16857000,
    "costAndExpenses": 189717000,
    "interestIncome": 0,
    "interestExpense": 0,
    "depreciationAndAmortization": 2044000,
    "ebitda": 21255000,
    "ebitdaratio": 0.1017336116,
    "operatingIncome": 19211000,
    "operatingIncomeRatio": 0.091950337,
    "totalOtherIncomeExpensesNet": -290000,
    "incomeBeforeTax": 18921000,
    "incomeBeforeTaxRatio": 0.090562299,
    "incomeTaxExpense": 7055000,
    "netIncome": 11866000,
    "netIncomeRatio": 0.0567946853,
    "eps": 0.31,
    "epsdiluted": 0.31,
    "weightedAverageShsOut": 37957500,
    "weightedAverageShsOutDil": 38251500,
    "link": "https://www.sec.gov/Archives/edgar/data/1179929/000119312504026772/0001193125-04-026772-index.htm",
    "finalLink": "https://www.sec.gov/Archives/edgar/data/1179929/000119312504026772/d10k.htm"
  },
  {
    "date": "2003-09-30",
    "symbol": "MOH",
    "reportedCurrency": "USD",
    "cik": "0001179929",
    "fillingDate": "2003-11-14",
    "acceptedDate": "2003-11-14 16:19:13",
    "calendarYear": "2003",
    "period": "Q3",
    "revenue": 197526000,
    "costOfRevenue": 161736000,
    "grossProfit": 35790000,
    "grossProfitRatio": 0.1811913368,
    "researchAndDevelopmentExpenses": 0,
    "generalAndAdministrativeExpenses": 16599000,
    "sellingAndMarketingExpenses": 0,
    "sellingGeneralAndAdministrativeExpenses": 16599000,
    "otherExpenses": 1598000,
    "operatingExpenses": 18197000,
    "costAndExpenses": 179933000,
    "interestIncome": 0,
    "interestExpense": 0,
    "depreciationAndAmortization": 1598000,
    "ebitda": 19191000,
    "ebitdaratio": 0.09715683,
    "operatingIncome": 17593000,
    "operatingIncomeRatio": 0.0890667558,
    "totalOtherIncomeExpensesNet": -366000,
    "incomeBeforeTax": 17227000,
    "incomeBeforeTaxRatio": 0.0872138351,
    "incomeTaxExpense": 5503000,
    "netIncome": 11724000,
    "netIncomeRatio": 0.0593542116,
    "eps": 0.31,
    "epsdiluted": 0.31,
    "weightedAverageShsOut": 37924500,
    "weightedAverageShsOutDil": 38610000,
    "link": "https://www.sec.gov/Archives/edgar/data/1179929/000119312503082023/0001193125-03-082023-index.htm",
    "finalLink": "https://www.sec.gov/Archives/edgar/data/1179929/000119312503082023/d10q.htm"
  },
  {
    "date": "2003-06-30",
    "symbol": "MOH",
    "reportedCurrency": "USD",
    "cik": "0001179929",
    "fillingDate": "2003-08-12",
    "acceptedDate": "2003-08-12 14:13:00",
    "calendarYear": "2003",
    "period": "Q2",
    "revenue": 194983000,
    "costOfRevenue": 160593000,
    "grossProfit": 34390000,
    "grossProfitRatio": 0.1763743506,
    "researchAndDevelopmentExpenses": 0,
    "generalAndAdministrativeExpenses": 15422000,
    "sellingAndMarketingExpenses": 0,
    "sellingGeneralAndAdministrativeExpenses": 15422000,
    "otherExpenses": 1374000,
    "operatingExpenses": 16796000,
    "costAndExpenses": 177389000,
    "interestIncome": 0,
    "interestExpense": 0,
    "depreciationAndAmortization": 1374000,
    "ebitda": 18968000,
    "ebitdaratio": 0.0972802757,
    "operatingIncome": 17594000,
    "operatingIncomeRatio": 0.0902335075,
    "totalOtherIncomeExpensesNet": -604000,
    "incomeBeforeTax": 16990000,
    "incomeBeforeTaxRatio": 0.0871358016,
    "incomeTaxExpense": 6043000,
    "netIncome": 10947000,
    "netIncomeRatio": 0.0561433561,
    "eps": 0.39,
    "epsdiluted": 0.38,
    "weightedAverageShsOut": 28198500,
    "weightedAverageShsOutDil": 28753500,
    "link": "https://www.sec.gov/Archives/edgar/data/1179929/000119312503034137/0001193125-03-034137-index.htm",
    "finalLink": "https://www.sec.gov/Archives/edgar/data/1179929/000119312503034137/d10q.htm"
  },
  {
    "date": "2003-03-31",
    "symbol": "MOH",
    "reportedCurrency": "USD",
    "cik": "0001179929",
    "fillingDate": "2003-03-31",
    "acceptedDate": "2003-03-30 19:00:00",
    "calendarYear": "2003",
    "period": "Q1",
    "revenue": 192160000,
    "costOfRevenue": 162732000,
    "grossProfit": 29428000,
    "grossProfitRatio": 0.153143214,
    "researchAndDevelopmentExpenses": 0,
    "generalAndAdministrativeExpenses": 14709000,
    "sellingAndMarketingExpenses": 0,
    "sellingGeneralAndAdministrativeExpenses": 14709000,
    "otherExpenses": 1317000,
    "operatingExpenses": 16026000,
    "costAndExpenses": 178758000,
    "interestIncome": 0,
    "interestExpense": 0,
    "depreciationAndAmortization": 1317000,
    "ebitda": 357526000,
    "ebitdaratio": 1.8605641132,
    "operatingIncome": 13349000,
    "operatingIncomeRatio": 0.0694681515,
    "totalOtherIncomeExpensesNet": -74000,
    "incomeBeforeTax": 13275000,
    "incomeBeforeTaxRatio": 0.0690830558,
    "incomeTaxExpense": 5295000,
    "netIncome": 7980000,
    "netIncomeRatio": 0.0415278934,
    "eps": 0.27,
    "epsdiluted": 0.27,
    "weightedAverageShsOut": 29167500,
    "weightedAverageShsOutDil": 29703000,
    "link": "",
    "finalLink": ""
  }
]