[
  {
    "date": "2025-06-30",
    "symbol": "MOS",
    "reportedCurrency": "USD",
    "cik": "0001285785",
    "fillingDate": "2025-08-06",
    "acceptedDate": "2025-08-06 15:04:21",
    "calendarYear": "2025",
    "period": "Q2",
    "revenue": 3005700000,
    "costOfRevenue": 2487100000,
    "grossProfit": 518600000,
    "grossProfitRatio": 0.1725388429,
    "researchAndDevelopmentExpenses": 0,
    "generalAndAdministrativeExpenses": 0,
    "sellingAndMarketingExpenses": 0,
    "sellingGeneralAndAdministrativeExpenses": 167200000,
    "otherExpenses": 107000000,
    "operatingExpenses": 274200000,
    "costAndExpenses": 2761300000,
    "interestIncome": 13100000,
    "interestExpense": 66100000,
    "depreciationAndAmortization": 261700000,
    "ebitda": 892100000,
    "ebitdaratio": 0.2968027415,
    "operatingIncome": 244400000,
    "operatingIncomeRatio": 0.0813121735,
    "totalOtherIncomeExpensesNet": 319900000,
    "incomeBeforeTax": 564300000,
    "incomeBeforeTaxRatio": 0.1877432878,
    "incomeTaxExpense": 146000000,
    "netIncome": 410700000,
    "netIncomeRatio": 0.1366403833,
    "eps": 1.29,
    "epsdiluted": 1.29,
    "weightedAverageShsOut": 318500000,
    "weightedAverageShsOutDil": 318500000,
    "link": "https://www.sec.gov/Archives/edgar/data/1285785/000162828025038265/0001628280-25-038265-index.htm",
    "finalLink": "https://www.sec.gov/Archives/edgar/data/1285785/000162828025038265/mos-20250630.htm"
  },
  {
    "date": "2025-03-31",
    "symbol": "MOS",
    "reportedCurrency": "USD",
    "cik": "0001285785",
    "fillingDate": "2025-05-07",
    "acceptedDate": "2025-05-07 13:40:16",
    "calendarYear": "2025",
    "period": "Q1",
    "revenue": 2620900000,
    "costOfRevenue": 2132500000,
    "grossProfit": 488400000,
    "grossProfitRatio": 0.186348201,
    "researchAndDevelopmentExpenses": 0,
    "generalAndAdministrativeExpenses": 0,
    "sellingAndMarketingExpenses": 0,
    "sellingGeneralAndAdministrativeExpenses": 122600000,
    "otherExpenses": 27300000,
    "operatingExpenses": 149900000,
    "costAndExpenses": 2282400000,
    "interestIncome": 11500000,
    "interestExpense": 52200000,
    "depreciationAndAmortization": 243000000,
    "ebitda": 608000000,
    "ebitdaratio": 0.2319813804,
    "operatingIncome": 338500000,
    "operatingIncomeRatio": 0.1291541074,
    "totalOtherIncomeExpensesNet": -25700000,
    "incomeBeforeTax": 312800000,
    "incomeBeforeTaxRatio": 0.1193483155,
    "incomeTaxExpense": 63300000,
    "netIncome": 238100000,
    "netIncomeRatio": 0.0908466557,
    "eps": 0.75,
    "epsdiluted": 0.75,
    "weightedAverageShsOut": 317000000,
    "weightedAverageShsOutDil": 318200000,
    "link": "https://www.sec.gov/Archives/edgar/data/1285785/000161803425000005/0001618034-25-000005-index.htm",
    "finalLink": "https://www.sec.gov/Archives/edgar/data/1285785/000161803425000005/mos-20250331.htm"
  },
  {
    "date": "2024-12-31",
    "symbol": "MOS",
    "reportedCurrency": "USD",
    "cik": "0001285785",
    "fillingDate": "2025-03-03",
    "acceptedDate": "2025-03-03 15:57:06",
    "calendarYear": "2024",
    "period": "Q4",
    "revenue": 2815900000,
    "costOfRevenue": 2514000000,
    "grossProfit": 301900000,
    "grossProfitRatio": 0.1072126141,
    "researchAndDevelopmentExpenses": 0,
    "generalAndAdministrativeExpenses": 0,
    "sellingAndMarketingExpenses": 0,
    "sellingGeneralAndAdministrativeExpenses": 113500000,
    "otherExpenses": 88500000,
    "operatingExpenses": 202000000,
    "costAndExpenses": 2716000000,
    "interestIncome": 13300000,
    "interestExpense": 60000000,
    "depreciationAndAmortization": 282100000,
    "ebitda": 532500000,
    "ebitdaratio": 0.1891047267,
    "operatingIncome": 99900000,
    "operatingIncomeRatio": 0.0354771121,
    "totalOtherIncomeExpensesNet": 90500000,
    "incomeBeforeTax": 190400000,
    "incomeBeforeTaxRatio": 0.0676160375,
    "incomeTaxExpense": 33800000,
    "netIncome": 169000000,
    "netIncomeRatio": 0.0600163358,
    "eps": 0.53,
    "epsdiluted": 0.53,
    "weightedAverageShsOut": 317400000,
    "weightedAverageShsOutDil": 318500000,
    "link": "https://www.sec.gov/Archives/edgar/data/1285785/000161803425000003/0001618034-25-000003-index.htm",
    "finalLink": "https://www.sec.gov/Archives/edgar/data/1285785/000161803425000003/mos-20241231.htm"
  },
  {
    "date": "2024-09-30",
    "symbol": "MOS",
    "reportedCurrency": "USD",
    "cik": "0001285785",
    "fillingDate": "2024-11-12",
    "acceptedDate": "2024-11-12 12:43:11",
    "calendarYear": "2024",
    "period": "Q3",
    "revenue": 2810900000,
    "costOfRevenue": 2394100000,
    "grossProfit": 416800000,
    "grossProfitRatio": 0.1482799103,
    "researchAndDevelopmentExpenses": 0,
    "generalAndAdministrativeExpenses": 0,
    "sellingAndMarketingExpenses": 0,
    "sellingGeneralAndAdministrativeExpenses": 148200000,
    "otherExpenses": 153200000,
    "operatingExpenses": 301400000,
    "costAndExpenses": 2695500000,
    "interestIncome": 8900000,
    "interestExpense": 50600000,
    "depreciationAndAmortization": 237900000,
    "ebitda": 462700000,
    "ebitdaratio": 0.1646091999,
    "operatingIncome": 115400000,
    "operatingIncomeRatio": 0.0410544665,
    "totalOtherIncomeExpensesNet": 58800000,
    "incomeBeforeTax": 174200000,
    "incomeBeforeTaxRatio": 0.0619730335,
    "incomeTaxExpense": 48000000,
    "netIncome": 122200000,
    "netIncomeRatio": 0.0434736205,
    "eps": 0.38,
    "epsdiluted": 0.38,
    "weightedAverageShsOut": 318400000,
    "weightedAverageShsOutDil": 319400000,
    "link": "https://www.sec.gov/Archives/edgar/data/1285785/000161803424000019/0001618034-24-000019-index.htm",
    "finalLink": "https://www.sec.gov/Archives/edgar/data/1285785/000161803424000019/mos-20240930.htm"
  },
  {
    "date": "2024-06-30",
    "symbol": "MOS",
    "reportedCurrency": "USD",
    "cik": "0001285785",
    "fillingDate": "2024-08-07",
    "acceptedDate": "2024-08-07 12:27:19",
    "calendarYear": "2024",
    "period": "Q2",
    "revenue": 2816600000,
    "costOfRevenue": 2422600000,
    "grossProfit": 394000000,
    "grossProfitRatio": 0.1398849677,
    "researchAndDevelopmentExpenses": 0,
    "generalAndAdministrativeExpenses": 0,
    "sellingAndMarketingExpenses": 0,
    "sellingGeneralAndAdministrativeExpenses": 128400000,
    "otherExpenses": 32300000,
    "operatingExpenses": 160700000,
    "costAndExpenses": 2583300000,
    "interestIncome": 14800000,
    "interestExpense": 61200000,
    "depreciationAndAmortization": 264400000,
    "ebitda": 251200000,
    "ebitdaratio": 0.0891855429,
    "operatingIncome": 233300000,
    "operatingIncomeRatio": 0.0828303628,
    "totalOtherIncomeExpensesNet": -307700000,
    "incomeBeforeTax": -74400000,
    "incomeBeforeTaxRatio": -0.0264148264,
    "incomeTaxExpense": 98700000,
    "netIncome": -161500000,
    "netIncomeRatio": -0.0573386352,
    "eps": -0.5,
    "epsdiluted": -0.5,
    "weightedAverageShsOut": 321200000,
    "weightedAverageShsOutDil": 321200000,
    "link": "https://www.sec.gov/Archives/edgar/data/1285785/000161803424000013/0001618034-24-000013-index.htm",
    "finalLink": "https://www.sec.gov/Archives/edgar/data/1285785/000161803424000013/mos-20240630.htm"
  },
  {
    "date": "2024-03-31",
    "symbol": "MOS",
    "reportedCurrency": "USD",
    "cik": "0001285785",
    "fillingDate": "2024-05-02",
    "acceptedDate": "2024-05-02 12:36:33",
    "calendarYear": "2024",
    "period": "Q1",
    "revenue": 2679400000,
    "costOfRevenue": 2280200000,
    "grossProfit": 399200000,
    "grossProfitRatio": 0.1489885795,
    "researchAndDevelopmentExpenses": 0,
    "generalAndAdministrativeExpenses": 0,
    "sellingAndMarketingExpenses": 0,
    "sellingGeneralAndAdministrativeExpenses": 106800000,
    "otherExpenses": 119500000,
    "operatingExpenses": 226300000,
    "costAndExpenses": 2506500000,
    "interestIncome": 10200000,
    "interestExpense": 58200000,
    "depreciationAndAmortization": 241100000,
    "ebitda": 324500000,
    "ebitdaratio": 0.1211092036,
    "operatingIncome": 172900000,
    "operatingIncomeRatio": 0.0645293722,
    "totalOtherIncomeExpensesNet": -147700000,
    "incomeBeforeTax": 25200000,
    "incomeBeforeTaxRatio": 0.0094050907,
    "incomeTaxExpense": 6200000,
    "netIncome": 45200000,
    "netIncomeRatio": 0.0168694484,
    "eps": 0.14,
    "epsdiluted": 0.14,
    "weightedAverageShsOut": 322100000,
    "weightedAverageShsOutDil": 323500000,
    "link": "https://www.sec.gov/Archives/edgar/data/1285785/000161803424000006/0001618034-24-000006-index.htm",
    "finalLink": "https://www.sec.gov/Archives/edgar/data/1285785/000161803424000006/mos-20240331.htm"
  },
  {
    "date": "2023-12-31",
    "symbol": "MOS",
    "reportedCurrency": "USD",
    "cik": "0001285785",
    "fillingDate": "2024-02-22",
    "acceptedDate": "2024-02-22 14:32:58",
    "calendarYear": "2023",
    "period": "Q4",
    "revenue": 3149500000,
    "costOfRevenue": 2590000000,
    "grossProfit": 559500000,
    "grossProfitRatio": 0.1776472456,
    "researchAndDevelopmentExpenses": 0,
    "generalAndAdministrativeExpenses": 0,
    "sellingAndMarketingExpenses": 0,
    "sellingGeneralAndAdministrativeExpenses": 123000000,
    "otherExpenses": 158000000,
    "operatingExpenses": 281000000,
    "costAndExpenses": 2871000000,
    "interestIncome": 16300000,
    "interestExpense": 51200000,
    "depreciationAndAmortization": 257700000,
    "ebitda": 632800000,
    "ebitdaratio": 0.2009207811,
    "operatingIncome": 278500000,
    "operatingIncomeRatio": 0.0884267344,
    "totalOtherIncomeExpensesNet": 45400000,
    "incomeBeforeTax": 323900000,
    "incomeBeforeTaxRatio": 0.1028417209,
    "incomeTaxExpense": -43800000,
    "netIncome": 365300000,
    "netIncomeRatio": 0.1159866645,
    "eps": 1.12,
    "epsdiluted": 1.11,
    "weightedAverageShsOut": 326100000,
    "weightedAverageShsOutDil": 327700000,
    "link": "https://www.sec.gov/Archives/edgar/data/1285785/000161803424000004/0001618034-24-000004-index.htm",
    "finalLink": "https://www.sec.gov/Archives/edgar/data/1285785/000161803424000004/mos-20231231.htm"
  },
  {
    "date": "2023-09-30",
    "symbol": "MOS",
    "reportedCurrency": "USD",
    "cik": "0001285785",
    "fillingDate": "2023-11-08",
    "acceptedDate": "2023-11-08 12:43:08",
    "calendarYear": "2023",
    "period": "Q3",
    "revenue": 3548300000,
    "costOfRevenue": 3138700000,
    "grossProfit": 409600000,
    "grossProfitRatio": 0.1154355607,
    "researchAndDevelopmentExpenses": 0,
    "generalAndAdministrativeExpenses": 0,
    "sellingAndMarketingExpenses": 0,
    "sellingGeneralAndAdministrativeExpenses": 119900000,
    "otherExpenses": 143900000,
    "operatingExpenses": 263800000,
    "costAndExpenses": 3402500000,
    "interestIncome": 22900000,
    "interestExpense": 40300000,
    "depreciationAndAmortization": 238700000,
    "ebitda": 260400000,
    "ebitdaratio": 0.0733872559,
    "operatingIncome": 145800000,
    "operatingIncomeRatio": 0.0410900995,
    "totalOtherIncomeExpensesNet": -164400000,
    "incomeBeforeTax": -18600000,
    "incomeBeforeTaxRatio": -0.0052419468,
    "incomeTaxExpense": -5900000,
    "netIncome": -4200000,
    "netIncomeRatio": -0.0011836654,
    "eps": -0.0127,
    "epsdiluted": -0.0127,
    "weightedAverageShsOut": 331500000,
    "weightedAverageShsOutDil": 331500000,
    "link": "https://www.sec.gov/Archives/edgar/data/1285785/000161803423000019/0001618034-23-000019-index.htm",
    "finalLink": "https://www.sec.gov/Archives/edgar/data/1285785/000161803423000019/mos-20230930.htm"
  },
  {
    "date": "2023-06-30",
    "symbol": "MOS",
    "reportedCurrency": "USD",
    "cik": "0001285785",
    "fillingDate": "2023-08-02",
    "acceptedDate": "2023-08-02 13:27:11",
    "calendarYear": "2023",
    "period": "Q2",
    "revenue": 3394000000,
    "costOfRevenue": 2822900000,
    "grossProfit": 571100000,
    "grossProfitRatio": 0.1682675309,
    "researchAndDevelopmentExpenses": 0,
    "generalAndAdministrativeExpenses": 0,
    "sellingAndMarketingExpenses": 0,
    "sellingGeneralAndAdministrativeExpenses": 129900000,
    "otherExpenses": 72000000,
    "operatingExpenses": 201900000,
    "costAndExpenses": 3024800000,
    "interestIncome": 11300000,
    "interestExpense": 47300000,
    "depreciationAndAmortization": 244200000,
    "ebitda": 766100000,
    "ebitdaratio": 0.2257218621,
    "operatingIncome": 369200000,
    "operatingIncomeRatio": 0.1087802004,
    "totalOtherIncomeExpensesNet": 105400000,
    "incomeBeforeTax": 474600000,
    "incomeBeforeTaxRatio": 0.1398350029,
    "incomeTaxExpense": 108400000,
    "netIncome": 369000000,
    "netIncomeRatio": 0.1087212728,
    "eps": 1.11,
    "epsdiluted": 1.11,
    "weightedAverageShsOut": 332200000,
    "weightedAverageShsOutDil": 333700000,
    "link": "https://www.sec.gov/Archives/edgar/data/1285785/000161803423000015/0001618034-23-000015-index.htm",
    "finalLink": "https://www.sec.gov/Archives/edgar/data/1285785/000161803423000015/mos-20230630.htm"
  },
  {
    "date": "2023-03-31",
    "symbol": "MOS",
    "reportedCurrency": "USD",
    "cik": "0001285785",
    "fillingDate": "2023-05-04",
    "acceptedDate": "2023-05-04 14:50:07",
    "calendarYear": "2023",
    "period": "Q1",
    "revenue": 3604300000,
    "costOfRevenue": 2933900000,
    "grossProfit": 670400000,
    "grossProfitRatio": 0.1860000555,
    "researchAndDevelopmentExpenses": 0,
    "generalAndAdministrativeExpenses": 0,
    "sellingAndMarketingExpenses": 0,
    "sellingGeneralAndAdministrativeExpenses": 127700000,
    "otherExpenses": -1900000,
    "operatingExpenses": 125800000,
    "costAndExpenses": 3059700000,
    "interestIncome": 9100000,
    "interestExpense": 50200000,
    "depreciationAndAmortization": 220000000,
    "ebitda": 816200000,
    "ebitdaratio": 0.2264517382,
    "operatingIncome": 544600000,
    "operatingIncomeRatio": 0.1510973004,
    "totalOtherIncomeExpensesNet": 1400000,
    "incomeBeforeTax": 546000000,
    "incomeBeforeTaxRatio": 0.1514857254,
    "incomeTaxExpense": 118300000,
    "netIncome": 434800000,
    "netIncomeRatio": 0.1206336875,
    "eps": 1.3,
    "epsdiluted": 1.28,
    "weightedAverageShsOut": 335400000,
    "weightedAverageShsOutDil": 338700000,
    "link": "https://www.sec.gov/Archives/edgar/data/1285785/000161803423000008/0001618034-23-000008-index.htm",
    "finalLink": "https://www.sec.gov/Archives/edgar/data/1285785/000161803423000008/mos-20230331.htm"
  },
  {
    "date": "2022-12-31",
    "symbol": "MOS",
    "reportedCurrency": "USD",
    "cik": "0001285785",
    "fillingDate": "2023-02-23",
    "acceptedDate": "2023-02-23 14:11:23",
    "calendarYear": "2022",
    "period": "Q4",
    "revenue": 4481300000,
    "costOfRevenue": 3512900000,
    "grossProfit": 968400000,
    "grossProfitRatio": 0.2160980073,
    "researchAndDevelopmentExpenses": 0,
    "generalAndAdministrativeExpenses": 0,
    "sellingAndMarketingExpenses": 0,
    "sellingGeneralAndAdministrativeExpenses": 132900000,
    "otherExpenses": 134900000,
    "operatingExpenses": 267800000,
    "costAndExpenses": 3780700000,
    "interestIncome": 9800000,
    "interestExpense": 43600000,
    "depreciationAndAmortization": 233000000,
    "ebitda": 953800000,
    "ebitdaratio": 0.2128400241,
    "operatingIncome": 700600000,
    "operatingIncomeRatio": 0.1563385625,
    "totalOtherIncomeExpensesNet": -23400000,
    "incomeBeforeTax": 677200000,
    "incomeBeforeTaxRatio": 0.1511168634,
    "incomeTaxExpense": 206000000,
    "netIncome": 523200000,
    "netIncomeRatio": 0.1167518354,
    "eps": 1.54,
    "epsdiluted": 1.52,
    "weightedAverageShsOut": 340300000,
    "weightedAverageShsOutDil": 343800000,
    "link": "https://www.sec.gov/Archives/edgar/data/1285785/000161803423000003/0001618034-23-000003-index.htm",
    "finalLink": "https://www.sec.gov/Archives/edgar/data/1285785/000161803423000003/mos-20221231.htm"
  },
  {
    "date": "2022-09-30",
    "symbol": "MOS",
    "reportedCurrency": "USD",
    "cik": "0001285785",
    "fillingDate": "2022-11-08",
    "acceptedDate": "2022-11-08 12:30:24",
    "calendarYear": "2022",
    "period": "Q3",
    "revenue": 5348500000,
    "costOfRevenue": 3846500000,
    "grossProfit": 1502000000,
    "grossProfitRatio": 0.2808263999,
    "researchAndDevelopmentExpenses": 0,
    "generalAndAdministrativeExpenses": 0,
    "sellingAndMarketingExpenses": 0,
    "sellingGeneralAndAdministrativeExpenses": 124500000,
    "otherExpenses": 222800000,
    "operatingExpenses": 347300000,
    "costAndExpenses": 4193800000,
    "interestIncome": 7600000,
    "interestExpense": 38200000,
    "depreciationAndAmortization": 229200000,
    "ebitda": 1328100000,
    "ebitdaratio": 0.248312611,
    "operatingIncome": 1154700000,
    "operatingIncomeRatio": 0.2158923063,
    "totalOtherIncomeExpensesNet": -94000000,
    "incomeBeforeTax": 1060700000,
    "incomeBeforeTaxRatio": 0.1983172852,
    "incomeTaxExpense": 276600000,
    "netIncome": 841700000,
    "netIncomeRatio": 0.1573712256,
    "eps": 2.45,
    "epsdiluted": 2.42,
    "weightedAverageShsOut": 344200000,
    "weightedAverageShsOutDil": 347700000,
    "link": "https://www.sec.gov/Archives/edgar/data/1285785/000161803422000012/0001618034-22-000012-index.htm",
    "finalLink": "https://www.sec.gov/Archives/edgar/data/1285785/000161803422000012/mos-20220930.htm"
  },
  {
    "date": "2022-06-30",
    "symbol": "MOS",
    "reportedCurrency": "USD",
    "cik": "0001285785",
    "fillingDate": "2022-08-02",
    "acceptedDate": "2022-08-02 12:52:19",
    "calendarYear": "2022",
    "period": "Q2",
    "revenue": 5373100000,
    "costOfRevenue": 3526800000,
    "grossProfit": 1846300000,
    "grossProfitRatio": 0.3436191398,
    "researchAndDevelopmentExpenses": 0,
    "generalAndAdministrativeExpenses": 0,
    "sellingAndMarketingExpenses": 0,
    "sellingGeneralAndAdministrativeExpenses": 108200000,
    "otherExpenses": 63900000,
    "operatingExpenses": 172100000,
    "costAndExpenses": 3698900000,
    "interestIncome": 9000000,
    "interestExpense": 43100000,
    "depreciationAndAmortization": 245000000,
    "ebitda": 1665300000,
    "ebitdaratio": 0.3099328135,
    "operatingIncome": 1674200000,
    "operatingIncomeRatio": 0.3115892129,
    "totalOtherIncomeExpensesNet": -297000000,
    "incomeBeforeTax": 1377200000,
    "incomeBeforeTaxRatio": 0.2563138598,
    "incomeTaxExpense": 369300000,
    "netIncome": 1035900000,
    "netIncomeRatio": 0.1927937317,
    "eps": 2.88,
    "epsdiluted": 2.85,
    "weightedAverageShsOut": 359500000,
    "weightedAverageShsOutDil": 363100000,
    "link": "https://www.sec.gov/Archives/edgar/data/1285785/000161803422000010/0001618034-22-000010-index.htm",
    "finalLink": "https://www.sec.gov/Archives/edgar/data/1285785/000161803422000010/mos-20220630.htm"
  },
  {
    "date": "2022-03-31",
    "symbol": "MOS",
    "reportedCurrency": "USD",
    "cik": "0001285785",
    "fillingDate": "2022-05-03",
    "acceptedDate": "2022-05-03 14:07:14",
    "calendarYear": "2022",
    "period": "Q1",
    "revenue": 3922300000,
    "costOfRevenue": 2483200000,
    "grossProfit": 1439100000,
    "grossProfitRatio": 0.3669020728,
    "researchAndDevelopmentExpenses": 0,
    "generalAndAdministrativeExpenses": 0,
    "sellingAndMarketingExpenses": 0,
    "sellingGeneralAndAdministrativeExpenses": 132400000,
    "otherExpenses": 50900000,
    "operatingExpenses": 183300000,
    "costAndExpenses": 2666500000,
    "interestIncome": 4600000,
    "interestExpense": 43900000,
    "depreciationAndAmortization": 226700000,
    "ebitda": 1798000000,
    "ebitdaratio": 0.4584045076,
    "operatingIncome": 1255800000,
    "operatingIncomeRatio": 0.3201692884,
    "totalOtherIncomeExpensesNet": 271600000,
    "incomeBeforeTax": 1527400000,
    "incomeBeforeTaxRatio": 0.3894143742,
    "incomeTaxExpense": 372400000,
    "netIncome": 1182000000,
    "netIncomeRatio": 0.3013537975,
    "eps": 3.23,
    "epsdiluted": 3.19,
    "weightedAverageShsOut": 366100000,
    "weightedAverageShsOutDil": 370100000,
    "link": "https://www.sec.gov/Archives/edgar/data/1285785/000161803422000007/0001618034-22-000007-index.htm",
    "finalLink": "https://www.sec.gov/Archives/edgar/data/1285785/000161803422000007/mos-20220331.htm"
  },
  {
    "date": "2021-12-31",
    "symbol": "MOS",
    "reportedCurrency": "USD",
    "cik": "0001285785",
    "fillingDate": "2022-02-23",
    "acceptedDate": "2022-02-23 15:27:15",
    "calendarYear": "2021",
    "period": "Q4",
    "revenue": 3841000000,
    "costOfRevenue": 2692400000,
    "grossProfit": 1148600000,
    "grossProfitRatio": 0.2990367092,
    "researchAndDevelopmentExpenses": 0,
    "generalAndAdministrativeExpenses": 0,
    "sellingAndMarketingExpenses": 0,
    "sellingGeneralAndAdministrativeExpenses": 123500000,
    "otherExpenses": 55400000,
    "operatingExpenses": 178900000,
    "costAndExpenses": 2871300000,
    "interestIncome": 7500000,
    "interestExpense": 46500000,
    "depreciationAndAmortization": 214200000,
    "ebitda": 1146600000,
    "ebitdaratio": 0.2985160115,
    "operatingIncome": 969700000,
    "operatingIncomeRatio": 0.2524602968,
    "totalOtherIncomeExpensesNet": -83800000,
    "incomeBeforeTax": 885900000,
    "incomeBeforeTaxRatio": 0.2306430617,
    "incomeTaxExpense": 245500000,
    "netIncome": 664800000,
    "netIncomeRatio": 0.1730799271,
    "eps": 1.78,
    "epsdiluted": 1.76,
    "weightedAverageShsOut": 373700000,
    "weightedAverageShsOutDil": 377500000,
    "link": "https://www.sec.gov/Archives/edgar/data/1285785/000161803422000004/0001618034-22-000004-index.htm",
    "finalLink": "https://www.sec.gov/Archives/edgar/data/1285785/000161803422000004/mos-20211231.htm"
  },
  {
    "date": "2021-09-30",
    "symbol": "MOS",
    "reportedCurrency": "USD",
    "cik": "0001285785",
    "fillingDate": "2021-11-02",
    "acceptedDate": "2021-11-02 13:14:58",
    "calendarYear": "2021",
    "period": "Q3",
    "revenue": 3418600000,
    "costOfRevenue": 2554100000,
    "grossProfit": 864500000,
    "grossProfitRatio": 0.2528812964,
    "researchAndDevelopmentExpenses": 0,
    "generalAndAdministrativeExpenses": 0,
    "sellingAndMarketingExpenses": 0,
    "sellingGeneralAndAdministrativeExpenses": 97700000,
    "otherExpenses": 65200000,
    "operatingExpenses": 162900000,
    "costAndExpenses": 2717000000,
    "interestIncome": 6800000,
    "interestExpense": 54600000,
    "depreciationAndAmortization": 186100000,
    "ebitda": 795000000,
    "ebitdaratio": 0.2325513368,
    "operatingIncome": 701600000,
    "operatingIncomeRatio": 0.2052302112,
    "totalOtherIncomeExpensesNet": -147300000,
    "incomeBeforeTax": 554300000,
    "incomeBeforeTaxRatio": 0.1621423975,
    "incomeTaxExpense": 176600000,
    "netIncome": 371900000,
    "netIncomeRatio": 0.1087872228,
    "eps": 0.98,
    "epsdiluted": 0.97,
    "weightedAverageShsOut": 379800000,
    "weightedAverageShsOutDil": 383200000,
    "link": "https://www.sec.gov/Archives/edgar/data/1285785/000161803421000013/0001618034-21-000013-index.htm",
    "finalLink": "https://www.sec.gov/Archives/edgar/data/1285785/000161803421000013/mos-20210930.htm"
  },
  {
    "date": "2021-06-30",
    "symbol": "MOS",
    "reportedCurrency": "USD",
    "cik": "0001285785",
    "fillingDate": "2021-08-03",
    "acceptedDate": "2021-08-03 13:26:27",
    "calendarYear": "2021",
    "period": "Q2",
    "revenue": 2800700000,
    "costOfRevenue": 2048400000,
    "grossProfit": 752300000,
    "grossProfitRatio": 0.2686114186,
    "researchAndDevelopmentExpenses": 0,
    "generalAndAdministrativeExpenses": 0,
    "sellingAndMarketingExpenses": 0,
    "sellingGeneralAndAdministrativeExpenses": 107600000,
    "otherExpenses": 160700000,
    "operatingExpenses": 268300000,
    "costAndExpenses": 2316700000,
    "interestIncome": 6500000,
    "interestExpense": 43800000,
    "depreciationAndAmortization": 203500000,
    "ebitda": 806500000,
    "ebitdaratio": 0.2879637234,
    "operatingIncome": 484000000,
    "operatingIncomeRatio": 0.1728139394,
    "totalOtherIncomeExpensesNet": 75200000,
    "incomeBeforeTax": 559200000,
    "incomeBeforeTaxRatio": 0.1996643696,
    "incomeTaxExpense": 115900000,
    "netIncome": 437200000,
    "netIncomeRatio": 0.1561038312,
    "eps": 1.15,
    "epsdiluted": 1.14,
    "weightedAverageShsOut": 379800000,
    "weightedAverageShsOutDil": 383300000,
    "link": "https://www.sec.gov/Archives/edgar/data/1285785/000161803421000010/0001618034-21-000010-index.htm",
    "finalLink": "https://www.sec.gov/Archives/edgar/data/1285785/000161803421000010/mos-20210630.htm"
  },
  {
    "date": "2021-03-31",
    "symbol": "MOS",
    "reportedCurrency": "USD",
    "cik": "0001285785",
    "fillingDate": "2021-05-04",
    "acceptedDate": "2021-05-04 12:52:51",
    "calendarYear": "2021",
    "period": "Q1",
    "revenue": 2297100000,
    "costOfRevenue": 1862200000,
    "grossProfit": 434900000,
    "grossProfitRatio": 0.1893256715,
    "researchAndDevelopmentExpenses": 0,
    "generalAndAdministrativeExpenses": 0,
    "sellingAndMarketingExpenses": 0,
    "sellingGeneralAndAdministrativeExpenses": 101700000,
    "otherExpenses": 20000000,
    "operatingExpenses": 121700000,
    "costAndExpenses": 1983900000,
    "interestIncome": 4400000,
    "interestExpense": 49400000,
    "depreciationAndAmortization": 209100000,
    "ebitda": 483900000,
    "ebitdaratio": 0.2106569152,
    "operatingIncome": 313200000,
    "operatingIncomeRatio": 0.1363458273,
    "totalOtherIncomeExpensesNet": -87800000,
    "incomeBeforeTax": 225400000,
    "incomeBeforeTaxRatio": 0.0981237212,
    "incomeTaxExpense": 59700000,
    "netIncome": 156700000,
    "netIncomeRatio": 0.0682164468,
    "eps": 0.41,
    "epsdiluted": 0.41,
    "weightedAverageShsOut": 379200000,
    "weightedAverageShsOutDil": 382800000,
    "link": "https://www.sec.gov/Archives/edgar/data/1285785/000161803421000006/0001618034-21-000006-index.htm",
    "finalLink": "https://www.sec.gov/Archives/edgar/data/1285785/000161803421000006/mos-20210331.htm"
  },
  {
    "date": "2020-12-31",
    "symbol": "MOS",
    "reportedCurrency": "USD",
    "cik": "0001285785",
    "fillingDate": "2021-02-22",
    "acceptedDate": "2021-02-22 12:27:17",
    "calendarYear": "2020",
    "period": "Q4",
    "revenue": 2457400000,
    "costOfRevenue": 2046000000,
    "grossProfit": 411400000,
    "grossProfitRatio": 0.1674127126,
    "researchAndDevelopmentExpenses": 0,
    "generalAndAdministrativeExpenses": 0,
    "sellingAndMarketingExpenses": 0,
    "sellingGeneralAndAdministrativeExpenses": 110900000,
    "otherExpenses": 5700000,
    "operatingExpenses": 116600000,
    "costAndExpenses": 2162600000,
    "interestIncome": 8300000,
    "interestExpense": 55500000,
    "depreciationAndAmortization": 208500000,
    "ebitda": 622900000,
    "ebitdaratio": 0.2534792871,
    "operatingIncome": 294800000,
    "operatingIncomeRatio": 0.1199641898,
    "totalOtherIncomeExpensesNet": 64100000,
    "incomeBeforeTax": 358900000,
    "incomeBeforeTaxRatio": 0.1460486693,
    "incomeTaxExpense": -480900000,
    "netIncome": 827900000,
    "netIncomeRatio": 0.3369007895,
    "eps": 2.18,
    "epsdiluted": 2.17,
    "weightedAverageShsOut": 379100000,
    "weightedAverageShsOutDil": 382300000,
    "link": "https://www.sec.gov/Archives/edgar/data/1285785/000161803421000003/0001618034-21-000003-index.htm",
    "finalLink": "https://www.sec.gov/Archives/edgar/data/1285785/000161803421000003/mos-20201231.htm"
  },
  {
    "date": "2020-09-30",
    "symbol": "MOS",
    "reportedCurrency": "USD",
    "cik": "0001285785",
    "fillingDate": "2020-11-03",
    "acceptedDate": "2020-11-03 15:57:13",
    "calendarYear": "2020",
    "period": "Q3",
    "revenue": 2381500000,
    "costOfRevenue": 2026400000,
    "grossProfit": 355100000,
    "grossProfitRatio": 0.1491077052,
    "researchAndDevelopmentExpenses": 0,
    "generalAndAdministrativeExpenses": 0,
    "sellingAndMarketingExpenses": 0,
    "sellingGeneralAndAdministrativeExpenses": 97600000,
    "otherExpenses": 159000000,
    "operatingExpenses": 256600000,
    "costAndExpenses": 2283000000,
    "interestIncome": 7800000,
    "interestExpense": 50800000,
    "depreciationAndAmortization": 205900000,
    "ebitda": 322700000,
    "ebitdaratio": 0.1355028343,
    "operatingIncome": 98500000,
    "operatingIncomeRatio": 0.0413604871,
    "totalOtherIncomeExpensesNet": -32500000,
    "incomeBeforeTax": 66000000,
    "incomeBeforeTaxRatio": 0.0277136259,
    "incomeTaxExpense": 38100000,
    "netIncome": -6200000,
    "netIncomeRatio": -0.0026034012,
    "eps": -0.0164,
    "epsdiluted": -0.02,
    "weightedAverageShsOut": 379100000,
    "weightedAverageShsOutDil": 379100000,
    "link": "https://www.sec.gov/Archives/edgar/data/1285785/000161803420000014/0001618034-20-000014-index.htm",
    "finalLink": "https://www.sec.gov/Archives/edgar/data/1285785/000161803420000014/mos-20200930.htm"
  },
  {
    "date": "2020-06-30",
    "symbol": "MOS",
    "reportedCurrency": "USD",
    "cik": "0001285785",
    "fillingDate": "2020-08-04",
    "acceptedDate": "2020-08-04 14:07:25",
    "calendarYear": "2020",
    "period": "Q2",
    "revenue": 2044700000,
    "costOfRevenue": 1787700000,
    "grossProfit": 257000000,
    "grossProfitRatio": 0.1256908104,
    "researchAndDevelopmentExpenses": 0,
    "generalAndAdministrativeExpenses": 0,
    "sellingAndMarketingExpenses": 0,
    "sellingGeneralAndAdministrativeExpenses": 95100000,
    "otherExpenses": 76100000,
    "operatingExpenses": 171200000,
    "costAndExpenses": 1958900000,
    "interestIncome": 7700000,
    "interestExpense": 57000000,
    "depreciationAndAmortization": 215400000,
    "ebitda": 345400000,
    "ebitdaratio": 0.1689245366,
    "operatingIncome": 85800000,
    "operatingIncomeRatio": 0.041962146,
    "totalOtherIncomeExpensesNet": -12800000,
    "incomeBeforeTax": 73000000,
    "incomeBeforeTaxRatio": 0.035702059,
    "incomeTaxExpense": -2700000,
    "netIncome": 47400000,
    "netIncomeRatio": 0.0231818849,
    "eps": 0.13,
    "epsdiluted": 0.12,
    "weightedAverageShsOut": 379100000,
    "weightedAverageShsOutDil": 381300000,
    "link": "https://www.sec.gov/Archives/edgar/data/1285785/000161803420000011/0001618034-20-000011-index.htm",
    "finalLink": "https://www.sec.gov/Archives/edgar/data/1285785/000161803420000011/mos-20200630.htm"
  },
  {
    "date": "2020-03-31",
    "symbol": "MOS",
    "reportedCurrency": "USD",
    "cik": "0001285785",
    "fillingDate": "2020-05-05",
    "acceptedDate": "2020-05-05 14:22:26",
    "calendarYear": "2020",
    "period": "Q1",
    "revenue": 1798100000,
    "costOfRevenue": 1756700000,
    "grossProfit": 41400000,
    "grossProfitRatio": 0.0230243034,
    "researchAndDevelopmentExpenses": 0,
    "generalAndAdministrativeExpenses": 0,
    "sellingAndMarketingExpenses": 0,
    "sellingGeneralAndAdministrativeExpenses": 67900000,
    "otherExpenses": 39700000,
    "operatingExpenses": 107600000,
    "costAndExpenses": 1864300000,
    "interestIncome": 9700000,
    "interestExpense": 50800000,
    "depreciationAndAmortization": 217800000,
    "ebitda": -48400000,
    "ebitdaratio": -0.0269173016,
    "operatingIncome": -66200000,
    "operatingIncomeRatio": -0.0368166398,
    "totalOtherIncomeExpensesNet": -250800000,
    "incomeBeforeTax": -317000000,
    "incomeBeforeTaxRatio": -0.1762972026,
    "incomeTaxExpense": -133000000,
    "netIncome": -203000000,
    "netIncomeRatio": -0.1128969468,
    "eps": -0.54,
    "epsdiluted": -0.54,
    "weightedAverageShsOut": 378800000,
    "weightedAverageShsOutDil": 378800000,
    "link": "https://www.sec.gov/Archives/edgar/data/1285785/000161803420000007/0001618034-20-000007-index.htm",
    "finalLink": "https://www.sec.gov/Archives/edgar/data/1285785/000161803420000007/mos2020033110q.htm"
  },
  {
    "date": "2019-12-31",
    "symbol": "MOS",
    "reportedCurrency": "USD",
    "cik": "0001285785",
    "fillingDate": "2020-02-20",
    "acceptedDate": "2020-02-20 17:22:17",
    "calendarYear": "2019",
    "period": "Q4",
    "revenue": 2076300000,
    "costOfRevenue": 1995600000,
    "grossProfit": 80700000,
    "grossProfitRatio": 0.0388672157,
    "researchAndDevelopmentExpenses": 0,
    "generalAndAdministrativeExpenses": 104300000,
    "sellingAndMarketingExpenses": 0,
    "sellingGeneralAndAdministrativeExpenses": 104300000,
    "otherExpenses": -3400000,
    "operatingExpenses": 167000000,
    "costAndExpenses": 2162600000,
    "interestIncome": 8200000,
    "interestExpense": 54900000,
    "depreciationAndAmortization": 233100000,
    "ebitda": -926100000,
    "ebitdaratio": -0.4460338101,
    "operatingIncome": -1194600000,
    "operatingIncomeRatio": -0.5753503829,
    "totalOtherIncomeExpensesNet": -19500000,
    "incomeBeforeTax": -1214100000,
    "incomeBeforeTaxRatio": -0.5847420893,
    "incomeTaxExpense": -288800000,
    "netIncome": -921000000,
    "netIncomeRatio": -0.4435775177,
    "eps": -2.43,
    "epsdiluted": -2.43,
    "weightedAverageShsOut": 378800000,
    "weightedAverageShsOutDil": 378800000,
    "link": "https://www.sec.gov/Archives/edgar/data/1285785/000161803420000003/0001618034-20-000003-index.htm",
    "finalLink": "https://www.sec.gov/Archives/edgar/data/1285785/000161803420000003/mos-20191231x10k.htm"
  },
  {
    "date": "2019-09-30",
    "symbol": "MOS",
    "reportedCurrency": "USD",
    "cik": "0001285785",
    "fillingDate": "2019-11-05",
    "acceptedDate": "2019-11-05 16:19:53",
    "calendarYear": "2019",
    "period": "Q3",
    "revenue": 2753400000,
    "costOfRevenue": 2473500000,
    "grossProfit": 279900000,
    "grossProfitRatio": 0.1016561342,
    "researchAndDevelopmentExpenses": 0,
    "generalAndAdministrativeExpenses": 78200000,
    "sellingAndMarketingExpenses": 0,
    "sellingGeneralAndAdministrativeExpenses": 78200000,
    "otherExpenses": 74200000,
    "operatingExpenses": 152400000,
    "costAndExpenses": 2629500000,
    "interestIncome": 9900000,
    "interestExpense": 53100000,
    "depreciationAndAmortization": 210800000,
    "ebitda": 316100000,
    "ebitdaratio": 0.1148035157,
    "operatingIncome": 139500000,
    "operatingIncomeRatio": 0.0506646328,
    "totalOtherIncomeExpensesNet": -87300000,
    "incomeBeforeTax": 52200000,
    "incomeBeforeTaxRatio": 0.0189583787,
    "incomeTaxExpense": 69200000,
    "netIncome": -44100000,
    "netIncomeRatio": -0.0160165613,
    "eps": -0.11,
    "epsdiluted": -0.11,
    "weightedAverageShsOut": 385000000,
    "weightedAverageShsOutDil": 385000000,
    "link": "https://www.sec.gov/Archives/edgar/data/1285785/000161803419000018/0001618034-19-000018-index.htm",
    "finalLink": "https://www.sec.gov/Archives/edgar/data/1285785/000161803419000018/mos2019093010q.htm"
  },
  {
    "date": "2019-06-30",
    "symbol": "MOS",
    "reportedCurrency": "USD",
    "cik": "0001285785",
    "fillingDate": "2019-08-06",
    "acceptedDate": "2019-08-06 15:37:51",
    "calendarYear": "2019",
    "period": "Q2",
    "revenue": 2176900000,
    "costOfRevenue": 1949700000,
    "grossProfit": 227200000,
    "grossProfitRatio": 0.1043685975,
    "researchAndDevelopmentExpenses": 0,
    "generalAndAdministrativeExpenses": 78100000,
    "sellingAndMarketingExpenses": 0,
    "sellingGeneralAndAdministrativeExpenses": 78100000,
    "otherExpenses": -3700000,
    "operatingExpenses": 99700000,
    "costAndExpenses": 2049400000,
    "interestIncome": 7100000,
    "interestExpense": 53100000,
    "depreciationAndAmortization": 220700000,
    "ebitda": 3000000,
    "ebitdaratio": 0.0013781065,
    "operatingIncome": -241900000,
    "operatingIncomeRatio": -0.1111213193,
    "totalOtherIncomeExpensesNet": -28900000,
    "incomeBeforeTax": -270800000,
    "incomeBeforeTaxRatio": -0.1243970784,
    "incomeTaxExpense": -51700000,
    "netIncome": -233100000,
    "netIncomeRatio": -0.1070788736,
    "eps": -0.6,
    "epsdiluted": -0.6,
    "weightedAverageShsOut": 385800000,
    "weightedAverageShsOutDil": 385800000,
    "link": "https://www.sec.gov/Archives/edgar/data/1285785/000161803419000016/0001618034-19-000016-index.htm",
    "finalLink": "https://www.sec.gov/Archives/edgar/data/1285785/000161803419000016/mos2019063010q.htm"
  },
  {
    "date": "2019-03-31",
    "symbol": "MOS",
    "reportedCurrency": "USD",
    "cik": "0001285785",
    "fillingDate": "2019-05-07",
    "acceptedDate": "2019-05-07 15:03:28",
    "calendarYear": "2019",
    "period": "Q1",
    "revenue": 1899700000,
    "costOfRevenue": 1590200000,
    "grossProfit": 309500000,
    "grossProfitRatio": 0.1629204611,
    "researchAndDevelopmentExpenses": 0,
    "generalAndAdministrativeExpenses": 93500000,
    "sellingAndMarketingExpenses": 0,
    "sellingGeneralAndAdministrativeExpenses": 93500000,
    "otherExpenses": 13900000,
    "operatingExpenses": 107400000,
    "costAndExpenses": 1697600000,
    "interestIncome": 7900000,
    "interestExpense": 54900000,
    "depreciationAndAmortization": 218100000,
    "ebitda": 449600000,
    "ebitdaratio": 0.2366689477,
    "operatingIncome": 202100000,
    "operatingIncomeRatio": 0.1063852187,
    "totalOtherIncomeExpensesNet": -25500000,
    "incomeBeforeTax": 176600000,
    "incomeBeforeTaxRatio": 0.0929620466,
    "incomeTaxExpense": 46600000,
    "netIncome": 130800000,
    "netIncomeRatio": 0.0688529768,
    "eps": 0.34,
    "epsdiluted": 0.34,
    "weightedAverageShsOut": 385500000,
    "weightedAverageShsOutDil": 387400000,
    "link": "https://www.sec.gov/Archives/edgar/data/1285785/000161803419000006/0001618034-19-000006-index.htm",
    "finalLink": "https://www.sec.gov/Archives/edgar/data/1285785/000161803419000006/mos_20190331x10q.htm"
  },
  {
    "date": "2018-12-31",
    "symbol": "MOS",
    "reportedCurrency": "USD",
    "cik": "0001285785",
    "fillingDate": "2019-03-13",
    "acceptedDate": "2019-03-12 20:24:45",
    "calendarYear": "2018",
    "period": "Q4",
    "revenue": 2520500000,
    "costOfRevenue": 2054300000,
    "grossProfit": 466200000,
    "grossProfitRatio": 0.1849633009,
    "researchAndDevelopmentExpenses": 0,
    "generalAndAdministrativeExpenses": 89700000,
    "sellingAndMarketingExpenses": 0,
    "sellingGeneralAndAdministrativeExpenses": 89700000,
    "otherExpenses": 118500000,
    "operatingExpenses": 208200000,
    "costAndExpenses": 2262500000,
    "interestIncome": 13200000,
    "interestExpense": 43900000,
    "depreciationAndAmortization": 235100000,
    "ebitda": 424300000,
    "ebitdaratio": 0.1683396152,
    "operatingIncome": 258000000,
    "operatingIncomeRatio": 0.1023606427,
    "totalOtherIncomeExpensesNet": -112700000,
    "incomeBeforeTax": 145300000,
    "incomeBeforeTaxRatio": 0.0576472922,
    "incomeTaxExpense": 32700000,
    "netIncome": 112300000,
    "netIncomeRatio": 0.0445546519,
    "eps": 0.29,
    "epsdiluted": 0.29,
    "weightedAverageShsOut": 385500000,
    "weightedAverageShsOutDil": 387600000,
    "link": "https://www.sec.gov/Archives/edgar/data/1285785/000161803419000004/0001618034-19-000004-index.htm",
    "finalLink": "https://www.sec.gov/Archives/edgar/data/1285785/000161803419000004/mos-20181231x10k.htm"
  },
  {
    "date": "2018-09-30",
    "symbol": "MOS",
    "reportedCurrency": "USD",
    "cik": "0001285785",
    "fillingDate": "2018-11-06",
    "acceptedDate": "2018-11-06 17:05:18",
    "calendarYear": "2018",
    "period": "Q3",
    "revenue": 2928100000,
    "costOfRevenue": 2432600000,
    "grossProfit": 495500000,
    "grossProfitRatio": 0.1692223626,
    "researchAndDevelopmentExpenses": 0,
    "generalAndAdministrativeExpenses": 78500000,
    "sellingAndMarketingExpenses": 0,
    "sellingGeneralAndAdministrativeExpenses": 78500000,
    "otherExpenses": 23700000,
    "operatingExpenses": 102200000,
    "costAndExpenses": 2534800000,
    "interestIncome": 16800000,
    "interestExpense": 57700000,
    "depreciationAndAmortization": 214500000,
    "ebitda": 614800000,
    "ebitdaratio": 0.2099655066,
    "operatingIncome": 393300000,
    "operatingIncomeRatio": 0.1343191831,
    "totalOtherIncomeExpensesNet": -50700000,
    "incomeBeforeTax": 342600000,
    "incomeBeforeTaxRatio": 0.1170042007,
    "incomeTaxExpense": 90600000,
    "netIncome": 247500000,
    "netIncomeRatio": 0.0845258017,
    "eps": 0.64,
    "epsdiluted": 0.64,
    "weightedAverageShsOut": 385500000,
    "weightedAverageShsOutDil": 387500000,
    "link": "https://www.sec.gov/Archives/edgar/data/1285785/000161803418000014/0001618034-18-000014-index.htm",
    "finalLink": "https://www.sec.gov/Archives/edgar/data/1285785/000161803418000014/mos_20180930x10q.htm"
  },
  {
    "date": "2018-06-30",
    "symbol": "MOS",
    "reportedCurrency": "USD",
    "cik": "0001285785",
    "fillingDate": "2018-08-07",
    "acceptedDate": "2018-08-07 15:18:23",
    "calendarYear": "2018",
    "period": "Q2",
    "revenue": 2205000000,
    "costOfRevenue": 1910400000,
    "grossProfit": 294600000,
    "grossProfitRatio": 0.1336054422,
    "researchAndDevelopmentExpenses": 0,
    "generalAndAdministrativeExpenses": 79300000,
    "sellingAndMarketingExpenses": 0,
    "sellingGeneralAndAdministrativeExpenses": 79300000,
    "otherExpenses": 19000000,
    "operatingExpenses": 98300000,
    "costAndExpenses": 2008700000,
    "interestIncome": 10600000,
    "interestExpense": 55700000,
    "depreciationAndAmortization": 216800000,
    "ebitda": 342600000,
    "ebitdaratio": 0.1553741497,
    "operatingIncome": 196300000,
    "operatingIncomeRatio": 0.0890249433,
    "totalOtherIncomeExpensesNet": -126200000,
    "incomeBeforeTax": 70100000,
    "incomeBeforeTaxRatio": 0.0317913832,
    "incomeTaxExpense": 3700000,
    "netIncome": 67900000,
    "netIncomeRatio": 0.0307936508,
    "eps": 0.18,
    "epsdiluted": 0.18,
    "weightedAverageShsOut": 385400000,
    "weightedAverageShsOutDil": 387200000,
    "link": "https://www.sec.gov/Archives/edgar/data/1285785/000161803418000011/0001618034-18-000011-index.htm",
    "finalLink": "https://www.sec.gov/Archives/edgar/data/1285785/000161803418000011/mos_20180630x10q.htm"
  },
  {
    "date": "2018-03-31",
    "symbol": "MOS",
    "reportedCurrency": "USD",
    "cik": "0001285785",
    "fillingDate": "2018-05-09",
    "acceptedDate": "2018-05-08 18:06:28",
    "calendarYear": "2018",
    "period": "Q1",
    "revenue": 1933700000,
    "costOfRevenue": 1691600000,
    "grossProfit": 242100000,
    "grossProfitRatio": 0.125200393,
    "researchAndDevelopmentExpenses": 0,
    "generalAndAdministrativeExpenses": 93600000,
    "sellingAndMarketingExpenses": 0,
    "sellingGeneralAndAdministrativeExpenses": 93600000,
    "otherExpenses": 67800000,
    "operatingExpenses": 161400000,
    "costAndExpenses": 1853000000,
    "interestIncome": 9100000,
    "interestExpense": 58500000,
    "depreciationAndAmortization": 217500000,
    "ebitda": 269500000,
    "ebitdaratio": 0.1393701195,
    "operatingIncome": 80700000,
    "operatingIncomeRatio": 0.0417334643,
    "totalOtherIncomeExpensesNet": -87200000,
    "incomeBeforeTax": -6500000,
    "incomeBeforeTaxRatio": -0.0033614315,
    "incomeTaxExpense": -49900000,
    "netIncome": 42300000,
    "netIncomeRatio": 0.0218751616,
    "eps": 0.11,
    "epsdiluted": 0.11,
    "weightedAverageShsOut": 382600000,
    "weightedAverageShsOutDil": 384100000,
    "link": "https://www.sec.gov/Archives/edgar/data/1285785/000161803418000006/0001618034-18-000006-index.htm",
    "finalLink": "https://www.sec.gov/Archives/edgar/data/1285785/000161803418000006/mos_20180331x10q.htm"
  },
  {
    "date": "2017-12-31",
    "symbol": "MOS",
    "reportedCurrency": "USD",
    "cik": "0001285785",
    "fillingDate": "2018-02-21",
    "acceptedDate": "2018-02-20 18:09:22",
    "calendarYear": "2017",
    "period": "Q4",
    "revenue": 2091900000,
    "costOfRevenue": 1811800000,
    "grossProfit": 280100000,
    "grossProfitRatio": 0.1338974138,
    "researchAndDevelopmentExpenses": 0,
    "generalAndAdministrativeExpenses": 83100000,
    "sellingAndMarketingExpenses": 0,
    "sellingGeneralAndAdministrativeExpenses": 83100000,
    "otherExpenses": 69900000,
    "operatingExpenses": 153000000,
    "costAndExpenses": 1964800000,
    "interestIncome": 11200000,
    "interestExpense": 50900000,
    "depreciationAndAmortization": 172000000,
    "ebitda": 282100000,
    "ebitdaratio": 0.1348534825,
    "operatingIncome": 127100000,
    "operatingIncomeRatio": 0.0607581624,
    "totalOtherIncomeExpensesNet": -67900000,
    "incomeBeforeTax": 59200000,
    "incomeBeforeTaxRatio": 0.0282996319,
    "incomeTaxExpense": 490200000,
    "netIncome": -431100000,
    "netIncomeRatio": -0.2060805966,
    "eps": -1.13,
    "epsdiluted": -1.13,
    "weightedAverageShsOut": 351000000,
    "weightedAverageShsOutDil": 351000000,
    "link": "https://www.sec.gov/Archives/edgar/data/1285785/000161803418000003/0001618034-18-000003-index.htm",
    "finalLink": "https://www.sec.gov/Archives/edgar/data/1285785/000161803418000003/mos-20171231x10k.htm"
  },
  {
    "date": "2017-09-30",
    "symbol": "MOS",
    "reportedCurrency": "USD",
    "cik": "0001285785",
    "fillingDate": "2017-11-03",
    "acceptedDate": "2017-11-03 12:40:40",
    "calendarYear": "2017",
    "period": "Q3",
    "revenue": 1984800000,
    "costOfRevenue": 1744000000,
    "grossProfit": 240800000,
    "grossProfitRatio": 0.1213220476,
    "researchAndDevelopmentExpenses": 0,
    "generalAndAdministrativeExpenses": 66100000,
    "sellingAndMarketingExpenses": 0,
    "sellingGeneralAndAdministrativeExpenses": 66100000,
    "otherExpenses": -39200000,
    "operatingExpenses": 26900000,
    "costAndExpenses": 1770900000,
    "interestIncome": 7000000,
    "interestExpense": 43200000,
    "depreciationAndAmortization": 168800000,
    "ebitda": 449400000,
    "ebitdaratio": 0.2264207981,
    "operatingIncome": 213900000,
    "operatingIncomeRatio": 0.1077690447,
    "totalOtherIncomeExpensesNet": 23500000,
    "incomeBeforeTax": 237400000,
    "incomeBeforeTaxRatio": 0.1196090286,
    "incomeTaxExpense": 17600000,
    "netIncome": 227500000,
    "netIncomeRatio": 0.1146211205,
    "eps": 0.65,
    "epsdiluted": 0.65,
    "weightedAverageShsOut": 351100000,
    "weightedAverageShsOutDil": 352200000,
    "link": "https://www.sec.gov/Archives/edgar/data/1285785/000161803417000015/0001618034-17-000015-index.htm",
    "finalLink": "https://www.sec.gov/Archives/edgar/data/1285785/000161803417000015/mos_20170930x10q.htm"
  },
  {
    "date": "2017-06-30",
    "symbol": "MOS",
    "reportedCurrency": "USD",
    "cik": "0001285785",
    "fillingDate": "2017-08-01",
    "acceptedDate": "2017-08-01 17:02:47",
    "calendarYear": "2017",
    "period": "Q2",
    "revenue": 1754600000,
    "costOfRevenue": 1562300000,
    "grossProfit": 192300000,
    "grossProfitRatio": 0.1095976291,
    "researchAndDevelopmentExpenses": 0,
    "generalAndAdministrativeExpenses": 71200000,
    "sellingAndMarketingExpenses": 0,
    "sellingGeneralAndAdministrativeExpenses": 71200000,
    "otherExpenses": 26500000,
    "operatingExpenses": 97700000,
    "costAndExpenses": 1660000000,
    "interestIncome": 7900000,
    "interestExpense": 44300000,
    "depreciationAndAmortization": 165900000,
    "ebitda": 278900000,
    "ebitdaratio": 0.1589536077,
    "operatingIncome": 94600000,
    "operatingIncomeRatio": 0.0539154223,
    "totalOtherIncomeExpensesNet": -25900000,
    "incomeBeforeTax": 68700000,
    "incomeBeforeTaxRatio": 0.0391542232,
    "incomeTaxExpense": -22600000,
    "netIncome": 97300000,
    "netIncomeRatio": 0.0554542346,
    "eps": 0.28,
    "epsdiluted": 0.28,
    "weightedAverageShsOut": 351000000,
    "weightedAverageShsOutDil": 352000000,
    "link": "https://www.sec.gov/Archives/edgar/data/1285785/000161803417000011/0001618034-17-000011-index.htm",
    "finalLink": "https://www.sec.gov/Archives/edgar/data/1285785/000161803417000011/mos_20170630x10q.htm"
  },
  {
    "date": "2017-03-31",
    "symbol": "MOS",
    "reportedCurrency": "USD",
    "cik": "0001285785",
    "fillingDate": "2017-05-03",
    "acceptedDate": "2017-05-02 17:34:24",
    "calendarYear": "2017",
    "period": "Q1",
    "revenue": 1578100000,
    "costOfRevenue": 1448500000,
    "grossProfit": 129600000,
    "grossProfitRatio": 0.0821240733,
    "researchAndDevelopmentExpenses": 0,
    "generalAndAdministrativeExpenses": 80900000,
    "sellingAndMarketingExpenses": 0,
    "sellingGeneralAndAdministrativeExpenses": 80900000,
    "otherExpenses": 18600000,
    "operatingExpenses": 99500000,
    "costAndExpenses": 1548000000,
    "interestIncome": 7100000,
    "interestExpense": 32900000,
    "depreciationAndAmortization": 158800000,
    "ebitda": 200400000,
    "ebitdaratio": 0.1269881503,
    "operatingIncome": 30100000,
    "operatingIncomeRatio": 0.0190735695,
    "totalOtherIncomeExpensesNet": -21400000,
    "incomeBeforeTax": 8700000,
    "incomeBeforeTaxRatio": 0.0055129586,
    "incomeTaxExpense": 9700000,
    "netIncome": -900000,
    "netIncomeRatio": -0.0005703061,
    "eps": -0.0026,
    "epsdiluted": -0.0026,
    "weightedAverageShsOut": 350500000,
    "weightedAverageShsOutDil": 350500000,
    "link": "https://www.sec.gov/Archives/edgar/data/1285785/000161803417000008/0001618034-17-000008-index.htm",
    "finalLink": "https://www.sec.gov/Archives/edgar/data/1285785/000161803417000008/mos_20170331x10q.htm"
  },
  {
    "date": "2016-12-31",
    "symbol": "MOS",
    "reportedCurrency": "USD",
    "cik": "0001285785",
    "fillingDate": "2017-02-15",
    "acceptedDate": "2017-02-15 16:46:30",
    "calendarYear": "2016",
    "period": "Q4",
    "revenue": 1862100000,
    "costOfRevenue": 1656200000,
    "grossProfit": 205900000,
    "grossProfitRatio": 0.110574083,
    "researchAndDevelopmentExpenses": 0,
    "generalAndAdministrativeExpenses": 74600000,
    "sellingAndMarketingExpenses": 0,
    "sellingGeneralAndAdministrativeExpenses": 74600000,
    "otherExpenses": 57700000,
    "operatingExpenses": 132300000,
    "costAndExpenses": 1788500000,
    "interestIncome": 9100000,
    "interestExpense": 36300000,
    "depreciationAndAmortization": 165500000,
    "ebitda": 213500000,
    "ebitdaratio": 0.1146554965,
    "operatingIncome": 73600000,
    "operatingIncomeRatio": 0.0395252672,
    "totalOtherIncomeExpensesNet": -61900000,
    "incomeBeforeTax": 11700000,
    "incomeBeforeTaxRatio": 0.0062832286,
    "incomeTaxExpense": -5500000,
    "netIncome": 11900000,
    "netIncomeRatio": 0.0063906342,
    "eps": 0.0491,
    "epsdiluted": 0.0491,
    "weightedAverageShsOut": 350400000,
    "weightedAverageShsOutDil": 350500000,
    "link": "https://www.sec.gov/Archives/edgar/data/1285785/000161803417000005/0001618034-17-000005-index.htm",
    "finalLink": "https://www.sec.gov/Archives/edgar/data/1285785/000161803417000005/mos-20161231x10k.htm"
  },
  {
    "date": "2016-09-30",
    "symbol": "MOS",
    "reportedCurrency": "USD",
    "cik": "0001285785",
    "fillingDate": "2016-11-01",
    "acceptedDate": "2016-11-01 14:57:28",
    "calendarYear": "2016",
    "period": "Q3",
    "revenue": 1952200000,
    "costOfRevenue": 1738900000,
    "grossProfit": 213300000,
    "grossProfitRatio": 0.1092613462,
    "researchAndDevelopmentExpenses": 0,
    "generalAndAdministrativeExpenses": 66900000,
    "sellingAndMarketingExpenses": 0,
    "sellingGeneralAndAdministrativeExpenses": 66900000,
    "otherExpenses": 76700000,
    "operatingExpenses": 143600000,
    "costAndExpenses": 1882500000,
    "interestIncome": 8200000,
    "interestExpense": 33700000,
    "depreciationAndAmortization": 172700000,
    "ebitda": 218700000,
    "ebitdaratio": 0.1120274562,
    "operatingIncome": 69700000,
    "operatingIncomeRatio": 0.0357033091,
    "totalOtherIncomeExpensesNet": -57400000,
    "incomeBeforeTax": 12300000,
    "incomeBeforeTaxRatio": 0.006300584,
    "incomeTaxExpense": -30100000,
    "netIncome": 39200000,
    "netIncomeRatio": 0.0200799098,
    "eps": 0.11,
    "epsdiluted": 0.11,
    "weightedAverageShsOut": 350100000,
    "weightedAverageShsOutDil": 351500000,
    "link": "https://www.sec.gov/Archives/edgar/data/1285785/000161803416000043/0001618034-16-000043-index.htm",
    "finalLink": "https://www.sec.gov/Archives/edgar/data/1285785/000161803416000043/mos_20160930x10q.htm"
  },
  {
    "date": "2016-06-30",
    "symbol": "MOS",
    "reportedCurrency": "USD",
    "cik": "0001285785",
    "fillingDate": "2016-08-02",
    "acceptedDate": "2016-08-02 12:30:25",
    "calendarYear": "2016",
    "period": "Q2",
    "revenue": 1674600000,
    "costOfRevenue": 1520600000,
    "grossProfit": 154000000,
    "grossProfitRatio": 0.0919622596,
    "researchAndDevelopmentExpenses": 0,
    "generalAndAdministrativeExpenses": 72900000,
    "sellingAndMarketingExpenses": 0,
    "sellingGeneralAndAdministrativeExpenses": 72900000,
    "otherExpenses": 68800000,
    "operatingExpenses": 141700000,
    "costAndExpenses": 1662300000,
    "interestIncome": 5400000,
    "interestExpense": 38900000,
    "depreciationAndAmortization": 189300000,
    "ebitda": 221000000,
    "ebitdaratio": 0.1319718142,
    "operatingIncome": 12300000,
    "operatingIncomeRatio": 0.0073450376,
    "totalOtherIncomeExpensesNet": -19500000,
    "incomeBeforeTax": -7200000,
    "incomeBeforeTaxRatio": -0.0042995342,
    "incomeTaxExpense": -9800000,
    "netIncome": -10200000,
    "netIncomeRatio": -0.0060910068,
    "eps": -0.03,
    "epsdiluted": -0.03,
    "weightedAverageShsOut": 340000000,
    "weightedAverageShsOutDil": 349800000,
    "link": "https://www.sec.gov/Archives/edgar/data/1285785/000161803416000036/0001618034-16-000036-index.htm",
    "finalLink": "https://www.sec.gov/Archives/edgar/data/1285785/000161803416000036/mos_20160630x10q.htm"
  },
  {
    "date": "2016-03-31",
    "symbol": "MOS",
    "reportedCurrency": "USD",
    "cik": "0001285785",
    "fillingDate": "2016-05-04",
    "acceptedDate": "2016-05-04 12:47:20",
    "calendarYear": "2016",
    "period": "Q1",
    "revenue": 1674000000,
    "costOfRevenue": 1437300000,
    "grossProfit": 236700000,
    "grossProfitRatio": 0.1413978495,
    "researchAndDevelopmentExpenses": 0,
    "generalAndAdministrativeExpenses": 89800000,
    "sellingAndMarketingExpenses": 0,
    "sellingGeneralAndAdministrativeExpenses": 89800000,
    "otherExpenses": -16500000,
    "operatingExpenses": 73300000,
    "costAndExpenses": 1510600000,
    "interestIncome": 5700000,
    "interestExpense": 31800000,
    "depreciationAndAmortization": 183700000,
    "ebitda": 441200000,
    "ebitdaratio": 0.2635603345,
    "operatingIncome": 163400000,
    "operatingIncomeRatio": 0.0976105137,
    "totalOtherIncomeExpensesNet": 62300000,
    "incomeBeforeTax": 225700000,
    "incomeBeforeTaxRatio": 0.1348267622,
    "incomeTaxExpense": -28700000,
    "netIncome": 256800000,
    "netIncomeRatio": 0.1534050179,
    "eps": 0.73,
    "epsdiluted": 0.73,
    "weightedAverageShsOut": 351300000,
    "weightedAverageShsOutDil": 353200000,
    "link": "https://www.sec.gov/Archives/edgar/data/1285785/000161803416000030/0001618034-16-000030-index.htm",
    "finalLink": "https://www.sec.gov/Archives/edgar/data/1285785/000161803416000030/mos_20160331x10q.htm"
  },
  {
    "date": "2015-12-31",
    "symbol": "MOS",
    "reportedCurrency": "USD",
    "cik": "0001285785",
    "fillingDate": "2016-02-19",
    "acceptedDate": "2016-02-19 15:01:12",
    "calendarYear": "2015",
    "period": "Q4",
    "revenue": 2163200000,
    "costOfRevenue": 1807700000,
    "grossProfit": 355500000,
    "grossProfitRatio": 0.1643398669,
    "researchAndDevelopmentExpenses": 0,
    "generalAndAdministrativeExpenses": 94900000,
    "sellingAndMarketingExpenses": 0,
    "sellingGeneralAndAdministrativeExpenses": 94900000,
    "otherExpenses": 56300000,
    "operatingExpenses": 151200000,
    "costAndExpenses": 1958900000,
    "interestIncome": 12900000,
    "interestExpense": 31700000,
    "depreciationAndAmortization": 185000000,
    "ebitda": 358400000,
    "ebitdaratio": 0.1656804734,
    "operatingIncome": 204300000,
    "operatingIncomeRatio": 0.0944434172,
    "totalOtherIncomeExpensesNet": -62600000,
    "incomeBeforeTax": 141700000,
    "incomeBeforeTaxRatio": 0.0655048077,
    "incomeTaxExpense": -14300000,
    "netIncome": 155000000,
    "netIncomeRatio": 0.0716531065,
    "eps": 0.44,
    "epsdiluted": 0.44,
    "weightedAverageShsOut": 351300000,
    "weightedAverageShsOutDil": 351300000,
    "link": "https://www.sec.gov/Archives/edgar/data/1285785/000161803416000025/0001618034-16-000025-index.htm",
    "finalLink": "https://www.sec.gov/Archives/edgar/data/1285785/000161803416000025/mos-20151231x10k.htm"
  },
  {
    "date": "2015-09-30",
    "symbol": "MOS",
    "reportedCurrency": "USD",
    "cik": "0001285785",
    "fillingDate": "2015-11-03",
    "acceptedDate": "2015-11-03 12:20:07",
    "calendarYear": "2015",
    "period": "Q3",
    "revenue": 2105500000,
    "costOfRevenue": 1770200000,
    "grossProfit": 335300000,
    "grossProfitRatio": 0.1592495844,
    "researchAndDevelopmentExpenses": 0,
    "generalAndAdministrativeExpenses": 76600000,
    "sellingAndMarketingExpenses": 0,
    "sellingGeneralAndAdministrativeExpenses": 76600000,
    "otherExpenses": 12700000,
    "operatingExpenses": 89300000,
    "costAndExpenses": 1859500000,
    "interestIncome": 11100000,
    "interestExpense": 35300000,
    "depreciationAndAmortization": 180900000,
    "ebitda": 388300000,
    "ebitdaratio": 0.1844217526,
    "operatingIncome": 246000000,
    "operatingIncomeRatio": 0.1168368559,
    "totalOtherIncomeExpensesNet": -73900000,
    "incomeBeforeTax": 172100000,
    "incomeBeforeTaxRatio": 0.0817383044,
    "incomeTaxExpense": 10100000,
    "netIncome": 160000000,
    "netIncomeRatio": 0.075991451,
    "eps": 0.45,
    "epsdiluted": 0.45,
    "weightedAverageShsOut": 354300000,
    "weightedAverageShsOutDil": 356000000,
    "link": "https://www.sec.gov/Archives/edgar/data/1285785/000161803415000020/0001618034-15-000020-index.htm",
    "finalLink": "https://www.sec.gov/Archives/edgar/data/1285785/000161803415000020/mos_20150930x10q.htm"
  },
  {
    "date": "2015-06-30",
    "symbol": "MOS",
    "reportedCurrency": "USD",
    "cik": "0001285785",
    "fillingDate": "2015-08-04",
    "acceptedDate": "2015-08-04 12:24:56",
    "calendarYear": "2015",
    "period": "Q2",
    "revenue": 2487500000,
    "costOfRevenue": 1879600000,
    "grossProfit": 607900000,
    "grossProfitRatio": 0.2443819095,
    "researchAndDevelopmentExpenses": 0,
    "generalAndAdministrativeExpenses": 89300000,
    "sellingAndMarketingExpenses": 0,
    "sellingGeneralAndAdministrativeExpenses": 89300000,
    "otherExpenses": 8600000,
    "operatingExpenses": 97900000,
    "costAndExpenses": 1977500000,
    "interestIncome": 8300000,
    "interestExpense": 31800000,
    "depreciationAndAmortization": 191100000,
    "ebitda": 685600000,
    "ebitdaratio": 0.2756180905,
    "operatingIncome": 510000000,
    "operatingIncomeRatio": 0.2050251256,
    "totalOtherIncomeExpensesNet": -47300000,
    "incomeBeforeTax": 462700000,
    "incomeBeforeTaxRatio": 0.1860100503,
    "incomeTaxExpense": 72600000,
    "netIncome": 390600000,
    "netIncomeRatio": 0.1570251256,
    "eps": 1.08,
    "epsdiluted": 1.08,
    "weightedAverageShsOut": 361300000,
    "weightedAverageShsOutDil": 363300000,
    "link": "https://www.sec.gov/Archives/edgar/data/1285785/000161803415000014/0001618034-15-000014-index.htm",
    "finalLink": "https://www.sec.gov/Archives/edgar/data/1285785/000161803415000014/mos_20150630x10q.htm"
  },
  {
    "date": "2015-03-31",
    "symbol": "MOS",
    "reportedCurrency": "USD",
    "cik": "0001285785",
    "fillingDate": "2015-04-30",
    "acceptedDate": "2015-04-30 13:00:49",
    "calendarYear": "2015",
    "period": "Q1",
    "revenue": 2139100000,
    "costOfRevenue": 1719900000,
    "grossProfit": 419200000,
    "grossProfitRatio": 0.1959702679,
    "researchAndDevelopmentExpenses": 0,
    "generalAndAdministrativeExpenses": 100400000,
    "sellingAndMarketingExpenses": 0,
    "sellingGeneralAndAdministrativeExpenses": 100400000,
    "otherExpenses": 300000,
    "operatingExpenses": 100700000,
    "costAndExpenses": 1820600000,
    "interestIncome": 3500000,
    "interestExpense": 34800000,
    "depreciationAndAmortization": 182800000,
    "ebitda": 544300000,
    "ebitdaratio": 0.2544528073,
    "operatingIncome": 318500000,
    "operatingIncomeRatio": 0.1488943948,
    "totalOtherIncomeExpensesNet": 8200000,
    "incomeBeforeTax": 326700000,
    "incomeBeforeTaxRatio": 0.1527277827,
    "incomeTaxExpense": 30700000,
    "netIncome": 294800000,
    "netIncomeRatio": 0.1378149689,
    "eps": 0.81,
    "epsdiluted": 0.8,
    "weightedAverageShsOut": 366000000,
    "weightedAverageShsOutDil": 367900000,
    "link": "https://www.sec.gov/Archives/edgar/data/1285785/000161803415000009/0001618034-15-000009-index.htm",
    "finalLink": "https://www.sec.gov/Archives/edgar/data/1285785/000161803415000009/mos_20150331x10q.htm"
  },
  {
    "date": "2014-12-31",
    "symbol": "MOS",
    "reportedCurrency": "USD",
    "cik": "0001285785",
    "fillingDate": "2015-02-17",
    "acceptedDate": "2015-02-17 16:58:50",
    "calendarYear": "2014",
    "period": "Q4",
    "revenue": 2378600000,
    "costOfRevenue": 1799500000,
    "grossProfit": 579100000,
    "grossProfitRatio": 0.243462541,
    "researchAndDevelopmentExpenses": 0,
    "generalAndAdministrativeExpenses": 0,
    "sellingAndMarketingExpenses": 0,
    "sellingGeneralAndAdministrativeExpenses": 91100000,
    "otherExpenses": 123400000,
    "operatingExpenses": 214500000,
    "costAndExpenses": 2014000000,
    "interestIncome": 4800000,
    "interestExpense": 35800000,
    "depreciationAndAmortization": 192700000,
    "ebitda": 609700000,
    "ebitdaratio": 0.2563272513,
    "operatingIncome": 364600000,
    "operatingIncomeRatio": 0.153283444,
    "totalOtherIncomeExpensesNet": 16600000,
    "incomeBeforeTax": 381200000,
    "incomeBeforeTaxRatio": 0.1602623392,
    "incomeTaxExpense": 27000000,
    "netIncome": 360700000,
    "netIncomeRatio": 0.1516438241,
    "eps": 0.96,
    "epsdiluted": 0.96,
    "weightedAverageShsOut": 374000000,
    "weightedAverageShsOutDil": 374000000,
    "link": "https://www.sec.gov/Archives/edgar/data/1285785/000161803415000005/0001618034-15-000005-index.htm",
    "finalLink": "https://www.sec.gov/Archives/edgar/data/1285785/000161803415000005/mos-20141231x10k.htm"
  },
  {
    "date": "2014-09-30",
    "symbol": "MOS",
    "reportedCurrency": "USD",
    "cik": "0001285785",
    "fillingDate": "2014-10-30",
    "acceptedDate": "2014-10-30 12:22:41",
    "calendarYear": "2014",
    "period": "Q3",
    "revenue": 2250700000,
    "costOfRevenue": 1836000000,
    "grossProfit": 414700000,
    "grossProfitRatio": 0.1842537877,
    "researchAndDevelopmentExpenses": 0,
    "generalAndAdministrativeExpenses": 0,
    "sellingAndMarketingExpenses": 0,
    "sellingGeneralAndAdministrativeExpenses": 83900000,
    "otherExpenses": 53500000,
    "operatingExpenses": 137400000,
    "costAndExpenses": 1973400000,
    "interestIncome": 6200000,
    "interestExpense": 31400000,
    "depreciationAndAmortization": 189500000,
    "ebitda": 505500000,
    "ebitdaratio": 0.2245967921,
    "operatingIncome": 277300000,
    "operatingIncomeRatio": 0.1232061137,
    "totalOtherIncomeExpensesNet": 7300000,
    "incomeBeforeTax": 284600000,
    "incomeBeforeTaxRatio": 0.126449549,
    "incomeTaxExpense": 77600000,
    "netIncome": 201900000,
    "netIncomeRatio": 0.089705425,
    "eps": 0.54,
    "epsdiluted": 0.54,
    "weightedAverageShsOut": 374000000,
    "weightedAverageShsOutDil": 375900000,
    "link": "https://www.sec.gov/Archives/edgar/data/1285785/000161803414000004/0001618034-14-000004-index.htm",
    "finalLink": "https://www.sec.gov/Archives/edgar/data/1285785/000161803414000004/mos_20140930x10q.htm"
  },
  {
    "date": "2014-06-30",
    "symbol": "MOS",
    "reportedCurrency": "USD",
    "cik": "0001285785",
    "fillingDate": "2014-07-31",
    "acceptedDate": "2014-07-31 15:25:38",
    "calendarYear": "2014",
    "period": "Q2",
    "revenue": 2440200000,
    "costOfRevenue": 1919100000,
    "grossProfit": 521100000,
    "grossProfitRatio": 0.2135480698,
    "researchAndDevelopmentExpenses": 0,
    "generalAndAdministrativeExpenses": 0,
    "sellingAndMarketingExpenses": 0,
    "sellingGeneralAndAdministrativeExpenses": 87500000,
    "otherExpenses": 30400000,
    "operatingExpenses": 117900000,
    "costAndExpenses": 2037000000,
    "interestIncome": 6000000,
    "interestExpense": 30600000,
    "depreciationAndAmortization": 194400000,
    "ebitda": 558100000,
    "ebitdaratio": 0.2287107614,
    "operatingIncome": 403200000,
    "operatingIncomeRatio": 0.165232358,
    "totalOtherIncomeExpensesNet": -70100000,
    "incomeBeforeTax": 333100000,
    "incomeBeforeTaxRatio": 0.1365052045,
    "incomeTaxExpense": 82700000,
    "netIncome": 248400000,
    "netIncomeRatio": 0.1017949348,
    "eps": 0.65,
    "epsdiluted": 0.64,
    "weightedAverageShsOut": 374200000,
    "weightedAverageShsOutDil": 376200000,
    "link": "https://www.sec.gov/Archives/edgar/data/1285785/000119312514289449/0001193125-14-289449-index.htm",
    "finalLink": "https://www.sec.gov/Archives/edgar/data/1285785/000119312514289449/d765234d10q.htm"
  },
  {
    "date": "2014-03-31",
    "symbol": "MOS",
    "reportedCurrency": "USD",
    "cik": "0001285785",
    "fillingDate": "2014-05-06",
    "acceptedDate": "2014-05-06 17:03:59",
    "calendarYear": "2014",
    "period": "Q1",
    "revenue": 1986200000,
    "costOfRevenue": 1574600000,
    "grossProfit": 411600000,
    "grossProfitRatio": 0.2072298862,
    "researchAndDevelopmentExpenses": 0,
    "generalAndAdministrativeExpenses": 0,
    "sellingAndMarketingExpenses": 0,
    "sellingGeneralAndAdministrativeExpenses": 120000000,
    "otherExpenses": 25000000,
    "operatingExpenses": 145000000,
    "costAndExpenses": 1719600000,
    "interestIncome": 4400000,
    "interestExpense": 31100000,
    "depreciationAndAmortization": 174300000,
    "ebitda": 423800000,
    "ebitdaratio": 0.2133722687,
    "operatingIncome": 266600000,
    "operatingIncomeRatio": 0.1342261605,
    "totalOtherIncomeExpensesNet": -48200000,
    "incomeBeforeTax": 218400000,
    "incomeBeforeTaxRatio": 0.1099587151,
    "incomeTaxExpense": -2600000,
    "netIncome": 217500000,
    "netIncomeRatio": 0.1095055886,
    "eps": 0.54,
    "epsdiluted": 0.54,
    "weightedAverageShsOut": 378200000,
    "weightedAverageShsOutDil": 379600000,
    "link": "https://www.sec.gov/Archives/edgar/data/1285785/000119312514185118/0001193125-14-185118-index.htm",
    "finalLink": "https://www.sec.gov/Archives/edgar/data/1285785/000119312514185118/d719764d10q.htm"
  },
  {
    "date": "2013-12-31",
    "symbol": "MOS",
    "reportedCurrency": "USD",
    "cik": "0001285785",
    "fillingDate": "2013-12-31",
    "acceptedDate": "2013-12-30 19:00:00",
    "calendarYear": "2013",
    "period": "Q4",
    "revenue": 1330216000,
    "costOfRevenue": 1604173000,
    "grossProfit": -273957000,
    "grossProfitRatio": -0.2059492594,
    "researchAndDevelopmentExpenses": 0,
    "generalAndAdministrativeExpenses": 0,
    "sellingAndMarketingExpenses": 0,
    "sellingGeneralAndAdministrativeExpenses": 60786000,
    "otherExpenses": 0,
    "operatingExpenses": 172257000,
    "costAndExpenses": 1641773000,
    "interestIncome": 28800000,
    "interestExpense": 0,
    "depreciationAndAmortization": 183686000,
    "ebitda": -180814000,
    "ebitdaratio": -0.1359283004,
    "operatingIncome": -446214000,
    "operatingIncomeRatio": -0.3354447699,
    "totalOtherIncomeExpensesNet": 105857166,
    "incomeBeforeTax": -340357000,
    "incomeBeforeTaxRatio": -0.2558659646,
    "incomeTaxExpense": 8200000,
    "netIncome": -351143000,
    "netIncomeRatio": -0.2639744222,
    "eps": -0.86,
    "epsdiluted": -0.86,
    "weightedAverageShsOut": 414200000,
    "weightedAverageShsOutDil": 415500000,
    "link": null,
    "finalLink": null
  },
  {
    "date": "2013-09-30",
    "symbol": "MOS",
    "reportedCurrency": "USD",
    "cik": "0001285785",
    "fillingDate": "2013-11-05",
    "acceptedDate": "2013-11-05 13:38:01",
    "calendarYear": "2013",
    "period": "Q3",
    "revenue": 1908700000,
    "costOfRevenue": 1521800000,
    "grossProfit": 386900000,
    "grossProfitRatio": 0.2027034107,
    "researchAndDevelopmentExpenses": 0,
    "generalAndAdministrativeExpenses": 0,
    "sellingAndMarketingExpenses": 0,
    "sellingGeneralAndAdministrativeExpenses": 94400000,
    "otherExpenses": 400000,
    "operatingExpenses": 120000000,
    "costAndExpenses": 1641800000,
    "interestIncome": 3500000,
    "interestExpense": 1700000,
    "depreciationAndAmortization": 166100000,
    "ebitda": 284500000,
    "ebitdaratio": 0.1490543302,
    "operatingIncome": 144100000,
    "operatingIncomeRatio": 0.0754964112,
    "totalOtherIncomeExpensesNet": -27400000,
    "incomeBeforeTax": 116700000,
    "incomeBeforeTaxRatio": 0.0611410908,
    "incomeTaxExpense": -6600000,
    "netIncome": 124400000,
    "netIncomeRatio": 0.0651752502,
    "eps": 0.29,
    "epsdiluted": 0.29,
    "weightedAverageShsOut": 425900000,
    "weightedAverageShsOutDil": 427100000,
    "link": "https://www.sec.gov/Archives/edgar/data/1285785/000119312513427256/0001193125-13-427256-index.htm",
    "finalLink": "https://www.sec.gov/Archives/edgar/data/1285785/000119312513427256/d619343d10q.htm"
  },
  {
    "date": "2013-05-31",
    "symbol": "MOS",
    "reportedCurrency": "USD",
    "cik": "0001285785",
    "fillingDate": "2013-07-17",
    "acceptedDate": "2013-07-16 20:13:43",
    "calendarYear": "2013",
    "period": "Q2",
    "revenue": 2692200000,
    "costOfRevenue": 1923600000,
    "grossProfit": 768600000,
    "grossProfitRatio": 0.2854914197,
    "researchAndDevelopmentExpenses": 0,
    "generalAndAdministrativeExpenses": 122400000,
    "sellingAndMarketingExpenses": 0,
    "sellingGeneralAndAdministrativeExpenses": 122400000,
    "otherExpenses": 25500000,
    "operatingExpenses": 147900000,
    "costAndExpenses": 2071500000,
    "interestIncome": 4900000,
    "interestExpense": 0,
    "depreciationAndAmortization": 167800000,
    "ebitda": 793400000,
    "ebitdaratio": 0.2947032167,
    "operatingIncome": 620700000,
    "operatingIncomeRatio": 0.2305549365,
    "totalOtherIncomeExpensesNet": 4900000,
    "incomeBeforeTax": 625600000,
    "incomeBeforeTaxRatio": 0.2323750093,
    "incomeTaxExpense": 146900000,
    "netIncome": 485900000,
    "netIncomeRatio": 0.1804843622,
    "eps": 1.14,
    "epsdiluted": 1.14,
    "weightedAverageShsOut": 425817000,
    "weightedAverageShsOutDil": 427200000,
    "link": "https://www.sec.gov/Archives/edgar/data/1285785/000119312513292097/0001193125-13-292097-index.htm",
    "finalLink": "https://www.sec.gov/Archives/edgar/data/1285785/000119312513292097/d566975d10k.htm"
  },
  {
    "date": "2013-02-28",
    "symbol": "MOS",
    "reportedCurrency": "USD",
    "cik": "0001285785",
    "fillingDate": "2013-03-28",
    "acceptedDate": "2013-03-28 12:10:20",
    "calendarYear": "2013",
    "period": "Q1",
    "revenue": 2240600000,
    "costOfRevenue": 1672200000,
    "grossProfit": 568400000,
    "grossProfitRatio": 0.2536820495,
    "researchAndDevelopmentExpenses": 0,
    "generalAndAdministrativeExpenses": 90400000,
    "sellingAndMarketingExpenses": 0,
    "sellingGeneralAndAdministrativeExpenses": 90400000,
    "otherExpenses": 58900000,
    "operatingExpenses": 149300000,
    "costAndExpenses": 1821500000,
    "interestIncome": 3600000,
    "interestExpense": 0,
    "depreciationAndAmortization": 152200000,
    "ebitda": 606800000,
    "ebitdaratio": 0.270820316,
    "operatingIncome": 419100000,
    "operatingIncomeRatio": 0.1870481121,
    "totalOtherIncomeExpensesNet": 35500000,
    "incomeBeforeTax": 454600000,
    "incomeBeforeTaxRatio": 0.2028920825,
    "incomeTaxExpense": 108900000,
    "netIncome": 344600000,
    "netIncomeRatio": 0.1537980898,
    "eps": 0.81,
    "epsdiluted": 0.81,
    "weightedAverageShsOut": 425700000,
    "weightedAverageShsOutDil": 427100000,
    "link": "https://www.sec.gov/Archives/edgar/data/1285785/000119312513131376/0001193125-13-131376-index.htm",
    "finalLink": "https://www.sec.gov/Archives/edgar/data/1285785/000119312513131376/d506327d10q.htm"
  },
  {
    "date": "2012-11-30",
    "symbol": "MOS",
    "reportedCurrency": "USD",
    "cik": "0001285785",
    "fillingDate": "2013-01-04",
    "acceptedDate": "2013-01-04 12:04:52",
    "calendarYear": "2012",
    "period": "Q4",
    "revenue": 2536200000,
    "costOfRevenue": 1860300000,
    "grossProfit": 675900000,
    "grossProfitRatio": 0.2665010646,
    "researchAndDevelopmentExpenses": 0,
    "generalAndAdministrativeExpenses": 102800000,
    "sellingAndMarketingExpenses": 0,
    "sellingGeneralAndAdministrativeExpenses": 102800000,
    "otherExpenses": 13500000,
    "operatingExpenses": 116300000,
    "costAndExpenses": 1963100000,
    "interestIncome": 4400000,
    "interestExpense": 52400000,
    "depreciationAndAmortization": 147400000,
    "ebitda": 720500000,
    "ebitdaratio": 0.2840864285,
    "operatingIncome": 559600000,
    "operatingIncomeRatio": 0.2206450595,
    "totalOtherIncomeExpensesNet": -12100000,
    "incomeBeforeTax": 547500000,
    "incomeBeforeTaxRatio": 0.2158741424,
    "incomeTaxExpense": -78100000,
    "netIncome": 628800000,
    "netIncomeRatio": 0.247929974,
    "eps": 1.48,
    "epsdiluted": 1.47,
    "weightedAverageShsOut": 425700000,
    "weightedAverageShsOutDil": 427000000,
    "link": "https://www.sec.gov/Archives/edgar/data/1285785/000119312513003241/0001193125-13-003241-index.htm",
    "finalLink": "https://www.sec.gov/Archives/edgar/data/1285785/000119312513003241/d459913d10q.htm"
  },
  {
    "date": "2012-08-31",
    "symbol": "MOS",
    "reportedCurrency": "USD",
    "cik": "0001285785",
    "fillingDate": "2012-10-02",
    "acceptedDate": "2012-10-02 11:50:53",
    "calendarYear": "2012",
    "period": "Q3",
    "revenue": 2505100000,
    "costOfRevenue": 1757800000,
    "grossProfit": 747300000,
    "grossProfitRatio": 0.2983114447,
    "researchAndDevelopmentExpenses": 0,
    "generalAndAdministrativeExpenses": 111700000,
    "sellingAndMarketingExpenses": 0,
    "sellingGeneralAndAdministrativeExpenses": 111700000,
    "otherExpenses": 25400000,
    "operatingExpenses": 137100000,
    "costAndExpenses": 1894900000,
    "interestIncome": 5900000,
    "interestExpense": 0,
    "depreciationAndAmortization": 137400000,
    "ebitda": 724200000,
    "ebitdaratio": 0.2890902559,
    "operatingIncome": 610200000,
    "operatingIncomeRatio": 0.2435830905,
    "totalOtherIncomeExpensesNet": -23400000,
    "incomeBeforeTax": 586800000,
    "incomeBeforeTaxRatio": 0.234242146,
    "incomeTaxExpense": 163300000,
    "netIncome": 429400000,
    "netIncomeRatio": 0.1714103229,
    "eps": 1.01,
    "epsdiluted": 1.01,
    "weightedAverageShsOut": 425500000,
    "weightedAverageShsOutDil": 426700000,
    "link": "https://www.sec.gov/Archives/edgar/data/1285785/000119312512412302/0001193125-12-412302-index.htm",
    "finalLink": "https://www.sec.gov/Archives/edgar/data/1285785/000119312512412302/d402895d10q.htm"
  },
  {
    "date": "2012-05-31",
    "symbol": "MOS",
    "reportedCurrency": "USD",
    "cik": "0001285785",
    "fillingDate": "2012-07-17",
    "acceptedDate": "2012-07-17 12:48:40",
    "calendarYear": "2012",
    "period": "Q2",
    "revenue": 2820500000,
    "costOfRevenue": 1986700000,
    "grossProfit": 833800000,
    "grossProfitRatio": 0.2956213437,
    "researchAndDevelopmentExpenses": 0,
    "generalAndAdministrativeExpenses": 117100000,
    "sellingAndMarketingExpenses": 0,
    "sellingGeneralAndAdministrativeExpenses": 117100000,
    "otherExpenses": 45900000,
    "operatingExpenses": 163000000,
    "costAndExpenses": 2149700000,
    "interestIncome": 6800000,
    "interestExpense": 1400000,
    "depreciationAndAmortization": 139700000,
    "ebitda": 830200000,
    "ebitdaratio": 0.2943449743,
    "operatingIncome": 670800000,
    "operatingIncomeRatio": 0.237830172,
    "totalOtherIncomeExpensesNet": 18300000,
    "incomeBeforeTax": 689100000,
    "incomeBeforeTaxRatio": 0.2443183833,
    "incomeTaxExpense": 188600000,
    "netIncome": 507300000,
    "netIncomeRatio": 0.1798617266,
    "eps": 1.19,
    "epsdiluted": 1.19,
    "weightedAverageShsOut": 425470000,
    "weightedAverageShsOutDil": 426700000,
    "link": "https://www.sec.gov/Archives/edgar/data/1285785/000119312512304472/0001193125-12-304472-index.htm",
    "finalLink": "https://www.sec.gov/Archives/edgar/data/1285785/000119312512304472/d356870d10k.htm"
  },
  {
    "date": "2012-02-29",
    "symbol": "MOS",
    "reportedCurrency": "USD",
    "cik": "0001285785",
    "fillingDate": "2012-03-29",
    "acceptedDate": "2012-03-29 14:59:54",
    "calendarYear": "2012",
    "period": "Q1",
    "revenue": 2189500000,
    "costOfRevenue": 1667700000,
    "grossProfit": 521800000,
    "grossProfitRatio": 0.238319251,
    "researchAndDevelopmentExpenses": 0,
    "generalAndAdministrativeExpenses": 91300000,
    "sellingAndMarketingExpenses": 0,
    "sellingGeneralAndAdministrativeExpenses": 91300000,
    "otherExpenses": 16800000,
    "operatingExpenses": 108100000,
    "costAndExpenses": 1775800000,
    "interestIncome": 4100000,
    "interestExpense": 0,
    "depreciationAndAmortization": 127900000,
    "ebitda": 482600000,
    "ebitdaratio": 0.22041562,
    "operatingIncome": 413700000,
    "operatingIncomeRatio": 0.1889472482,
    "totalOtherIncomeExpensesNet": -59000000,
    "incomeBeforeTax": 354700000,
    "incomeBeforeTaxRatio": 0.1620004567,
    "incomeTaxExpense": 87000000,
    "netIncome": 273300000,
    "netIncomeRatio": 0.124823019,
    "eps": 0.64,
    "epsdiluted": 0.64,
    "weightedAverageShsOut": 425400000,
    "weightedAverageShsOutDil": 426700000,
    "link": "https://www.sec.gov/Archives/edgar/data/1285785/000119312512139520/0001193125-12-139520-index.htm",
    "finalLink": "https://www.sec.gov/Archives/edgar/data/1285785/000119312512139520/d324145d10q.htm"
  },
  {
    "date": "2011-11-30",
    "symbol": "MOS",
    "reportedCurrency": "USD",
    "cik": "0001285785",
    "fillingDate": "2012-01-04",
    "acceptedDate": "2012-01-04 17:28:54",
    "calendarYear": "2011",
    "period": "Q4",
    "revenue": 3014500000,
    "costOfRevenue": 2133300000,
    "grossProfit": 881200000,
    "grossProfitRatio": 0.2923204512,
    "researchAndDevelopmentExpenses": 0,
    "generalAndAdministrativeExpenses": 100600000,
    "sellingAndMarketingExpenses": 0,
    "sellingGeneralAndAdministrativeExpenses": 100600000,
    "otherExpenses": -16400000,
    "operatingExpenses": 84200000,
    "costAndExpenses": 2217500000,
    "interestIncome": 4100000,
    "interestExpense": 4100000,
    "depreciationAndAmortization": 120200000,
    "ebitda": 900800000,
    "ebitdaratio": 0.2988223586,
    "operatingIncome": 797000000,
    "operatingIncomeRatio": 0.2643887875,
    "totalOtherIncomeExpensesNet": 58400000,
    "incomeBeforeTax": 855400000,
    "incomeBeforeTaxRatio": 0.2837618179,
    "incomeTaxExpense": 230700000,
    "netIncome": 623600000,
    "netIncomeRatio": 0.2068668104,
    "eps": 1.41,
    "epsdiluted": 1.4,
    "weightedAverageShsOut": 443400000,
    "weightedAverageShsOutDil": 444700000,
    "link": "https://www.sec.gov/Archives/edgar/data/1285785/000119312512002337/0001193125-12-002337-index.htm",
    "finalLink": "https://www.sec.gov/Archives/edgar/data/1285785/000119312512002337/d276238d10q.htm"
  },
  {
    "date": "2011-08-31",
    "symbol": "MOS",
    "reportedCurrency": "USD",
    "cik": "0001285785",
    "fillingDate": "2011-09-29",
    "acceptedDate": "2011-09-29 16:15:54",
    "calendarYear": "2011",
    "period": "Q3",
    "revenue": 3083300000,
    "costOfRevenue": 2235100000,
    "grossProfit": 848200000,
    "grossProfitRatio": 0.2750948659,
    "researchAndDevelopmentExpenses": 0,
    "generalAndAdministrativeExpenses": 101100000,
    "sellingAndMarketingExpenses": 0,
    "sellingGeneralAndAdministrativeExpenses": 101100000,
    "otherExpenses": 17500000,
    "operatingExpenses": 118600000,
    "costAndExpenses": 2353700000,
    "interestIncome": 5100000,
    "interestExpense": 0,
    "depreciationAndAmortization": 120300000,
    "ebitda": 850000000,
    "ebitdaratio": 0.275678656,
    "operatingIncome": 729600000,
    "operatingIncomeRatio": 0.2366295852,
    "totalOtherIncomeExpensesNet": 100000,
    "incomeBeforeTax": 729700000,
    "incomeBeforeTaxRatio": 0.236662018,
    "incomeTaxExpense": 205100000,
    "netIncome": 526000000,
    "netIncomeRatio": 0.1705964389,
    "eps": 1.18,
    "epsdiluted": 1.17,
    "weightedAverageShsOut": 446600000,
    "weightedAverageShsOutDil": 447900000,
    "link": "https://www.sec.gov/Archives/edgar/data/1285785/000119312511260021/0001193125-11-260021-index.htm",
    "finalLink": "https://www.sec.gov/Archives/edgar/data/1285785/000119312511260021/d237212d10q.htm"
  },
  {
    "date": "2011-05-31",
    "symbol": "MOS",
    "reportedCurrency": "USD",
    "cik": "0001285785",
    "fillingDate": "2011-07-19",
    "acceptedDate": "2011-07-19 17:22:22",
    "calendarYear": "2011",
    "period": "Q2",
    "revenue": 2860400000,
    "costOfRevenue": 1865200000,
    "grossProfit": 995200000,
    "grossProfitRatio": 0.3479233674,
    "researchAndDevelopmentExpenses": 0,
    "generalAndAdministrativeExpenses": 111500000,
    "sellingAndMarketingExpenses": 0,
    "sellingGeneralAndAdministrativeExpenses": 111500000,
    "otherExpenses": 58800000,
    "operatingExpenses": 170300000,
    "costAndExpenses": 2035500000,
    "interestIncome": 7700000,
    "interestExpense": 0,
    "depreciationAndAmortization": 122900000,
    "ebitda": 959700000,
    "ebitdaratio": 0.3355125157,
    "operatingIncome": 824900000,
    "operatingIncomeRatio": 0.2883862397,
    "totalOtherIncomeExpensesNet": 11900000,
    "incomeBeforeTax": 836800000,
    "incomeBeforeTaxRatio": 0.292546497,
    "incomeTaxExpense": 186000000,
    "netIncome": 649200000,
    "netIncomeRatio": 0.2269612642,
    "eps": 1.45,
    "epsdiluted": 1.45,
    "weightedAverageShsOut": 446600000,
    "weightedAverageShsOutDil": 446600000,
    "link": "https://www.sec.gov/Archives/edgar/data/1285785/000119312511191456/0001193125-11-191456-index.htm",
    "finalLink": "https://www.sec.gov/Archives/edgar/data/1285785/000119312511191456/d10k.htm"
  },
  {
    "date": "2011-02-28",
    "symbol": "MOS",
    "reportedCurrency": "USD",
    "cik": "0001285785",
    "fillingDate": "2011-03-31",
    "acceptedDate": "2011-03-31 13:57:09",
    "calendarYear": "2011",
    "period": "Q1",
    "revenue": 2214300000,
    "costOfRevenue": 1360700000,
    "grossProfit": 853600000,
    "grossProfitRatio": 0.3854942871,
    "researchAndDevelopmentExpenses": 0,
    "generalAndAdministrativeExpenses": 83600000,
    "sellingAndMarketingExpenses": 0,
    "sellingGeneralAndAdministrativeExpenses": 83600000,
    "otherExpenses": -800000,
    "operatingExpenses": 82800000,
    "costAndExpenses": 1443500000,
    "interestIncome": 4600000,
    "interestExpense": 4800000,
    "depreciationAndAmortization": 114100000,
    "ebitda": 841700000,
    "ebitdaratio": 0.3801201283,
    "operatingIncome": 770800000,
    "operatingIncomeRatio": 0.34810098,
    "totalOtherIncomeExpensesNet": -48000000,
    "incomeBeforeTax": 722800000,
    "incomeBeforeTaxRatio": 0.3264237005,
    "incomeTaxExpense": 175900000,
    "netIncome": 542100000,
    "netIncomeRatio": 0.2448177754,
    "eps": 1.21,
    "epsdiluted": 1.21,
    "weightedAverageShsOut": 446300000,
    "weightedAverageShsOutDil": 447700000,
    "link": "https://www.sec.gov/Archives/edgar/data/1285785/000119312511084494/0001193125-11-084494-index.htm",
    "finalLink": "https://www.sec.gov/Archives/edgar/data/1285785/000119312511084494/d10q.htm"
  },
  {
    "date": "2010-11-30",
    "symbol": "MOS",
    "reportedCurrency": "USD",
    "cik": "0001285785",
    "fillingDate": "2011-01-06",
    "acceptedDate": "2011-01-06 15:25:10",
    "calendarYear": "2010",
    "period": "Q4",
    "revenue": 2674800000,
    "costOfRevenue": 1906500000,
    "grossProfit": 768300000,
    "grossProfitRatio": 0.2872364289,
    "researchAndDevelopmentExpenses": 0,
    "generalAndAdministrativeExpenses": 89300000,
    "sellingAndMarketingExpenses": 0,
    "sellingGeneralAndAdministrativeExpenses": 89300000,
    "otherExpenses": 20800000,
    "operatingExpenses": 110100000,
    "costAndExpenses": 2016600000,
    "interestIncome": 4800000,
    "interestExpense": 10400000,
    "depreciationAndAmortization": 105700000,
    "ebitda": 1423100000,
    "ebitdaratio": 0.5320397787,
    "operatingIncome": 658200000,
    "operatingIncomeRatio": 0.2460744729,
    "totalOtherIncomeExpensesNet": 648800000,
    "incomeBeforeTax": 1307000000,
    "incomeBeforeTaxRatio": 0.4886346643,
    "incomeTaxExpense": 281300000,
    "netIncome": 1025600000,
    "netIncomeRatio": 0.3834305369,
    "eps": 2.3,
    "epsdiluted": 2.29,
    "weightedAverageShsOut": 446100000,
    "weightedAverageShsOutDil": 447300000,
    "link": "https://www.sec.gov/Archives/edgar/data/1285785/000119312511002810/0001193125-11-002810-index.htm",
    "finalLink": "https://www.sec.gov/Archives/edgar/data/1285785/000119312511002810/d10q.htm"
  },
  {
    "date": "2010-08-31",
    "symbol": "MOS",
    "reportedCurrency": "USD",
    "cik": "0001285785",
    "fillingDate": "2010-10-12",
    "acceptedDate": "2010-10-12 08:37:24",
    "calendarYear": "2010",
    "period": "Q3",
    "revenue": 2188300000,
    "costOfRevenue": 1683600000,
    "grossProfit": 504700000,
    "grossProfitRatio": 0.2306356532,
    "researchAndDevelopmentExpenses": 0,
    "generalAndAdministrativeExpenses": 88100000,
    "sellingAndMarketingExpenses": 0,
    "sellingGeneralAndAdministrativeExpenses": 88100000,
    "otherExpenses": 6300000,
    "operatingExpenses": 94400000,
    "costAndExpenses": 1778000000,
    "interestIncome": 5400000,
    "interestExpense": 12400000,
    "depreciationAndAmortization": 104700000,
    "ebitda": 521800000,
    "ebitdaratio": 0.2384499383,
    "operatingIncome": 410300000,
    "operatingIncomeRatio": 0.1874971439,
    "totalOtherIncomeExpensesNet": -5600000,
    "incomeBeforeTax": 404700000,
    "incomeBeforeTaxRatio": 0.1849380798,
    "incomeTaxExpense": 109600000,
    "netIncome": 297700000,
    "netIncomeRatio": 0.1360416762,
    "eps": 0.67,
    "epsdiluted": 0.67,
    "weightedAverageShsOut": 445400000,
    "weightedAverageShsOutDil": 446900000,
    "link": "https://www.sec.gov/Archives/edgar/data/1285785/000119312510227625/0001193125-10-227625-index.htm",
    "finalLink": "https://www.sec.gov/Archives/edgar/data/1285785/000119312510227625/d10q.htm"
  },
  {
    "date": "2010-05-31",
    "symbol": "MOS",
    "reportedCurrency": "USD",
    "cik": "0001285785",
    "fillingDate": "2010-07-23",
    "acceptedDate": "2010-07-22 21:03:42",
    "calendarYear": "2010",
    "period": "Q2",
    "revenue": 1860300000,
    "costOfRevenue": 1172700000,
    "grossProfit": 687600000,
    "grossProfitRatio": 0.3696178036,
    "researchAndDevelopmentExpenses": 0,
    "generalAndAdministrativeExpenses": 113700000,
    "sellingAndMarketingExpenses": 0,
    "sellingGeneralAndAdministrativeExpenses": 113700000,
    "otherExpenses": 26300000,
    "operatingExpenses": 140000000,
    "costAndExpenses": 1312700000,
    "interestIncome": 3800000,
    "interestExpense": 16600000,
    "depreciationAndAmortization": 112400000,
    "ebitda": 865900000,
    "ebitdaratio": 0.4654625598,
    "operatingIncome": 547600000,
    "operatingIncomeRatio": 0.2943611245,
    "totalOtherIncomeExpensesNet": 189300000,
    "incomeBeforeTax": 736900000,
    "incomeBeforeTaxRatio": 0.3961189056,
    "incomeTaxExpense": 138800000,
    "netIncome": 396100000,
    "netIncomeRatio": 0.2129226469,
    "eps": 1.34,
    "epsdiluted": 1.34,
    "weightedAverageShsOut": 445400000,
    "weightedAverageShsOutDil": 445400000,
    "link": "https://www.sec.gov/Archives/edgar/data/1285785/000119312510164140/0001193125-10-164140-index.htm",
    "finalLink": "https://www.sec.gov/Archives/edgar/data/1285785/000119312510164140/d10k.htm"
  },
  {
    "date": "2010-02-28",
    "symbol": "MOS",
    "reportedCurrency": "USD",
    "cik": "0001285785",
    "fillingDate": "2010-04-01",
    "acceptedDate": "2010-03-31 20:32:05",
    "calendarYear": "2010",
    "period": "Q1",
    "revenue": 1731900000,
    "costOfRevenue": 1255400000,
    "grossProfit": 476500000,
    "grossProfitRatio": 0.2751313586,
    "researchAndDevelopmentExpenses": 0,
    "generalAndAdministrativeExpenses": 82300000,
    "sellingAndMarketingExpenses": 0,
    "sellingGeneralAndAdministrativeExpenses": 82300000,
    "otherExpenses": 5300000,
    "operatingExpenses": 87600000,
    "costAndExpenses": 1343000000,
    "interestIncome": 4300000,
    "interestExpense": 14300000,
    "depreciationAndAmortization": 101600000,
    "ebitda": 473200000,
    "ebitdaratio": 0.2732259368,
    "operatingIncome": 388900000,
    "operatingIncomeRatio": 0.2245510711,
    "totalOtherIncomeExpensesNet": -31600000,
    "incomeBeforeTax": 357300000,
    "incomeBeforeTaxRatio": 0.2063052139,
    "incomeTaxExpense": 125300000,
    "netIncome": 222600000,
    "netIncomeRatio": 0.1285293608,
    "eps": 0.5,
    "epsdiluted": 0.5,
    "weightedAverageShsOut": 445200000,
    "weightedAverageShsOutDil": 446800000,
    "link": "https://www.sec.gov/Archives/edgar/data/1285785/000119312510073943/0001193125-10-073943-index.htm",
    "finalLink": "https://www.sec.gov/Archives/edgar/data/1285785/000119312510073943/d10q.htm"
  },
  {
    "date": "2009-11-30",
    "symbol": "MOS",
    "reportedCurrency": "USD",
    "cik": "0001285785",
    "fillingDate": "2010-01-06",
    "acceptedDate": "2010-01-05 18:07:37",
    "calendarYear": "2009",
    "period": "Q4",
    "revenue": 1709700000,
    "costOfRevenue": 1402700000,
    "grossProfit": 307000000,
    "grossProfitRatio": 0.1795636661,
    "researchAndDevelopmentExpenses": 0,
    "generalAndAdministrativeExpenses": 82900000,
    "sellingAndMarketingExpenses": 0,
    "sellingGeneralAndAdministrativeExpenses": 82900000,
    "otherExpenses": 24000000,
    "operatingExpenses": 106900000,
    "costAndExpenses": 1509600000,
    "interestIncome": 4100000,
    "interestExpense": 16000000,
    "depreciationAndAmortization": 138900000,
    "ebitda": 326100000,
    "ebitdaratio": 0.1907352167,
    "operatingIncome": 200100000,
    "operatingIncomeRatio": 0.1170380769,
    "totalOtherIncomeExpensesNet": -28900000,
    "incomeBeforeTax": 171200000,
    "incomeBeforeTaxRatio": 0.1001345265,
    "incomeTaxExpense": 50400000,
    "netIncome": 107800000,
    "netIncomeRatio": 0.0630519974,
    "eps": 0.24,
    "epsdiluted": 0.24,
    "weightedAverageShsOut": 444600000,
    "weightedAverageShsOutDil": 446500000,
    "link": "https://www.sec.gov/Archives/edgar/data/1285785/000119312510001363/0001193125-10-001363-index.htm",
    "finalLink": "https://www.sec.gov/Archives/edgar/data/1285785/000119312510001363/d10q.htm"
  },
  {
    "date": "2009-08-31",
    "symbol": "MOS",
    "reportedCurrency": "USD",
    "cik": "0001285785",
    "fillingDate": "2009-10-06",
    "acceptedDate": "2009-10-05 18:29:17",
    "calendarYear": "2009",
    "period": "Q3",
    "revenue": 1457200000,
    "costOfRevenue": 1235000000,
    "grossProfit": 222200000,
    "grossProfitRatio": 0.1524842163,
    "researchAndDevelopmentExpenses": 0,
    "generalAndAdministrativeExpenses": 81400000,
    "sellingAndMarketingExpenses": 0,
    "sellingGeneralAndAdministrativeExpenses": 81400000,
    "otherExpenses": 6600000,
    "operatingExpenses": 88000000,
    "costAndExpenses": 1323000000,
    "interestIncome": 3900000,
    "interestExpense": 18800000,
    "depreciationAndAmortization": 92100000,
    "ebitda": 243700000,
    "ebitdaratio": 0.1672385397,
    "operatingIncome": 134200000,
    "operatingIncomeRatio": 0.0920944277,
    "totalOtherIncomeExpensesNet": -1400000,
    "incomeBeforeTax": 132800000,
    "incomeBeforeTaxRatio": 0.091133681,
    "incomeTaxExpense": 32800000,
    "netIncome": 100600000,
    "netIncomeRatio": 0.0690365084,
    "eps": 0.23,
    "epsdiluted": 0.23,
    "weightedAverageShsOut": 444918000,
    "weightedAverageShsOutDil": 446300000,
    "link": "https://www.sec.gov/Archives/edgar/data/1285785/000119312509203647/0001193125-09-203647-index.htm",
    "finalLink": "https://www.sec.gov/Archives/edgar/data/1285785/000119312509203647/d10q.htm"
  },
  {
    "date": "2009-05-31",
    "symbol": "MOS",
    "reportedCurrency": "USD",
    "cik": "0001285785",
    "fillingDate": "2009-07-24",
    "acceptedDate": "2009-07-24 14:40:40",
    "calendarYear": "2009",
    "period": "Q2",
    "revenue": 1593500000,
    "costOfRevenue": 1389400000,
    "grossProfit": 204100000,
    "grossProfitRatio": 0.1280828365,
    "researchAndDevelopmentExpenses": 0,
    "generalAndAdministrativeExpenses": 83300000,
    "sellingAndMarketingExpenses": 0,
    "sellingGeneralAndAdministrativeExpenses": 83300000,
    "otherExpenses": -4900000,
    "operatingExpenses": 78400000,
    "costAndExpenses": 1467800000,
    "interestIncome": 0,
    "interestExpense": 1574500000,
    "depreciationAndAmortization": 88800000,
    "ebitda": 809500000,
    "ebitdaratio": 0.5080012551,
    "operatingIncome": 126300000,
    "operatingIncomeRatio": 0.0792594917,
    "totalOtherIncomeExpensesNet": -313700000,
    "incomeBeforeTax": -187400000,
    "incomeBeforeTaxRatio": -0.1176027612,
    "incomeTaxExpense": -330300000,
    "netIncome": 146900000,
    "netIncomeRatio": 0.0921870097,
    "eps": 0.33,
    "epsdiluted": 0.33,
    "weightedAverageShsOut": 444600000,
    "weightedAverageShsOutDil": 444918000,
    "link": "https://www.sec.gov/Archives/edgar/data/1285785/000119312509154839/0001193125-09-154839-index.htm",
    "finalLink": "https://www.sec.gov/Archives/edgar/data/1285785/000119312509154839/d10k.htm"
  },
  {
    "date": "2009-02-28",
    "symbol": "MOS",
    "reportedCurrency": "USD",
    "cik": "0001285785",
    "fillingDate": "2009-04-09",
    "acceptedDate": "2009-04-08 20:16:08",
    "calendarYear": "2009",
    "period": "Q1",
    "revenue": 1375500000,
    "costOfRevenue": 1235200000,
    "grossProfit": 140300000,
    "grossProfitRatio": 0.101999273,
    "researchAndDevelopmentExpenses": 0,
    "generalAndAdministrativeExpenses": 71300000,
    "sellingAndMarketingExpenses": 0,
    "sellingGeneralAndAdministrativeExpenses": 71300000,
    "otherExpenses": 24700000,
    "operatingExpenses": 96000000,
    "costAndExpenses": 1331200000,
    "interestIncome": 11400000,
    "interestExpense": 19600000,
    "depreciationAndAmortization": 90400000,
    "ebitda": 162100000,
    "ebitdaratio": 0.1178480553,
    "operatingIncome": 43700000,
    "operatingIncomeRatio": 0.0317702654,
    "totalOtherIncomeExpensesNet": 8400000,
    "incomeBeforeTax": 52100000,
    "incomeBeforeTaxRatio": 0.0378771356,
    "incomeTaxExpense": 30700000,
    "netIncome": 58800000,
    "netIncomeRatio": 0.0427480916,
    "eps": 0.13,
    "epsdiluted": 0.13,
    "weightedAverageShsOut": 444400000,
    "weightedAverageShsOutDil": 445800000,
    "link": "https://www.sec.gov/Archives/edgar/data/1285785/000119312509075815/0001193125-09-075815-index.htm",
    "finalLink": "https://www.sec.gov/Archives/edgar/data/1285785/000119312509075815/d10q.htm"
  },
  {
    "date": "2008-11-30",
    "symbol": "MOS",
    "reportedCurrency": "USD",
    "cik": "0001285785",
    "fillingDate": "2009-01-08",
    "acceptedDate": "2009-01-08 16:22:41",
    "calendarYear": "2008",
    "period": "Q4",
    "revenue": 3006500000,
    "costOfRevenue": 2232800000,
    "grossProfit": 773700000,
    "grossProfitRatio": 0.2573424247,
    "researchAndDevelopmentExpenses": 0,
    "generalAndAdministrativeExpenses": 91700000,
    "sellingAndMarketingExpenses": 0,
    "sellingGeneralAndAdministrativeExpenses": 76800000,
    "otherExpenses": 14900000,
    "operatingExpenses": 91700000,
    "costAndExpenses": 2324500000,
    "interestIncome": 23700000,
    "interestExpense": 23700000,
    "depreciationAndAmortization": 89400000,
    "ebitda": 1045700000,
    "ebitdaratio": 0.3478130717,
    "operatingIncome": 682000000,
    "operatingIncomeRatio": 0.2268418427,
    "totalOtherIncomeExpensesNet": 250600000,
    "incomeBeforeTax": 932600000,
    "incomeBeforeTaxRatio": 0.3101945784,
    "incomeTaxExpense": 451200000,
    "netIncome": 959800000,
    "netIncomeRatio": 0.3192416431,
    "eps": 2.16,
    "epsdiluted": 2.15,
    "weightedAverageShsOut": 444300000,
    "weightedAverageShsOutDil": 446100000,
    "link": "https://www.sec.gov/Archives/edgar/data/1285785/000119312509003231/0001193125-09-003231-index.htm",
    "finalLink": "https://www.sec.gov/Archives/edgar/data/1285785/000119312509003231/d10q.htm"
  },
  {
    "date": "2008-08-31",
    "symbol": "MOS",
    "reportedCurrency": "USD",
    "cik": "0001285785",
    "fillingDate": "2008-10-09",
    "acceptedDate": "2008-10-09 16:05:23",
    "calendarYear": "2008",
    "period": "Q3",
    "revenue": 4322500000,
    "costOfRevenue": 2673900000,
    "grossProfit": 1648600000,
    "grossProfitRatio": 0.381399653,
    "researchAndDevelopmentExpenses": 0,
    "generalAndAdministrativeExpenses": 99700000,
    "sellingAndMarketingExpenses": 0,
    "sellingGeneralAndAdministrativeExpenses": 90000000,
    "otherExpenses": 9700000,
    "operatingExpenses": 99700000,
    "costAndExpenses": 2773600000,
    "interestIncome": 0,
    "interestExpense": 10600000,
    "depreciationAndAmortization": 87700000,
    "ebitda": 1241600000,
    "ebitdaratio": 0.2872411799,
    "operatingIncome": 1548900000,
    "operatingIncomeRatio": 0.3583342973,
    "totalOtherIncomeExpensesNet": -420100000,
    "incomeBeforeTax": 1128800000,
    "incomeBeforeTaxRatio": 0.2611451706,
    "incomeTaxExpense": 497700000,
    "netIncome": 1184700000,
    "netIncomeRatio": 0.2740775014,
    "eps": 2.67,
    "epsdiluted": 2.65,
    "weightedAverageShsOut": 444100000,
    "weightedAverageShsOutDil": 446500000,
    "link": "https://www.sec.gov/Archives/edgar/data/1285785/000119312508208519/0001193125-08-208519-index.htm",
    "finalLink": "https://www.sec.gov/Archives/edgar/data/1285785/000119312508208519/d10q.htm"
  },
  {
    "date": "2008-05-31",
    "symbol": "MOS",
    "reportedCurrency": "USD",
    "cik": "0001285785",
    "fillingDate": "2008-07-29",
    "acceptedDate": "2008-07-28 20:39:44",
    "calendarYear": "2008",
    "period": "Q2",
    "revenue": 3466700000,
    "costOfRevenue": 2179000000,
    "grossProfit": 1287700000,
    "grossProfitRatio": 0.3714483515,
    "researchAndDevelopmentExpenses": 0,
    "generalAndAdministrativeExpenses": 107900000,
    "sellingAndMarketingExpenses": 0,
    "sellingGeneralAndAdministrativeExpenses": 107900000,
    "otherExpenses": -9100000,
    "operatingExpenses": 98800000,
    "costAndExpenses": 2277800000,
    "interestIncome": 0,
    "interestExpense": 0,
    "depreciationAndAmortization": 0,
    "ebitda": 1188900000,
    "ebitdaratio": 0.3429486255,
    "operatingIncome": 1180100000,
    "operatingIncomeRatio": 0.3404101884,
    "totalOtherIncomeExpensesNet": 2500000,
    "incomeBeforeTax": 1182600000,
    "incomeBeforeTaxRatio": 0.3411313353,
    "incomeTaxExpense": 354000000,
    "netIncome": 862500000,
    "netIncomeRatio": 0.2487956847,
    "eps": 1.94,
    "epsdiluted": 1.94,
    "weightedAverageShsOut": 443900000,
    "weightedAverageShsOutDil": 444100000,
    "link": "https://www.sec.gov/Archives/edgar/data/1285785/000119312508159285/0001193125-08-159285-index.htm",
    "finalLink": "https://www.sec.gov/Archives/edgar/data/1285785/000119312508159285/d10k.htm"
  },
  {
    "date": "2008-02-29",
    "symbol": "MOS",
    "reportedCurrency": "USD",
    "cik": "0001285785",
    "fillingDate": "2008-04-09",
    "acceptedDate": "2008-04-09 17:16:15",
    "calendarYear": "2008",
    "period": "Q1",
    "revenue": 2147200000,
    "costOfRevenue": 1419300000,
    "grossProfit": 727900000,
    "grossProfitRatio": 0.3389996274,
    "researchAndDevelopmentExpenses": 0,
    "generalAndAdministrativeExpenses": 81200000,
    "sellingAndMarketingExpenses": 0,
    "sellingGeneralAndAdministrativeExpenses": 81200000,
    "otherExpenses": 100000,
    "operatingExpenses": 81300000,
    "costAndExpenses": 1500600000,
    "interestIncome": 0,
    "interestExpense": 0,
    "depreciationAndAmortization": 0,
    "ebitda": 646600000,
    "ebitdaratio": 0.3011363636,
    "operatingIncome": 647400000,
    "operatingIncomeRatio": 0.3015089419,
    "totalOtherIncomeExpensesNet": 3300000,
    "incomeBeforeTax": 650700000,
    "incomeBeforeTaxRatio": 0.3030458271,
    "incomeTaxExpense": 159200000,
    "netIncome": 520800000,
    "netIncomeRatio": 0.2425484352,
    "eps": 1.17,
    "epsdiluted": 1.17,
    "weightedAverageShsOut": 443300000,
    "weightedAverageShsOutDil": 446100000,
    "link": "https://www.sec.gov/Archives/edgar/data/1285785/000119312508078178/0001193125-08-078178-index.htm",
    "finalLink": "https://www.sec.gov/Archives/edgar/data/1285785/000119312508078178/d10q.htm"
  },
  {
    "date": "2007-11-30",
    "symbol": "MOS",
    "reportedCurrency": "USD",
    "cik": "0001285785",
    "fillingDate": "2008-01-09",
    "acceptedDate": "2008-01-09 17:10:07",
    "calendarYear": "2007",
    "period": "Q4",
    "revenue": 2195400000,
    "costOfRevenue": 1572300000,
    "grossProfit": 623100000,
    "grossProfitRatio": 0.283820716,
    "researchAndDevelopmentExpenses": 0,
    "generalAndAdministrativeExpenses": 83200000,
    "sellingAndMarketingExpenses": 0,
    "sellingGeneralAndAdministrativeExpenses": 83200000,
    "otherExpenses": 10300000,
    "operatingExpenses": 79800000,
    "costAndExpenses": 1655500000,
    "interestIncome": 0,
    "interestExpense": 34700000,
    "depreciationAndAmortization": 0,
    "ebitda": 539900000,
    "ebitdaratio": 0.2459232942,
    "operatingIncome": 529600000,
    "operatingIncomeRatio": 0.2412316662,
    "totalOtherIncomeExpensesNet": -76700000,
    "incomeBeforeTax": 452900000,
    "incomeBeforeTaxRatio": 0.2062949804,
    "incomeTaxExpense": 100900000,
    "netIncome": 394000000,
    "netIncomeRatio": 0.1794661565,
    "eps": 0.89,
    "epsdiluted": 0.89,
    "weightedAverageShsOut": 442300000,
    "weightedAverageShsOutDil": 445000000,
    "link": "https://www.sec.gov/Archives/edgar/data/1285785/000119312508003974/0001193125-08-003974-index.htm",
    "finalLink": "https://www.sec.gov/Archives/edgar/data/1285785/000119312508003974/d10q.htm"
  },
  {
    "date": "2007-08-31",
    "symbol": "MOS",
    "reportedCurrency": "USD",
    "cik": "0001285785",
    "fillingDate": "2007-10-10",
    "acceptedDate": "2007-10-10 17:21:01",
    "calendarYear": "2007",
    "period": "Q3",
    "revenue": 2003300000,
    "costOfRevenue": 1481500000,
    "grossProfit": 521800000,
    "grossProfitRatio": 0.2604702241,
    "researchAndDevelopmentExpenses": 0,
    "generalAndAdministrativeExpenses": 72200000,
    "sellingAndMarketingExpenses": 0,
    "sellingGeneralAndAdministrativeExpenses": 72200000,
    "otherExpenses": 0,
    "operatingExpenses": 72200000,
    "costAndExpenses": 1553700000,
    "interestIncome": 0,
    "interestExpense": 43300000,
    "depreciationAndAmortization": 0,
    "ebitda": 449600000,
    "ebitdaratio": 0.224429691,
    "operatingIncome": 449600000,
    "operatingIncomeRatio": 0.224429691,
    "totalOtherIncomeExpensesNet": -53400000,
    "incomeBeforeTax": 396200000,
    "incomeBeforeTaxRatio": 0.1977736734,
    "incomeTaxExpense": 100800000,
    "netIncome": 305500000,
    "netIncomeRatio": 0.1524983777,
    "eps": 0.69,
    "epsdiluted": 0.69,
    "weightedAverageShsOut": 441400000,
    "weightedAverageShsOutDil": 444300000,
    "link": "https://www.sec.gov/Archives/edgar/data/1285785/000119312507216286/0001193125-07-216286-index.htm",
    "finalLink": "https://www.sec.gov/Archives/edgar/data/1285785/000119312507216286/d10q.htm"
  },
  {
    "date": "2007-05-31",
    "symbol": "MOS",
    "reportedCurrency": "USD",
    "cik": "0001285785",
    "fillingDate": "2007-08-09",
    "acceptedDate": "2007-08-09 13:34:35",
    "calendarYear": "2007",
    "period": "Q2",
    "revenue": 1684400000,
    "costOfRevenue": 1228200000,
    "grossProfit": 456200000,
    "grossProfitRatio": 0.2708382807,
    "researchAndDevelopmentExpenses": 0,
    "generalAndAdministrativeExpenses": 95900000,
    "sellingAndMarketingExpenses": 0,
    "sellingGeneralAndAdministrativeExpenses": 95900000,
    "otherExpenses": 2200000,
    "operatingExpenses": 98100000,
    "costAndExpenses": 1326300000,
    "interestIncome": 0,
    "interestExpense": 71900000,
    "depreciationAndAmortization": 0,
    "ebitda": 358100000,
    "ebitdaratio": 0.2125979577,
    "operatingIncome": 359800000,
    "operatingIncomeRatio": 0.2136072192,
    "totalOtherIncomeExpensesNet": -87400000,
    "incomeBeforeTax": 272400000,
    "incomeBeforeTaxRatio": 0.1617193066,
    "incomeTaxExpense": 85300000,
    "netIncome": 202600000,
    "netIncomeRatio": 0.1202802185,
    "eps": 0.46,
    "epsdiluted": 0.46,
    "weightedAverageShsOut": 440300000,
    "weightedAverageShsOutDil": 441400000,
    "link": "https://www.sec.gov/Archives/edgar/data/1285785/000119312507177117/0001193125-07-177117-index.htm",
    "finalLink": "https://www.sec.gov/Archives/edgar/data/1285785/000119312507177117/d10k.htm"
  },
  {
    "date": "2007-02-28",
    "symbol": "MOS",
    "reportedCurrency": "USD",
    "cik": "0001285785",
    "fillingDate": "2007-04-09",
    "acceptedDate": "2007-04-09 16:37:28",
    "calendarYear": "2007",
    "period": "Q1",
    "revenue": 1278700000,
    "costOfRevenue": 1165600000,
    "grossProfit": 113100000,
    "grossProfitRatio": 0.0884492062,
    "researchAndDevelopmentExpenses": 0,
    "generalAndAdministrativeExpenses": 77800000,
    "sellingAndMarketingExpenses": 0,
    "sellingGeneralAndAdministrativeExpenses": 77800000,
    "otherExpenses": 1100000,
    "operatingExpenses": 78900000,
    "costAndExpenses": 1244500000,
    "interestIncome": 0,
    "interestExpense": 0,
    "depreciationAndAmortization": 0,
    "ebitda": 34200000,
    "ebitdaratio": 0.0267459138,
    "operatingIncome": 34200000,
    "operatingIncomeRatio": 0.0267459138,
    "totalOtherIncomeExpensesNet": 9500000,
    "incomeBeforeTax": 43700000,
    "incomeBeforeTaxRatio": 0.0341753343,
    "incomeTaxExpense": 6600000,
    "netIncome": 42200000,
    "netIncomeRatio": 0.0330022679,
    "eps": 0.1,
    "epsdiluted": 0.1,
    "weightedAverageShsOut": 439500000,
    "weightedAverageShsOutDil": 440900000,
    "link": "https://www.sec.gov/Archives/edgar/data/1285785/000119312507077095/0001193125-07-077095-index.htm",
    "finalLink": "https://www.sec.gov/Archives/edgar/data/1285785/000119312507077095/d10q.htm"
  },
  {
    "date": "2006-11-30",
    "symbol": "MOS",
    "reportedCurrency": "USD",
    "cik": "0001285785",
    "fillingDate": "2007-01-30",
    "acceptedDate": "2007-01-30 15:02:27",
    "calendarYear": "2006",
    "period": "Q4",
    "revenue": 1522000000,
    "costOfRevenue": 1361500000,
    "grossProfit": 160500000,
    "grossProfitRatio": 0.1054533509,
    "researchAndDevelopmentExpenses": 0,
    "generalAndAdministrativeExpenses": 70400000,
    "sellingAndMarketingExpenses": 0,
    "sellingGeneralAndAdministrativeExpenses": 70400000,
    "otherExpenses": -600000,
    "operatingExpenses": 69800000,
    "costAndExpenses": 1431300000,
    "interestIncome": 0,
    "interestExpense": 700000,
    "depreciationAndAmortization": 0,
    "ebitda": 90700000,
    "ebitdaratio": 0.0595926413,
    "operatingIncome": 90700000,
    "operatingIncomeRatio": 0.0595926413,
    "totalOtherIncomeExpensesNet": -15100000,
    "incomeBeforeTax": 75600000,
    "incomeBeforeTaxRatio": 0.0496714849,
    "incomeTaxExpense": 24100000,
    "netIncome": 65900000,
    "netIncomeRatio": 0.0432982917,
    "eps": 0.15,
    "epsdiluted": 0.15,
    "weightedAverageShsOut": 438100000,
    "weightedAverageShsOutDil": 439400000,
    "link": "https://www.sec.gov/Archives/edgar/data/1285785/000119312507016194/0001193125-07-016194-index.htm",
    "finalLink": "https://www.sec.gov/Archives/edgar/data/1285785/000119312507016194/d10q.htm"
  },
  {
    "date": "2006-08-31",
    "symbol": "MOS",
    "reportedCurrency": "USD",
    "cik": "0001285785",
    "fillingDate": "2006-10-10",
    "acceptedDate": "2006-10-10 15:30:07",
    "calendarYear": "2006",
    "period": "Q3",
    "revenue": 1288600000,
    "costOfRevenue": 1092300000,
    "grossProfit": 196300000,
    "grossProfitRatio": 0.1523358684,
    "researchAndDevelopmentExpenses": 0,
    "generalAndAdministrativeExpenses": 65700000,
    "sellingAndMarketingExpenses": 0,
    "sellingGeneralAndAdministrativeExpenses": 65700000,
    "otherExpenses": -600000,
    "operatingExpenses": 65100000,
    "costAndExpenses": 1157400000,
    "interestIncome": 0,
    "interestExpense": 15200000,
    "depreciationAndAmortization": 0,
    "ebitda": 131200000,
    "ebitdaratio": 0.1018159243,
    "operatingIncome": 131600000,
    "operatingIncomeRatio": 0.1021263387,
    "totalOtherIncomeExpensesNet": -17600000,
    "incomeBeforeTax": 114000000,
    "incomeBeforeTaxRatio": 0.0884681049,
    "incomeTaxExpense": 7400000,
    "netIncome": 109000000,
    "netIncomeRatio": 0.0845879249,
    "eps": 0.26,
    "epsdiluted": 0.25,
    "weightedAverageShsOut": 419500000,
    "weightedAverageShsOutDil": 438100000,
    "link": "https://www.sec.gov/Archives/edgar/data/1285785/000119312506205487/0001193125-06-205487-index.htm",
    "finalLink": "https://www.sec.gov/Archives/edgar/data/1285785/000119312506205487/d10q.htm"
  },
  {
    "date": "2006-05-31",
    "symbol": "MOS",
    "reportedCurrency": "USD",
    "cik": "0001285785",
    "fillingDate": "2006-08-11",
    "acceptedDate": "2006-08-11 15:22:05",
    "calendarYear": "2006",
    "period": "Q2",
    "revenue": 1331500000,
    "costOfRevenue": 1165300000,
    "grossProfit": 166200000,
    "grossProfitRatio": 0.1248216297,
    "researchAndDevelopmentExpenses": 0,
    "generalAndAdministrativeExpenses": 54600000,
    "sellingAndMarketingExpenses": 0,
    "sellingGeneralAndAdministrativeExpenses": 54600000,
    "otherExpenses": 6500000,
    "operatingExpenses": 61100000,
    "costAndExpenses": 1514000000,
    "interestIncome": 0,
    "interestExpense": 59600000,
    "depreciationAndAmortization": 0,
    "ebitda": 105100000,
    "ebitdaratio": 0.0789335336,
    "operatingIncome": -182500000,
    "operatingIncomeRatio": -0.1370634623,
    "totalOtherIncomeExpensesNet": -79000000,
    "incomeBeforeTax": -261500000,
    "incomeBeforeTaxRatio": -0.1963950432,
    "incomeTaxExpense": -61200000,
    "netIncome": -180900000,
    "netIncomeRatio": -0.13586181,
    "eps": -0.43,
    "epsdiluted": -0.43,
    "weightedAverageShsOut": 419500000,
    "weightedAverageShsOutDil": 419500000,
    "link": "https://www.sec.gov/Archives/edgar/data/1285785/000119312506170786/0001193125-06-170786-index.htm",
    "finalLink": "https://www.sec.gov/Archives/edgar/data/1285785/000119312506170786/d10k.htm"
  },
  {
    "date": "2006-02-28",
    "symbol": "MOS",
    "reportedCurrency": "USD",
    "cik": "0001285785",
    "fillingDate": "2006-04-12",
    "acceptedDate": "2006-04-12 14:26:45",
    "calendarYear": "2006",
    "period": "Q1",
    "revenue": 1073200000,
    "costOfRevenue": 1059200000,
    "grossProfit": 14000000,
    "grossProfitRatio": 0.0130450988,
    "researchAndDevelopmentExpenses": 0,
    "generalAndAdministrativeExpenses": 61800000,
    "sellingAndMarketingExpenses": 0,
    "sellingGeneralAndAdministrativeExpenses": 61800000,
    "otherExpenses": -3400000,
    "operatingExpenses": 58400000,
    "costAndExpenses": 1117600000,
    "interestIncome": 0,
    "interestExpense": 54400000,
    "depreciationAndAmortization": 0,
    "ebitda": -44400000,
    "ebitdaratio": -0.041371599,
    "operatingIncome": -44400000,
    "operatingIncomeRatio": -0.041371599,
    "totalOtherIncomeExpensesNet": -56300000,
    "incomeBeforeTax": -100700000,
    "incomeBeforeTaxRatio": -0.0938315319,
    "incomeTaxExpense": -27200000,
    "netIncome": -71600000,
    "netIncomeRatio": -0.0667163623,
    "eps": -0.19,
    "epsdiluted": -0.19,
    "weightedAverageShsOut": 383600000,
    "weightedAverageShsOutDil": 383600000,
    "link": "https://www.sec.gov/Archives/edgar/data/1285785/000119312506078598/0001193125-06-078598-index.htm",
    "finalLink": "https://www.sec.gov/Archives/edgar/data/1285785/000119312506078598/d10q.htm"
  },
  {
    "date": "2005-11-30",
    "symbol": "MOS",
    "reportedCurrency": "USD",
    "cik": "0001285785",
    "fillingDate": "2006-01-17",
    "acceptedDate": "2006-01-17 16:32:20",
    "calendarYear": "2005",
    "period": "Q4",
    "revenue": 1493300000,
    "costOfRevenue": 1284100000,
    "grossProfit": 209200000,
    "grossProfitRatio": 0.1400924128,
    "researchAndDevelopmentExpenses": 0,
    "generalAndAdministrativeExpenses": 66900000,
    "sellingAndMarketingExpenses": 0,
    "sellingGeneralAndAdministrativeExpenses": 66900000,
    "otherExpenses": 1400000,
    "operatingExpenses": 68300000,
    "costAndExpenses": 1352400000,
    "interestIncome": 0,
    "interestExpense": 43600000,
    "depreciationAndAmortization": 71600000,
    "ebitda": 139300000,
    "ebitdaratio": 0.0932833322,
    "operatingIncome": 140900000,
    "operatingIncomeRatio": 0.0943547847,
    "totalOtherIncomeExpensesNet": -52800000,
    "incomeBeforeTax": 86500000,
    "incomeBeforeTaxRatio": 0.0579254001,
    "incomeTaxExpense": 42300000,
    "netIncome": 55000000,
    "netIncomeRatio": 0.0368311793,
    "eps": 0.14,
    "epsdiluted": 0.13,
    "weightedAverageShsOut": 381100000,
    "weightedAverageShsOutDil": 434500000,
    "link": "https://www.sec.gov/Archives/edgar/data/1285785/000119312506007264/0001193125-06-007264-index.htm",
    "finalLink": "https://www.sec.gov/Archives/edgar/data/1285785/000119312506007264/d10q.htm"
  },
  {
    "date": "2005-08-31",
    "symbol": "MOS",
    "reportedCurrency": "USD",
    "cik": "0001285785",
    "fillingDate": "2005-10-07",
    "acceptedDate": "2005-10-07 17:01:31",
    "calendarYear": "2005",
    "period": "Q3",
    "revenue": 1403600000,
    "costOfRevenue": 1154800000,
    "grossProfit": 248800000,
    "grossProfitRatio": 0.1772584782,
    "researchAndDevelopmentExpenses": 0,
    "generalAndAdministrativeExpenses": 57000000,
    "sellingAndMarketingExpenses": 0,
    "sellingGeneralAndAdministrativeExpenses": 57000000,
    "otherExpenses": 191600000,
    "operatingExpenses": 248600000,
    "costAndExpenses": 1403400000,
    "interestIncome": 0,
    "interestExpense": 0,
    "depreciationAndAmortization": 60500000,
    "ebitda": 252500000,
    "ebitdaratio": 0.1798945569,
    "operatingIncome": 192000000,
    "operatingIncomeRatio": 0.1367911086,
    "totalOtherIncomeExpensesNet": -76400000,
    "incomeBeforeTax": 115600000,
    "incomeBeforeTaxRatio": 0.0823596466,
    "incomeTaxExpense": 51500000,
    "netIncome": 76100000,
    "netIncomeRatio": 0.0542177258,
    "eps": 0.19,
    "epsdiluted": 0.18,
    "weightedAverageShsOut": 380000000,
    "weightedAverageShsOutDil": 433900000,
    "link": "https://www.sec.gov/Archives/edgar/data/1285785/000119312505198535/0001193125-05-198535-index.htm",
    "finalLink": "https://www.sec.gov/Archives/edgar/data/1285785/000119312505198535/d10q.htm"
  },
  {
    "date": "2005-05-31",
    "symbol": "MOS",
    "reportedCurrency": "USD",
    "cik": "0001285785",
    "fillingDate": "2005-08-05",
    "acceptedDate": "2005-08-05 16:44:28",
    "calendarYear": "2005",
    "period": "Q2",
    "revenue": 1449700000,
    "costOfRevenue": 1204100000,
    "grossProfit": 245600000,
    "grossProfitRatio": 0.1694143616,
    "researchAndDevelopmentExpenses": 0,
    "generalAndAdministrativeExpenses": 0,
    "sellingAndMarketingExpenses": 0,
    "sellingGeneralAndAdministrativeExpenses": 65800000,
    "otherExpenses": 3300000,
    "operatingExpenses": 69100000,
    "costAndExpenses": 1273200000,
    "interestIncome": 0,
    "interestExpense": 24100000,
    "depreciationAndAmortization": 42100000,
    "ebitda": 218600000,
    "ebitdaratio": 0.1507898186,
    "operatingIncome": 176500000,
    "operatingIncomeRatio": 0.1217493274,
    "totalOtherIncomeExpensesNet": -36200000,
    "incomeBeforeTax": 140300000,
    "incomeBeforeTaxRatio": 0.0967786439,
    "incomeTaxExpense": 54100000,
    "netIncome": 94100000,
    "netIncomeRatio": 0.0649099814,
    "eps": 0.25,
    "epsdiluted": 0.25,
    "weightedAverageShsOut": 377900000,
    "weightedAverageShsOutDil": 377900000,
    "link": "https://www.sec.gov/Archives/edgar/data/1285785/000119312505159170/0001193125-05-159170-index.htm",
    "finalLink": "https://www.sec.gov/Archives/edgar/data/1285785/000119312505159170/d10k.htm"
  },
  {
    "date": "2005-02-28",
    "symbol": "MOS",
    "reportedCurrency": "USD",
    "cik": "0001285785",
    "fillingDate": "2005-04-12",
    "acceptedDate": "2005-04-12 16:54:12",
    "calendarYear": "2005",
    "period": "Q1",
    "revenue": 1144500000,
    "costOfRevenue": 1008000000,
    "grossProfit": 136500000,
    "grossProfitRatio": 0.119266055,
    "researchAndDevelopmentExpenses": 0,
    "generalAndAdministrativeExpenses": 0,
    "sellingAndMarketingExpenses": 0,
    "sellingGeneralAndAdministrativeExpenses": 64800000,
    "otherExpenses": -1000000,
    "operatingExpenses": 63800000,
    "costAndExpenses": 1071800000,
    "interestIncome": 0,
    "interestExpense": 0,
    "depreciationAndAmortization": 72400000,
    "ebitda": 72700000,
    "ebitdaratio": 0.0635211883,
    "operatingIncome": 72700000,
    "operatingIncomeRatio": 0.0635211883,
    "totalOtherIncomeExpensesNet": -14800000,
    "incomeBeforeTax": 57900000,
    "incomeBeforeTaxRatio": 0.0505897772,
    "incomeTaxExpense": 38500000,
    "netIncome": 38800000,
    "netIncomeRatio": 0.0339012669,
    "eps": 0.1,
    "epsdiluted": 0.09,
    "weightedAverageShsOut": 377900000,
    "weightedAverageShsOutDil": 432800000,
    "link": "https://www.sec.gov/Archives/edgar/data/1285785/000119312505074853/0001193125-05-074853-index.htm",
    "finalLink": "https://www.sec.gov/Archives/edgar/data/1285785/000119312505074853/d10q.htm"
  },
  {
    "date": "2004-11-30",
    "symbol": "MOS",
    "reportedCurrency": "USD",
    "cik": "0001285785",
    "fillingDate": "2005-01-19",
    "acceptedDate": "2005-01-19 14:33:25",
    "calendarYear": "2004",
    "period": "Q4",
    "revenue": 612200000,
    "costOfRevenue": 621400000,
    "grossProfit": -9200000,
    "grossProfitRatio": -0.0150277687,
    "researchAndDevelopmentExpenses": 0,
    "generalAndAdministrativeExpenses": 0,
    "sellingAndMarketingExpenses": 0,
    "sellingGeneralAndAdministrativeExpenses": 17600000,
    "otherExpenses": 0,
    "operatingExpenses": 17600000,
    "costAndExpenses": 639000000,
    "interestIncome": 0,
    "interestExpense": 69700000,
    "depreciationAndAmortization": 0,
    "ebitda": 12300000,
    "ebitdaratio": 0.0200914734,
    "operatingIncome": 12300000,
    "operatingIncomeRatio": 0.0200914734,
    "totalOtherIncomeExpensesNet": -43700000,
    "incomeBeforeTax": -31400000,
    "incomeBeforeTaxRatio": -0.051290428,
    "incomeTaxExpense": -7900000,
    "netIncome": -8400000,
    "netIncomeRatio": -0.0137210062,
    "eps": -0.03,
    "epsdiluted": -0.03,
    "weightedAverageShsOut": 115200000,
    "weightedAverageShsOutDil": 115200000,
    "link": "https://www.sec.gov/Archives/edgar/data/1285785/000119312505008138/0001193125-05-008138-index.htm",
    "finalLink": "https://www.sec.gov/Archives/edgar/data/1285785/000119312505008138/d10q.htm"
  },
  {
    "date": "2004-08-31",
    "symbol": "MOS",
    "reportedCurrency": "USD",
    "cik": "0001285785",
    "fillingDate": "2004-10-21",
    "acceptedDate": "2004-10-21 16:58:28",
    "calendarYear": "2004",
    "period": "Q3",
    "revenue": 612200000,
    "costOfRevenue": 621400000,
    "grossProfit": -9200000,
    "grossProfitRatio": -0.0150277687,
    "researchAndDevelopmentExpenses": 0,
    "generalAndAdministrativeExpenses": 0,
    "sellingAndMarketingExpenses": 0,
    "sellingGeneralAndAdministrativeExpenses": 17600000,
    "otherExpenses": 0,
    "operatingExpenses": 17600000,
    "costAndExpenses": 639000000,
    "interestIncome": 0,
    "interestExpense": 0,
    "depreciationAndAmortization": 41300000,
    "ebitda": 14500000,
    "ebitdaratio": 0.0236850702,
    "operatingIncome": -26800000,
    "operatingIncomeRatio": -0.0437765436,
    "totalOtherIncomeExpensesNet": -46700000,
    "incomeBeforeTax": -73500000,
    "incomeBeforeTaxRatio": -0.1200588043,
    "incomeTaxExpense": -6700000,
    "netIncome": -66800000,
    "netIncomeRatio": -0.1091146684,
    "eps": -0.6,
    "epsdiluted": -0.6,
    "weightedAverageShsOut": 115200000,
    "weightedAverageShsOutDil": 115200000,
    "link": "https://www.sec.gov/Archives/edgar/data/1285785/000119312504175549/0001193125-04-175549-index.htm",
    "finalLink": "https://www.sec.gov/Archives/edgar/data/1285785/000119312504175549/d10q.htm"
  },
  {
    "date": "2004-06-30",
    "symbol": "MOS",
    "reportedCurrency": "USD",
    "cik": "0001285785",
    "fillingDate": "2004-06-30",
    "acceptedDate": "2004-06-30 00:00:00",
    "calendarYear": "2004",
    "period": "Q2",
    "revenue": 748800000,
    "costOfRevenue": 620500000,
    "grossProfit": 128300000,
    "grossProfitRatio": 0.171340812,
    "researchAndDevelopmentExpenses": 0,
    "generalAndAdministrativeExpenses": 0,
    "sellingAndMarketingExpenses": 0,
    "sellingGeneralAndAdministrativeExpenses": 20100000,
    "otherExpenses": 0,
    "operatingExpenses": 20100000,
    "costAndExpenses": 640600000,
    "interestIncome": 0,
    "interestExpense": 0,
    "depreciationAndAmortization": 45600000,
    "ebitda": 153800000,
    "ebitdaratio": 0.2053952991,
    "operatingIncome": 108200000,
    "operatingIncomeRatio": 0.1444978632,
    "totalOtherIncomeExpensesNet": -37400000,
    "incomeBeforeTax": 70800000,
    "incomeBeforeTaxRatio": 0.0945512821,
    "incomeTaxExpense": 28100000,
    "netIncome": 42700000,
    "netIncomeRatio": 0.0570245726,
    "eps": 0.35,
    "epsdiluted": 0.32,
    "weightedAverageShsOut": 115000000,
    "weightedAverageShsOutDil": 134200000,
    "link": null,
    "finalLink": null
  },
  {
    "date": "2004-03-31",
    "symbol": "MOS",
    "reportedCurrency": "USD",
    "cik": "0001285785",
    "fillingDate": "2004-03-31",
    "acceptedDate": "2004-03-31 00:00:00",
    "calendarYear": "2004",
    "period": "Q1",
    "revenue": 584200000,
    "costOfRevenue": 505400000,
    "grossProfit": 78800000,
    "grossProfitRatio": 0.1348853132,
    "researchAndDevelopmentExpenses": 0,
    "generalAndAdministrativeExpenses": 0,
    "sellingAndMarketingExpenses": 0,
    "sellingGeneralAndAdministrativeExpenses": 16800000,
    "otherExpenses": 0,
    "operatingExpenses": 16800000,
    "costAndExpenses": 522200000,
    "interestIncome": 0,
    "interestExpense": 49400000,
    "depreciationAndAmortization": 45500000,
    "ebitda": 107500000,
    "ebitdaratio": 0.1840123245,
    "operatingIncome": 62000000,
    "operatingIncomeRatio": 0.1061280383,
    "totalOtherIncomeExpensesNet": -42800000,
    "incomeBeforeTax": 19200000,
    "incomeBeforeTaxRatio": 0.032865457,
    "incomeTaxExpense": 7600000,
    "netIncome": 9200000,
    "netIncomeRatio": 0.0157480315,
    "eps": 0.06,
    "epsdiluted": 0.06,
    "weightedAverageShsOut": 114900000,
    "weightedAverageShsOutDil": 116000000,
    "link": null,
    "finalLink": null
  },
  {
    "date": "2003-12-31",
    "symbol": "MOS",
    "reportedCurrency": "USD",
    "cik": "0001285785",
    "fillingDate": "2003-12-31",
    "acceptedDate": "2003-12-31 00:00:00",
    "calendarYear": "2003",
    "period": "Q4",
    "revenue": 604100000,
    "costOfRevenue": 546900000,
    "grossProfit": 57200000,
    "grossProfitRatio": 0.0946863102,
    "researchAndDevelopmentExpenses": 0,
    "generalAndAdministrativeExpenses": 0,
    "sellingAndMarketingExpenses": 0,
    "sellingGeneralAndAdministrativeExpenses": 17900000,
    "otherExpenses": -14800000,
    "operatingExpenses": 3100000,
    "costAndExpenses": 550000000,
    "interestIncome": 0,
    "interestExpense": 114000000,
    "depreciationAndAmortization": 44800000,
    "ebitda": 98900000,
    "ebitdaratio": 0.1637146168,
    "operatingIncome": 53500000,
    "operatingIncomeRatio": 0.0885614964,
    "totalOtherIncomeExpensesNet": -201600000,
    "incomeBeforeTax": -148100000,
    "incomeBeforeTaxRatio": -0.2451580864,
    "incomeTaxExpense": -200000,
    "netIncome": -63800000,
    "netIncomeRatio": -0.1056116537,
    "eps": -0.56,
    "epsdiluted": -0.56,
    "weightedAverageShsOut": 114800000,
    "weightedAverageShsOutDil": 114800000,
    "link": null,
    "finalLink": null
  },
  {
    "date": "2003-09-30",
    "symbol": "MOS",
    "reportedCurrency": "USD",
    "cik": "0001285785",
    "fillingDate": "2003-09-30",
    "acceptedDate": "2003-09-30 00:00:00",
    "calendarYear": "2003",
    "period": "Q3",
    "revenue": 495700000,
    "costOfRevenue": 451600000,
    "grossProfit": 44100000,
    "grossProfitRatio": 0.0889650999,
    "researchAndDevelopmentExpenses": 0,
    "generalAndAdministrativeExpenses": 0,
    "sellingAndMarketingExpenses": 0,
    "sellingGeneralAndAdministrativeExpenses": 21300000,
    "otherExpenses": 0,
    "operatingExpenses": 21300000,
    "costAndExpenses": 472900000,
    "interestIncome": 0,
    "interestExpense": 89100000,
    "depreciationAndAmortization": 42900000,
    "ebitda": 65700000,
    "ebitdaratio": 0.1325398426,
    "operatingIncome": 20600000,
    "operatingIncomeRatio": 0.0415573936,
    "totalOtherIncomeExpensesNet": -62000000,
    "incomeBeforeTax": -41400000,
    "incomeBeforeTaxRatio": -0.083518257,
    "incomeTaxExpense": -13300000,
    "netIncome": -28100000,
    "netIncomeRatio": -0.0566875126,
    "eps": -0.24,
    "epsdiluted": -0.24,
    "weightedAverageShsOut": 114800000,
    "weightedAverageShsOutDil": 114800000,
    "link": null,
    "finalLink": null
  },
  {
    "date": "2003-06-30",
    "symbol": "MOS",
    "reportedCurrency": "USD",
    "cik": "0001285785",
    "fillingDate": "2003-06-30",
    "acceptedDate": "2003-06-30 00:00:00",
    "calendarYear": "2003",
    "period": "Q2",
    "revenue": 538700000,
    "costOfRevenue": 494900000,
    "grossProfit": 43800000,
    "grossProfitRatio": 0.0813068498,
    "researchAndDevelopmentExpenses": 0,
    "generalAndAdministrativeExpenses": 0,
    "sellingAndMarketingExpenses": 0,
    "sellingGeneralAndAdministrativeExpenses": 22100000,
    "otherExpenses": -16500000,
    "operatingExpenses": 5600000,
    "costAndExpenses": 500500000,
    "interestIncome": 0,
    "interestExpense": 26000000,
    "depreciationAndAmortization": 43100000,
    "ebitda": 81300000,
    "ebitdaratio": 0.1509188788,
    "operatingIncome": 37900000,
    "operatingIncomeRatio": 0.0703545573,
    "totalOtherIncomeExpensesNet": -23900000,
    "incomeBeforeTax": 14000000,
    "incomeBeforeTaxRatio": 0.0259884908,
    "incomeTaxExpense": -8100000,
    "netIncome": -6900000,
    "netIncomeRatio": -0.0128086133,
    "eps": -0.0601,
    "epsdiluted": -0.0598,
    "weightedAverageShsOut": 114800000,
    "weightedAverageShsOutDil": 115400000,
    "link": null,
    "finalLink": null
  },
  {
    "date": "2003-03-31",
    "symbol": "MOS",
    "reportedCurrency": "USD",
    "cik": "0001285785",
    "fillingDate": "2003-03-31",
    "acceptedDate": "2003-03-31 00:00:00",
    "calendarYear": "2003",
    "period": "Q1",
    "revenue": 552100000,
    "costOfRevenue": 516000000,
    "grossProfit": 36100000,
    "grossProfitRatio": 0.0653867053,
    "researchAndDevelopmentExpenses": 0,
    "generalAndAdministrativeExpenses": 0,
    "sellingAndMarketingExpenses": 0,
    "sellingGeneralAndAdministrativeExpenses": 18300000,
    "otherExpenses": 0,
    "operatingExpenses": 18300000,
    "costAndExpenses": 534300000,
    "interestIncome": 0,
    "interestExpense": 99400000,
    "depreciationAndAmortization": 41100000,
    "ebitda": 58900000,
    "ebitdaratio": 0.1066835718,
    "operatingIncome": 14400000,
    "operatingIncomeRatio": 0.0260822315,
    "totalOtherIncomeExpensesNet": -61000000,
    "incomeBeforeTax": -46600000,
    "incomeBeforeTaxRatio": -0.0844049991,
    "incomeTaxExpense": -14900000,
    "netIncome": -36600000,
    "netIncomeRatio": -0.0662923383,
    "eps": -0.32,
    "epsdiluted": -0.32,
    "weightedAverageShsOut": 114700000,
    "weightedAverageShsOutDil": 114700000,
    "link": null,
    "finalLink": null
  },
  {
    "date": "2002-12-31",
    "symbol": "MOS",
    "reportedCurrency": "USD",
    "cik": "0001285785",
    "fillingDate": "2002-12-31",
    "acceptedDate": "2002-12-31 00:00:00",
    "calendarYear": "2002",
    "period": "Q4",
    "revenue": 481000000,
    "costOfRevenue": 428800000,
    "grossProfit": 52200000,
    "grossProfitRatio": 0.1085239085,
    "researchAndDevelopmentExpenses": 0,
    "generalAndAdministrativeExpenses": 0,
    "sellingAndMarketingExpenses": 0,
    "sellingGeneralAndAdministrativeExpenses": 23600000,
    "otherExpenses": 0,
    "operatingExpenses": 23600000,
    "costAndExpenses": 452400000,
    "interestIncome": 0,
    "interestExpense": 86800000,
    "depreciationAndAmortization": 43400000,
    "ebitda": 72000000,
    "ebitdaratio": 0.1496881497,
    "operatingIncome": 28600000,
    "operatingIncomeRatio": 0.0594594595,
    "totalOtherIncomeExpensesNet": -41000000,
    "incomeBeforeTax": -12400000,
    "incomeBeforeTaxRatio": -0.0257796258,
    "incomeTaxExpense": 20700000,
    "netIncome": -75700000,
    "netIncomeRatio": -0.1573804574,
    "eps": -0.66,
    "epsdiluted": -0.66,
    "weightedAverageShsOut": 114600000,
    "weightedAverageShsOutDil": 114700000,
    "link": null,
    "finalLink": null
  },
  {
    "date": "2002-09-30",
    "symbol": "MOS",
    "reportedCurrency": "USD",
    "cik": "0001285785",
    "fillingDate": "2002-09-30",
    "acceptedDate": "2002-09-30 00:00:00",
    "calendarYear": "2002",
    "period": "Q3",
    "revenue": 490200000,
    "costOfRevenue": 424500000,
    "grossProfit": 65700000,
    "grossProfitRatio": 0.1340269278,
    "researchAndDevelopmentExpenses": 0,
    "generalAndAdministrativeExpenses": 0,
    "sellingAndMarketingExpenses": 0,
    "sellingGeneralAndAdministrativeExpenses": 18700000,
    "otherExpenses": 0,
    "operatingExpenses": 18700000,
    "costAndExpenses": 443200000,
    "interestIncome": 0,
    "interestExpense": 27500000,
    "depreciationAndAmortization": 43600000,
    "ebitda": 90600000,
    "ebitdaratio": 0.1848225214,
    "operatingIncome": 47000000,
    "operatingIncomeRatio": 0.095879233,
    "totalOtherIncomeExpensesNet": -34700000,
    "incomeBeforeTax": 12300000,
    "incomeBeforeTaxRatio": 0.0250917993,
    "incomeTaxExpense": 3900000,
    "netIncome": 8100000,
    "netIncomeRatio": 0.0165238678,
    "eps": 0.07,
    "epsdiluted": 0.07,
    "weightedAverageShsOut": 114700000,
    "weightedAverageShsOutDil": 115200000,
    "link": null,
    "finalLink": null
  },
  {
    "date": "2002-06-30",
    "symbol": "MOS",
    "reportedCurrency": "USD",
    "cik": "0001285785",
    "fillingDate": "2002-06-30",
    "acceptedDate": "2002-06-30 00:00:00",
    "calendarYear": "2002",
    "period": "Q2",
    "revenue": 588300000,
    "costOfRevenue": 511900000,
    "grossProfit": 76400000,
    "grossProfitRatio": 0.1298657148,
    "researchAndDevelopmentExpenses": 0,
    "generalAndAdministrativeExpenses": 0,
    "sellingAndMarketingExpenses": 0,
    "sellingGeneralAndAdministrativeExpenses": 19000000,
    "otherExpenses": 0,
    "operatingExpenses": 19000000,
    "costAndExpenses": 530900000,
    "interestIncome": 0,
    "interestExpense": 111200000,
    "depreciationAndAmortization": 43700000,
    "ebitda": 101100000,
    "ebitdaratio": 0.1718510964,
    "operatingIncome": 57400000,
    "operatingIncomeRatio": 0.0975692674,
    "totalOtherIncomeExpensesNet": -47500000,
    "incomeBeforeTax": 9900000,
    "incomeBeforeTaxRatio": 0.0168281489,
    "incomeTaxExpense": 3200000,
    "netIncome": -47400000,
    "netIncomeRatio": -0.0805711372,
    "eps": -0.41,
    "epsdiluted": -0.41,
    "weightedAverageShsOut": 114600000,
    "weightedAverageShsOutDil": 115400000,
    "link": null,
    "finalLink": null
  },
  {
    "date": "2002-03-31",
    "symbol": "MOS",
    "reportedCurrency": "USD",
    "cik": "0001285785",
    "fillingDate": "2002-03-31",
    "acceptedDate": "2002-03-31 00:00:00",
    "calendarYear": "2002",
    "period": "Q1",
    "revenue": 497900000,
    "costOfRevenue": 429200000,
    "grossProfit": 68700000,
    "grossProfitRatio": 0.137979514,
    "researchAndDevelopmentExpenses": 0,
    "generalAndAdministrativeExpenses": 0,
    "sellingAndMarketingExpenses": 0,
    "sellingGeneralAndAdministrativeExpenses": 19400000,
    "otherExpenses": 0,
    "operatingExpenses": 19400000,
    "costAndExpenses": 448600000,
    "interestIncome": 0,
    "interestExpense": 44300000,
    "depreciationAndAmortization": 43000000,
    "ebitda": 92300000,
    "ebitdaratio": 0.1853785901,
    "operatingIncome": 49300000,
    "operatingIncomeRatio": 0.0990158666,
    "totalOtherIncomeExpensesNet": -42200000,
    "incomeBeforeTax": 7100000,
    "incomeBeforeTaxRatio": 0.0142598915,
    "incomeTaxExpense": 2300000,
    "netIncome": 4800000,
    "netIncomeRatio": 0.0096404901,
    "eps": 0.04,
    "epsdiluted": 0.04,
    "weightedAverageShsOut": 114500000,
    "weightedAverageShsOutDil": 115900000,
    "link": null,
    "finalLink": null
  },
  {
    "date": "2001-12-31",
    "symbol": "MOS",
    "reportedCurrency": "USD",
    "cik": "0001285785",
    "fillingDate": "2001-12-31",
    "acceptedDate": "2001-12-31 00:00:00",
    "calendarYear": "2001",
    "period": "Q4",
    "revenue": 525800000,
    "costOfRevenue": 484700000,
    "grossProfit": 41100000,
    "grossProfitRatio": 0.0781666033,
    "researchAndDevelopmentExpenses": 0,
    "generalAndAdministrativeExpenses": 0,
    "sellingAndMarketingExpenses": 0,
    "sellingGeneralAndAdministrativeExpenses": 19100000,
    "otherExpenses": 0,
    "operatingExpenses": 19100000,
    "costAndExpenses": 503800000,
    "interestIncome": 0,
    "interestExpense": 44900000,
    "depreciationAndAmortization": 40700000,
    "ebitda": 62700000,
    "ebitdaratio": 0.1192468619,
    "operatingIncome": 22000000,
    "operatingIncomeRatio": 0.0418410042,
    "totalOtherIncomeExpensesNet": -33800000,
    "incomeBeforeTax": -11800000,
    "incomeBeforeTaxRatio": -0.0224419932,
    "incomeTaxExpense": 2100000,
    "netIncome": -24100000,
    "netIncomeRatio": -0.0458349182,
    "eps": -0.21,
    "epsdiluted": -0.21,
    "weightedAverageShsOut": 116800000,
    "weightedAverageShsOutDil": 116800000,
    "link": null,
    "finalLink": null
  },
  {
    "date": "2001-09-30",
    "symbol": "MOS",
    "reportedCurrency": "USD",
    "cik": "0001285785",
    "fillingDate": "2001-09-30",
    "acceptedDate": "2001-09-30 00:00:00",
    "calendarYear": "2001",
    "period": "Q3",
    "revenue": 405900000,
    "costOfRevenue": 385400000,
    "grossProfit": 20500000,
    "grossProfitRatio": 0.0505050505,
    "researchAndDevelopmentExpenses": 0,
    "generalAndAdministrativeExpenses": 0,
    "sellingAndMarketingExpenses": 0,
    "sellingGeneralAndAdministrativeExpenses": 20200000,
    "otherExpenses": 6400000,
    "operatingExpenses": 26600000,
    "costAndExpenses": 412000000,
    "interestIncome": 0,
    "interestExpense": 57900000,
    "depreciationAndAmortization": 39000000,
    "ebitda": 39300000,
    "ebitdaratio": 0.0968218773,
    "operatingIncome": -6100000,
    "operatingIncomeRatio": -0.0150283321,
    "totalOtherIncomeExpensesNet": -37600000,
    "incomeBeforeTax": -43700000,
    "incomeBeforeTaxRatio": -0.1076619857,
    "incomeTaxExpense": -14400000,
    "netIncome": -29300000,
    "netIncomeRatio": -0.0721852673,
    "eps": -0.25,
    "epsdiluted": -0.25,
    "weightedAverageShsOut": 116800000,
    "weightedAverageShsOutDil": 116800000,
    "link": null,
    "finalLink": null
  },
  {
    "date": "2001-06-30",
    "symbol": "MOS",
    "reportedCurrency": "USD",
    "cik": "0001285785",
    "fillingDate": "2001-06-30",
    "acceptedDate": "2001-06-30 00:00:00",
    "calendarYear": "2001",
    "period": "Q2",
    "revenue": 506900000,
    "costOfRevenue": 446300000,
    "grossProfit": 60600000,
    "grossProfitRatio": 0.1195502071,
    "researchAndDevelopmentExpenses": 0,
    "generalAndAdministrativeExpenses": 0,
    "sellingAndMarketingExpenses": 0,
    "sellingGeneralAndAdministrativeExpenses": 19600000,
    "otherExpenses": 0,
    "operatingExpenses": 19600000,
    "costAndExpenses": 465900000,
    "interestIncome": 0,
    "interestExpense": 70200000,
    "depreciationAndAmortization": 42900000,
    "ebitda": 83900000,
    "ebitdaratio": 0.1655158808,
    "operatingIncome": 41000000,
    "operatingIncomeRatio": 0.0808838035,
    "totalOtherIncomeExpensesNet": -34200000,
    "incomeBeforeTax": 6800000,
    "incomeBeforeTaxRatio": 0.0134148747,
    "incomeTaxExpense": 2600000,
    "netIncome": -24200000,
    "netIncomeRatio": -0.0477411718,
    "eps": -0.21,
    "epsdiluted": -0.21,
    "weightedAverageShsOut": 114500000,
    "weightedAverageShsOutDil": 116300000,
    "link": null,
    "finalLink": null
  },
  {
    "date": "2001-03-31",
    "symbol": "MOS",
    "reportedCurrency": "USD",
    "cik": "0001285785",
    "fillingDate": "2001-03-31",
    "acceptedDate": "2001-03-31 00:00:00",
    "calendarYear": "2001",
    "period": "Q1",
    "revenue": 520100000,
    "costOfRevenue": 410400000,
    "grossProfit": 109700000,
    "grossProfitRatio": 0.2109209767,
    "researchAndDevelopmentExpenses": 0,
    "generalAndAdministrativeExpenses": 0,
    "sellingAndMarketingExpenses": 0,
    "sellingGeneralAndAdministrativeExpenses": 22900000,
    "otherExpenses": 47600000,
    "operatingExpenses": 70500000,
    "costAndExpenses": 480900000,
    "interestIncome": 0,
    "interestExpense": 72600000,
    "depreciationAndAmortization": 43000000,
    "ebitda": 129800000,
    "ebitdaratio": 0.2495673909,
    "operatingIncome": 39200000,
    "operatingIncomeRatio": 0.0753701211,
    "totalOtherIncomeExpensesNet": -21200000,
    "incomeBeforeTax": 18000000,
    "incomeBeforeTaxRatio": 0.0346087291,
    "incomeTaxExpense": 6900000,
    "netIncome": 11100000,
    "netIncomeRatio": 0.0213420496,
    "eps": 0.1,
    "epsdiluted": 0.1,
    "weightedAverageShsOut": 114500000,
    "weightedAverageShsOutDil": 114900000,
    "link": null,
    "finalLink": null
  },
  {
    "date": "2000-12-31",
    "symbol": "MOS",
    "reportedCurrency": "USD",
    "cik": "0001285785",
    "fillingDate": "2000-12-31",
    "acceptedDate": "2000-12-31 00:00:00",
    "calendarYear": "2000",
    "period": "Q4",
    "revenue": 485900000,
    "costOfRevenue": 475800000,
    "grossProfit": 10100000,
    "grossProfitRatio": 0.02078617,
    "researchAndDevelopmentExpenses": 0,
    "generalAndAdministrativeExpenses": 0,
    "sellingAndMarketingExpenses": 0,
    "sellingGeneralAndAdministrativeExpenses": 800000,
    "otherExpenses": 8600000,
    "operatingExpenses": 9400000,
    "costAndExpenses": 485200000,
    "interestIncome": 0,
    "interestExpense": 416700000,
    "depreciationAndAmortization": 8600000,
    "ebitda": 9300000,
    "ebitdaratio": 0.0191397407,
    "operatingIncome": 700000,
    "operatingIncomeRatio": 0.0014406256,
    "totalOtherIncomeExpensesNet": 6500000,
    "incomeBeforeTax": 7200000,
    "incomeBeforeTaxRatio": 0.0148178638,
    "incomeTaxExpense": 1200000,
    "netIncome": -414500000,
    "netIncomeRatio": -0.8530561844,
    "eps": -3.62,
    "epsdiluted": -3.62,
    "weightedAverageShsOut": 114400000,
    "weightedAverageShsOutDil": 114400000,
    "link": null,
    "finalLink": null
  },
  {
    "date": "2000-09-30",
    "symbol": "MOS",
    "reportedCurrency": "USD",
    "cik": "0001285785",
    "fillingDate": "2000-09-30",
    "acceptedDate": "2000-09-30 00:00:00",
    "calendarYear": "2000",
    "period": "Q3",
    "revenue": 483400000,
    "costOfRevenue": 368300000,
    "grossProfit": 115100000,
    "grossProfitRatio": 0.238105089,
    "researchAndDevelopmentExpenses": 0,
    "generalAndAdministrativeExpenses": 0,
    "sellingAndMarketingExpenses": 0,
    "sellingGeneralAndAdministrativeExpenses": 23800000,
    "otherExpenses": 1300000,
    "operatingExpenses": 82700000,
    "costAndExpenses": 451000000,
    "interestIncome": 0,
    "interestExpense": 39200000,
    "depreciationAndAmortization": 51500000,
    "ebitda": 84200000,
    "ebitdaratio": 0.1741828713,
    "operatingIncome": 32400000,
    "operatingIncomeRatio": 0.0670252379,
    "totalOtherIncomeExpensesNet": -19400000,
    "incomeBeforeTax": 12000000,
    "incomeBeforeTaxRatio": 0.0248241622,
    "incomeTaxExpense": 4300000,
    "netIncome": -7000000,
    "netIncomeRatio": -0.0144807613,
    "eps": -0.0612,
    "epsdiluted": -0.0609,
    "weightedAverageShsOut": 114400000,
    "weightedAverageShsOutDil": 114900000,
    "link": null,
    "finalLink": null
  },
  {
    "date": "2000-06-30",
    "symbol": "MOS",
    "reportedCurrency": "USD",
    "cik": "0001285785",
    "fillingDate": "2000-06-30",
    "acceptedDate": "2000-06-30 00:00:00",
    "calendarYear": "2000",
    "period": "Q2",
    "revenue": 505800000,
    "costOfRevenue": 337100000,
    "grossProfit": 168700000,
    "grossProfitRatio": 0.3335310399,
    "researchAndDevelopmentExpenses": 0,
    "generalAndAdministrativeExpenses": 0,
    "sellingAndMarketingExpenses": 0,
    "sellingGeneralAndAdministrativeExpenses": 35400000,
    "otherExpenses": 55300000,
    "operatingExpenses": 90700000,
    "costAndExpenses": 427800000,
    "interestIncome": 0,
    "interestExpense": 27900000,
    "depreciationAndAmortization": 55300000,
    "ebitda": 133300000,
    "ebitdaratio": 0.2635429023,
    "operatingIncome": 78000000,
    "operatingIncomeRatio": 0.1542111507,
    "totalOtherIncomeExpensesNet": -32700000,
    "incomeBeforeTax": 45300000,
    "incomeBeforeTaxRatio": 0.0895610913,
    "incomeTaxExpense": 17000000,
    "netIncome": 28300000,
    "netIncomeRatio": 0.0559509688,
    "eps": 0.25,
    "epsdiluted": 0.25,
    "weightedAverageShsOut": 114400000,
    "weightedAverageShsOutDil": 114800000,
    "link": null,
    "finalLink": null
  },
  {
    "date": "2000-03-31",
    "symbol": "MOS",
    "reportedCurrency": "USD",
    "cik": "0001285785",
    "fillingDate": "2000-03-31",
    "acceptedDate": "2000-03-31 00:00:00",
    "calendarYear": "2000",
    "period": "Q1",
    "revenue": 620800000,
    "costOfRevenue": 411000000,
    "grossProfit": 209800000,
    "grossProfitRatio": 0.3379510309,
    "researchAndDevelopmentExpenses": 0,
    "generalAndAdministrativeExpenses": 0,
    "sellingAndMarketingExpenses": 0,
    "sellingGeneralAndAdministrativeExpenses": 35300000,
    "otherExpenses": 56200000,
    "operatingExpenses": 91500000,
    "costAndExpenses": 502500000,
    "interestIncome": 0,
    "interestExpense": 41900000,
    "depreciationAndAmortization": 56200000,
    "ebitda": 205400000,
    "ebitdaratio": 0.3308634021,
    "operatingIncome": 118300000,
    "operatingIncomeRatio": 0.190560567,
    "totalOtherIncomeExpensesNet": -31700000,
    "incomeBeforeTax": 61300000,
    "incomeBeforeTaxRatio": 0.0987435567,
    "incomeTaxExpense": 22000000,
    "netIncome": 48200000,
    "netIncomeRatio": 0.0776417526,
    "eps": 0.42,
    "epsdiluted": 0.42,
    "weightedAverageShsOut": 114400000,
    "weightedAverageShsOutDil": 114600000,
    "link": null,
    "finalLink": null
  },
  {
    "date": "1999-12-31",
    "symbol": "MOS",
    "reportedCurrency": "USD",
    "cik": "0001285785",
    "fillingDate": "1999-12-31",
    "acceptedDate": "1999-12-31 00:00:00",
    "calendarYear": "1999",
    "period": "Q4",
    "revenue": 209000000,
    "costOfRevenue": 142800000,
    "grossProfit": 66200000,
    "grossProfitRatio": 0.3167464115,
    "researchAndDevelopmentExpenses": 0,
    "generalAndAdministrativeExpenses": 0,
    "sellingAndMarketingExpenses": 0,
    "sellingGeneralAndAdministrativeExpenses": 34500000,
    "otherExpenses": 28700000,
    "operatingExpenses": 63200000,
    "costAndExpenses": 206000000,
    "interestIncome": 0,
    "interestExpense": 1528600000,
    "depreciationAndAmortization": 28700000,
    "ebitda": 31700000,
    "ebitdaratio": 0.1516746411,
    "operatingIncome": 3000000,
    "operatingIncomeRatio": 0.014354067,
    "totalOtherIncomeExpensesNet": -682500000,
    "incomeBeforeTax": -679500000,
    "incomeBeforeTaxRatio": -3.2511961722,
    "incomeTaxExpense": 65200000,
    "netIncome": -899400000,
    "netIncomeRatio": -4.3033492823,
    "eps": -8.18,
    "epsdiluted": -8.18,
    "weightedAverageShsOut": 110000000,
    "weightedAverageShsOutDil": 110000000,
    "link": null,
    "finalLink": null
  },
  {
    "date": "1999-09-30",
    "symbol": "MOS",
    "reportedCurrency": "USD",
    "cik": "0001285785",
    "fillingDate": "1999-09-30",
    "acceptedDate": "1999-09-30 00:00:00",
    "calendarYear": "1999",
    "period": "Q3",
    "revenue": 625500000,
    "costOfRevenue": 445400000,
    "grossProfit": 180100000,
    "grossProfitRatio": 0.2879296563,
    "researchAndDevelopmentExpenses": 0,
    "generalAndAdministrativeExpenses": 0,
    "sellingAndMarketingExpenses": 0,
    "sellingGeneralAndAdministrativeExpenses": 41000000,
    "otherExpenses": 68500000,
    "operatingExpenses": 109500000,
    "costAndExpenses": 554900000,
    "interestIncome": 0,
    "interestExpense": 53100000,
    "depreciationAndAmortization": 68500000,
    "ebitda": 133100000,
    "ebitdaratio": 0.2127897682,
    "operatingIncome": 64600000,
    "operatingIncomeRatio": 0.1032773781,
    "totalOtherIncomeExpensesNet": -41200000,
    "incomeBeforeTax": 23400000,
    "incomeBeforeTaxRatio": 0.0374100719,
    "incomeTaxExpense": 8800000,
    "netIncome": 13200000,
    "netIncomeRatio": 0.0211031175,
    "eps": 0.12,
    "epsdiluted": 0.12,
    "weightedAverageShsOut": 110000000,
    "weightedAverageShsOutDil": 110000000,
    "link": null,
    "finalLink": null
  },
  {
    "date": "1999-06-30",
    "symbol": "MOS",
    "reportedCurrency": "USD",
    "cik": "0001285785",
    "fillingDate": "1999-06-30",
    "acceptedDate": "1999-06-30 00:00:00",
    "calendarYear": "1999",
    "period": "Q2",
    "revenue": 765400000,
    "costOfRevenue": 513400000,
    "grossProfit": 252000000,
    "grossProfitRatio": 0.3292396133,
    "researchAndDevelopmentExpenses": 0,
    "generalAndAdministrativeExpenses": 0,
    "sellingAndMarketingExpenses": 0,
    "sellingGeneralAndAdministrativeExpenses": 45200000,
    "otherExpenses": 69300000,
    "operatingExpenses": 114500000,
    "costAndExpenses": 627900000,
    "interestIncome": 0,
    "interestExpense": 50900000,
    "depreciationAndAmortization": 69300000,
    "ebitda": 200300000,
    "ebitdaratio": 0.2616932323,
    "operatingIncome": 131000000,
    "operatingIncomeRatio": 0.1711523386,
    "totalOtherIncomeExpensesNet": -45900000,
    "incomeBeforeTax": 85100000,
    "incomeBeforeTaxRatio": 0.1111836948,
    "incomeTaxExpense": 32000000,
    "netIncome": 52200000,
    "netIncomeRatio": 0.0681996342,
    "eps": 0.46,
    "epsdiluted": 0.46,
    "weightedAverageShsOut": 114400000,
    "weightedAverageShsOutDil": 114600000,
    "link": null,
    "finalLink": null
  },
  {
    "date": "1999-03-31",
    "symbol": "MOS",
    "reportedCurrency": "USD",
    "cik": "0001285785",
    "fillingDate": "1999-03-31",
    "acceptedDate": "1999-03-31 00:00:00",
    "calendarYear": "1999",
    "period": "Q1",
    "revenue": 769400000,
    "costOfRevenue": 492500000,
    "grossProfit": 276900000,
    "grossProfitRatio": 0.359890824,
    "researchAndDevelopmentExpenses": 0,
    "generalAndAdministrativeExpenses": 0,
    "sellingAndMarketingExpenses": 0,
    "sellingGeneralAndAdministrativeExpenses": 43800000,
    "otherExpenses": 66000000,
    "operatingExpenses": 109800000,
    "costAndExpenses": 602300000,
    "interestIncome": 0,
    "interestExpense": 63000000,
    "depreciationAndAmortization": 66000000,
    "ebitda": 229400000,
    "ebitdaratio": 0.298154406,
    "operatingIncome": 163400000,
    "operatingIncomeRatio": 0.2123732779,
    "totalOtherIncomeExpensesNet": -49700000,
    "incomeBeforeTax": 113700000,
    "incomeBeforeTaxRatio": 0.147777489,
    "incomeTaxExpense": 42700000,
    "netIncome": 60700000,
    "netIncomeRatio": 0.0788926436,
    "eps": 0.53,
    "epsdiluted": 0.53,
    "weightedAverageShsOut": 114300000,
    "weightedAverageShsOutDil": 114500000,
    "link": null,
    "finalLink": null
  },
  {
    "date": "1998-12-31",
    "symbol": "MOS",
    "reportedCurrency": "USD",
    "cik": "0001285785",
    "fillingDate": "1998-12-31",
    "acceptedDate": "1998-12-31 00:00:00",
    "calendarYear": "1998",
    "period": "Q4",
    "revenue": 40800000,
    "costOfRevenue": -96700000,
    "grossProfit": 137500000,
    "grossProfitRatio": 3.3700980392,
    "researchAndDevelopmentExpenses": 0,
    "generalAndAdministrativeExpenses": 0,
    "sellingAndMarketingExpenses": 0,
    "sellingGeneralAndAdministrativeExpenses": -41900000,
    "otherExpenses": 57800000,
    "operatingExpenses": 15900000,
    "costAndExpenses": -80800000,
    "interestIncome": 0,
    "interestExpense": 533600000,
    "depreciationAndAmortization": 57800000,
    "ebitda": 179400000,
    "ebitdaratio": 4.3970588235,
    "operatingIncome": 121600000,
    "operatingIncomeRatio": 2.9803921569,
    "totalOtherIncomeExpensesNet": -246600000,
    "incomeBeforeTax": -125000000,
    "incomeBeforeTaxRatio": -3.0637254902,
    "incomeTaxExpense": -9300000,
    "netIncome": -178200000,
    "netIncomeRatio": -4.3676470588,
    "eps": -1.55,
    "epsdiluted": -1.55,
    "weightedAverageShsOut": 115313000,
    "weightedAverageShsOutDil": 115313000,
    "link": null,
    "finalLink": null
  },
  {
    "date": "1998-09-30",
    "symbol": "MOS",
    "reportedCurrency": "USD",
    "cik": "0001285785",
    "fillingDate": "1998-09-30",
    "acceptedDate": "1998-09-30 00:00:00",
    "calendarYear": "1998",
    "period": "Q3",
    "revenue": 659500000,
    "costOfRevenue": 495900000,
    "grossProfit": 247900000,
    "grossProfitRatio": 0.3758908264,
    "researchAndDevelopmentExpenses": 0,
    "generalAndAdministrativeExpenses": 0,
    "sellingAndMarketingExpenses": 0,
    "sellingGeneralAndAdministrativeExpenses": 65400000,
    "otherExpenses": 69300000,
    "operatingExpenses": 134700000,
    "costAndExpenses": 630600000,
    "interestIncome": 0,
    "interestExpense": 69400000,
    "depreciationAndAmortization": 69300000,
    "ebitda": 209300000,
    "ebitdaratio": 0.3173616376,
    "operatingIncome": 140000000,
    "operatingIncomeRatio": 0.2122820318,
    "totalOtherIncomeExpensesNet": -64800000,
    "incomeBeforeTax": 75200000,
    "incomeBeforeTaxRatio": 0.1140257771,
    "incomeTaxExpense": 26500000,
    "netIncome": 36900000,
    "netIncomeRatio": 0.0559514784,
    "eps": 0.32,
    "epsdiluted": 0.32,
    "weightedAverageShsOut": 115313000,
    "weightedAverageShsOutDil": 115313000,
    "link": null,
    "finalLink": null
  },
  {
    "date": "1998-06-30",
    "symbol": "MOS",
    "reportedCurrency": "USD",
    "cik": "0001285785",
    "fillingDate": "1998-06-30",
    "acceptedDate": "1998-06-30 00:00:00",
    "calendarYear": "1998",
    "period": "Q2",
    "revenue": 1221800000,
    "costOfRevenue": 851500000,
    "grossProfit": 370300000,
    "grossProfitRatio": 0.3030774267,
    "researchAndDevelopmentExpenses": 0,
    "generalAndAdministrativeExpenses": 0,
    "sellingAndMarketingExpenses": 0,
    "sellingGeneralAndAdministrativeExpenses": 93100000,
    "otherExpenses": 76400000,
    "operatingExpenses": 169500000,
    "costAndExpenses": 1021000000,
    "interestIncome": 0,
    "interestExpense": 61700000,
    "depreciationAndAmortization": 76400000,
    "ebitda": 227100000,
    "ebitdaratio": 0.1858733017,
    "operatingIncome": 150700000,
    "operatingIncomeRatio": 0.1233426093,
    "totalOtherIncomeExpensesNet": -62900000,
    "incomeBeforeTax": 87800000,
    "incomeBeforeTaxRatio": 0.0718611884,
    "incomeTaxExpense": 30900000,
    "netIncome": 87000000,
    "netIncomeRatio": 0.0712064168,
    "eps": 0.76,
    "epsdiluted": 0.76,
    "weightedAverageShsOut": 114474000,
    "weightedAverageShsOutDil": 114474000,
    "link": null,
    "finalLink": null
  },
  {
    "date": "1998-03-31",
    "symbol": "MOS",
    "reportedCurrency": "USD",
    "cik": "0001285785",
    "fillingDate": "1998-03-31",
    "acceptedDate": "1998-03-31 00:00:00",
    "calendarYear": "1998",
    "period": "Q1",
    "revenue": 676800000,
    "costOfRevenue": 455400000,
    "grossProfit": 202100000,
    "grossProfitRatio": 0.2986111111,
    "researchAndDevelopmentExpenses": 0,
    "generalAndAdministrativeExpenses": 0,
    "sellingAndMarketingExpenses": 0,
    "sellingGeneralAndAdministrativeExpenses": 73800000,
    "otherExpenses": 48200000,
    "operatingExpenses": 122000000,
    "costAndExpenses": 577400000,
    "interestIncome": 0,
    "interestExpense": 24000000,
    "depreciationAndAmortization": 48200000,
    "ebitda": 155200000,
    "ebitdaratio": 0.2293144208,
    "operatingIncome": 107000000,
    "operatingIncomeRatio": 0.1580969267,
    "totalOtherIncomeExpensesNet": -22700000,
    "incomeBeforeTax": 84300000,
    "incomeBeforeTaxRatio": 0.1245567376,
    "incomeTaxExpense": 29600000,
    "netIncome": 45300000,
    "netIncomeRatio": 0.0669326241,
    "eps": 0.4,
    "epsdiluted": 0.4,
    "weightedAverageShsOut": 113250000,
    "weightedAverageShsOutDil": 113250000,
    "link": null,
    "finalLink": null
  },
  {
    "date": "1997-12-31",
    "symbol": "MOS",
    "reportedCurrency": "USD",
    "cik": "0001285785",
    "fillingDate": "1997-12-31",
    "acceptedDate": "1997-12-31 00:00:00",
    "calendarYear": "1997",
    "period": "Q4",
    "revenue": 676900000,
    "costOfRevenue": 475900000,
    "grossProfit": 201000000,
    "grossProfitRatio": 0.2969419412,
    "researchAndDevelopmentExpenses": 0,
    "generalAndAdministrativeExpenses": 0,
    "sellingAndMarketingExpenses": 0,
    "sellingGeneralAndAdministrativeExpenses": 237900000,
    "otherExpenses": 41700000,
    "operatingExpenses": 279600000,
    "costAndExpenses": 755500000,
    "interestIncome": 0,
    "interestExpense": 50900000,
    "depreciationAndAmortization": 41700000,
    "ebitda": -36900000,
    "ebitdaratio": -0.054513222,
    "operatingIncome": -78600000,
    "operatingIncomeRatio": -0.1161175949,
    "totalOtherIncomeExpensesNet": -32800000,
    "incomeBeforeTax": -111400000,
    "incomeBeforeTaxRatio": -0.1645737923,
    "incomeTaxExpense": -45100000,
    "netIncome": -87900000,
    "netIncomeRatio": -0.1298566997,
    "eps": -0.97,
    "epsdiluted": -0.95,
    "weightedAverageShsOut": 90994000,
    "weightedAverageShsOutDil": 92069000,
    "link": null,
    "finalLink": null
  },
  {
    "date": "1997-09-30",
    "symbol": "MOS",
    "reportedCurrency": "USD",
    "cik": "0001285785",
    "fillingDate": "1997-09-30",
    "acceptedDate": "1997-09-30 00:00:00",
    "calendarYear": "1997",
    "period": "Q3",
    "revenue": 598700000,
    "costOfRevenue": 492300000,
    "grossProfit": 106400000,
    "grossProfitRatio": 0.1777183898,
    "researchAndDevelopmentExpenses": 0,
    "generalAndAdministrativeExpenses": 0,
    "sellingAndMarketingExpenses": 0,
    "sellingGeneralAndAdministrativeExpenses": 65100000,
    "otherExpenses": -42900000,
    "operatingExpenses": 22200000,
    "costAndExpenses": 514500000,
    "interestIncome": 0,
    "interestExpense": 82400000,
    "depreciationAndAmortization": -42900000,
    "ebitda": 84200000,
    "ebitdaratio": 0.1406380491,
    "operatingIncome": 84200000,
    "operatingIncomeRatio": 0.1406380491,
    "totalOtherIncomeExpensesNet": -42200000,
    "incomeBeforeTax": 42000000,
    "incomeBeforeTaxRatio": 0.070151996,
    "incomeTaxExpense": 15300000,
    "netIncome": 26700000,
    "netIncomeRatio": 0.044596626,
    "eps": 0.29,
    "epsdiluted": 0.29,
    "weightedAverageShsOut": 92069000,
    "weightedAverageShsOutDil": 92069000,
    "link": null,
    "finalLink": null
  },
  {
    "date": "1997-06-30",
    "symbol": "MOS",
    "reportedCurrency": "USD",
    "cik": "0001285785",
    "fillingDate": "1997-06-30",
    "acceptedDate": "1997-06-30 00:00:00",
    "calendarYear": "1997",
    "period": "Q2",
    "revenue": 1048200000,
    "costOfRevenue": 732500000,
    "grossProfit": 315700000,
    "grossProfitRatio": 0.3011829803,
    "researchAndDevelopmentExpenses": 0,
    "generalAndAdministrativeExpenses": 0,
    "sellingAndMarketingExpenses": 0,
    "sellingGeneralAndAdministrativeExpenses": 69400000,
    "otherExpenses": 57200000,
    "operatingExpenses": 126600000,
    "costAndExpenses": 859100000,
    "interestIncome": 0,
    "interestExpense": 54600000,
    "depreciationAndAmortization": 57200000,
    "ebitda": 246300000,
    "ebitdaratio": 0.2349742416,
    "operatingIncome": 189100000,
    "operatingIncomeRatio": 0.180404503,
    "totalOtherIncomeExpensesNet": -50000000,
    "incomeBeforeTax": 139100000,
    "incomeBeforeTaxRatio": 0.1327036825,
    "incomeTaxExpense": 50800000,
    "netIncome": 85000000,
    "netIncomeRatio": 0.0810913948,
    "eps": 0.89,
    "epsdiluted": 0.89,
    "weightedAverageShsOut": 95366000,
    "weightedAverageShsOutDil": 95366000,
    "link": null,
    "finalLink": null
  },
  {
    "date": "1997-03-31",
    "symbol": "MOS",
    "reportedCurrency": "USD",
    "cik": "0001285785",
    "fillingDate": "1997-03-31",
    "acceptedDate": "1997-03-31 00:00:00",
    "calendarYear": "1997",
    "period": "Q1",
    "revenue": 664800000,
    "costOfRevenue": 450000000,
    "grossProfit": 214800000,
    "grossProfitRatio": 0.3231046931,
    "researchAndDevelopmentExpenses": 0,
    "generalAndAdministrativeExpenses": 0,
    "sellingAndMarketingExpenses": 0,
    "sellingGeneralAndAdministrativeExpenses": 63200000,
    "otherExpenses": 43300000,
    "operatingExpenses": 106500000,
    "costAndExpenses": 556500000,
    "interestIncome": 0,
    "interestExpense": 45400000,
    "depreciationAndAmortization": 43300000,
    "ebitda": 151600000,
    "ebitdaratio": 0.2280385078,
    "operatingIncome": 108300000,
    "operatingIncomeRatio": 0.1629061372,
    "totalOtherIncomeExpensesNet": -46700000,
    "incomeBeforeTax": 61600000,
    "incomeBeforeTaxRatio": 0.0926594465,
    "incomeTaxExpense": 22500000,
    "netIncome": 39100000,
    "netIncomeRatio": 0.0588146811,
    "eps": 0.41,
    "epsdiluted": 0.41,
    "weightedAverageShsOut": 95366000,
    "weightedAverageShsOutDil": 95366000,
    "link": null,
    "finalLink": null
  },
  {
    "date": "1996-12-31",
    "symbol": "MOS",
    "reportedCurrency": "USD",
    "cik": "0001285785",
    "fillingDate": "1996-12-31",
    "acceptedDate": "1996-12-31 00:00:00",
    "calendarYear": "1996",
    "period": "Q4",
    "revenue": 665400000,
    "costOfRevenue": 439200000,
    "grossProfit": 226200000,
    "grossProfitRatio": 0.3399458972,
    "researchAndDevelopmentExpenses": 0,
    "generalAndAdministrativeExpenses": 0,
    "sellingAndMarketingExpenses": 0,
    "sellingGeneralAndAdministrativeExpenses": 58200000,
    "otherExpenses": 41700000,
    "operatingExpenses": 99900000,
    "costAndExpenses": 539100000,
    "interestIncome": 0,
    "interestExpense": 47500000,
    "depreciationAndAmortization": 41700000,
    "ebitda": 168000000,
    "ebitdaratio": 0.2524797115,
    "operatingIncome": 126300000,
    "operatingIncomeRatio": 0.1898106402,
    "totalOtherIncomeExpensesNet": -50000000,
    "incomeBeforeTax": 76300000,
    "incomeBeforeTaxRatio": 0.114667869,
    "incomeTaxExpense": 27800000,
    "netIncome": 47900000,
    "netIncomeRatio": 0.0719867749,
    "eps": 0.5,
    "epsdiluted": 0.5,
    "weightedAverageShsOut": 95800000,
    "weightedAverageShsOutDil": 95800000,
    "link": null,
    "finalLink": null
  },
  {
    "date": "1996-09-30",
    "symbol": "MOS",
    "reportedCurrency": "USD",
    "cik": "0001285785",
    "fillingDate": "1996-09-30",
    "acceptedDate": "1996-09-30 00:00:00",
    "calendarYear": "1996",
    "period": "Q3",
    "revenue": 603600000,
    "costOfRevenue": 405900000,
    "grossProfit": 197700000,
    "grossProfitRatio": 0.3275347913,
    "researchAndDevelopmentExpenses": 0,
    "generalAndAdministrativeExpenses": 0,
    "sellingAndMarketingExpenses": 0,
    "sellingGeneralAndAdministrativeExpenses": 56400000,
    "otherExpenses": 42200000,
    "operatingExpenses": 98600000,
    "costAndExpenses": 504500000,
    "interestIncome": 0,
    "interestExpense": 59000000,
    "depreciationAndAmortization": 42200000,
    "ebitda": 141300000,
    "ebitdaratio": 0.2340954274,
    "operatingIncome": 99100000,
    "operatingIncomeRatio": 0.1641815772,
    "totalOtherIncomeExpensesNet": -54100000,
    "incomeBeforeTax": 45000000,
    "incomeBeforeTaxRatio": 0.0745526839,
    "incomeTaxExpense": 16400000,
    "netIncome": 21100000,
    "netIncomeRatio": 0.0349569251,
    "eps": 0.23,
    "epsdiluted": 0.23,
    "weightedAverageShsOut": 91739000,
    "weightedAverageShsOutDil": 91739000,
    "link": null,
    "finalLink": null
  },
  {
    "date": "1996-06-30",
    "symbol": "MOS",
    "reportedCurrency": "USD",
    "cik": "0001285785",
    "fillingDate": "1996-06-30",
    "acceptedDate": "1996-06-30 00:00:00",
    "calendarYear": "1996",
    "period": "Q2",
    "revenue": 955100000,
    "costOfRevenue": 692300000,
    "grossProfit": 262800000,
    "grossProfitRatio": 0.2751544341,
    "researchAndDevelopmentExpenses": 0,
    "generalAndAdministrativeExpenses": 0,
    "sellingAndMarketingExpenses": 0,
    "sellingGeneralAndAdministrativeExpenses": 63000000,
    "otherExpenses": 44100000,
    "operatingExpenses": 107100000,
    "costAndExpenses": 799400000,
    "interestIncome": 0,
    "interestExpense": 51900000,
    "depreciationAndAmortization": 44100000,
    "ebitda": 199800000,
    "ebitdaratio": 0.2091927547,
    "operatingIncome": 155700000,
    "operatingIncomeRatio": 0.1630195791,
    "totalOtherIncomeExpensesNet": -54800000,
    "incomeBeforeTax": 100900000,
    "incomeBeforeTaxRatio": 0.1056433881,
    "incomeTaxExpense": 34500000,
    "netIncome": 66400000,
    "netIncomeRatio": 0.0695215161,
    "eps": 0.72,
    "epsdiluted": 0.72,
    "weightedAverageShsOut": 91786000,
    "weightedAverageShsOutDil": 92222000,
    "link": null,
    "finalLink": null
  },
  {
    "date": "1996-03-31",
    "symbol": "MOS",
    "reportedCurrency": "USD",
    "cik": "0001285785",
    "fillingDate": "1996-03-31",
    "acceptedDate": "1996-03-31 00:00:00",
    "calendarYear": "1996",
    "period": "Q1",
    "revenue": 717000000,
    "costOfRevenue": 471400000,
    "grossProfit": 245600000,
    "grossProfitRatio": 0.3425383543,
    "researchAndDevelopmentExpenses": 0,
    "generalAndAdministrativeExpenses": 0,
    "sellingAndMarketingExpenses": 0,
    "sellingGeneralAndAdministrativeExpenses": 60100000,
    "otherExpenses": 61600000,
    "operatingExpenses": 121700000,
    "costAndExpenses": 593100000,
    "interestIncome": 0,
    "interestExpense": 167700000,
    "depreciationAndAmortization": 61600000,
    "ebitda": 185500000,
    "ebitdaratio": 0.2587168759,
    "operatingIncome": 123900000,
    "operatingIncomeRatio": 0.1728033473,
    "totalOtherIncomeExpensesNet": -121300000,
    "incomeBeforeTax": 2600000,
    "incomeBeforeTaxRatio": 0.0036262204,
    "incomeTaxExpense": 10900000,
    "netIncome": -8300000,
    "netIncomeRatio": -0.0115760112,
    "eps": -0.09,
    "epsdiluted": -0.09,
    "weightedAverageShsOut": 92222000,
    "weightedAverageShsOutDil": 92222000,
    "link": null,
    "finalLink": null
  },
  {
    "date": "1995-12-31",
    "symbol": "MOS",
    "reportedCurrency": "USD",
    "cik": "0001285785",
    "fillingDate": "1995-12-31",
    "acceptedDate": "1995-12-31 00:00:00",
    "calendarYear": "1995",
    "period": "Q4",
    "revenue": 549600000,
    "costOfRevenue": 368300000,
    "grossProfit": 181300000,
    "grossProfitRatio": 0.3298762737,
    "researchAndDevelopmentExpenses": 0,
    "generalAndAdministrativeExpenses": 0,
    "sellingAndMarketingExpenses": 0,
    "sellingGeneralAndAdministrativeExpenses": 21600000,
    "otherExpenses": 32200000,
    "operatingExpenses": 53800000,
    "costAndExpenses": 422100000,
    "interestIncome": 0,
    "interestExpense": 52200000,
    "depreciationAndAmortization": 32200000,
    "ebitda": 159700000,
    "ebitdaratio": 0.2905749636,
    "operatingIncome": 127500000,
    "operatingIncomeRatio": 0.2319868996,
    "totalOtherIncomeExpensesNet": -56800000,
    "incomeBeforeTax": 70700000,
    "incomeBeforeTaxRatio": 0.1286390102,
    "incomeTaxExpense": 27100000,
    "netIncome": 43600000,
    "netIncomeRatio": 0.0793304221,
    "eps": 0.73,
    "epsdiluted": 0.7,
    "weightedAverageShsOut": 59726000,
    "weightedAverageShsOutDil": 62286000,
    "link": null,
    "finalLink": null
  },
  {
    "date": "1995-09-30",
    "symbol": "MOS",
    "reportedCurrency": "USD",
    "cik": "0001285785",
    "fillingDate": "1995-09-30",
    "acceptedDate": "1995-09-30 00:00:00",
    "calendarYear": "1995",
    "period": "Q3",
    "revenue": 484900000,
    "costOfRevenue": 340400000,
    "grossProfit": 144500000,
    "grossProfitRatio": 0.2979995875,
    "researchAndDevelopmentExpenses": 0,
    "generalAndAdministrativeExpenses": 0,
    "sellingAndMarketingExpenses": 0,
    "sellingGeneralAndAdministrativeExpenses": 17500000,
    "otherExpenses": 30700000,
    "operatingExpenses": 48200000,
    "costAndExpenses": 388600000,
    "interestIncome": 0,
    "interestExpense": 43700000,
    "depreciationAndAmortization": 30700000,
    "ebitda": 127000000,
    "ebitdaratio": 0.2619096721,
    "operatingIncome": 96300000,
    "operatingIncomeRatio": 0.198597649,
    "totalOtherIncomeExpensesNet": -46700000,
    "incomeBeforeTax": 49600000,
    "incomeBeforeTaxRatio": 0.1022891318,
    "incomeTaxExpense": 19400000,
    "netIncome": 30200000,
    "netIncomeRatio": 0.0622808827,
    "eps": 0.51,
    "epsdiluted": 0.51,
    "weightedAverageShsOut": 59216000,
    "weightedAverageShsOutDil": 59216000,
    "link": null,
    "finalLink": null
  }
]