[
  {
    "date": "2025-06-30",
    "symbol": "MPC",
    "reportedCurrency": "USD",
    "cik": "0001510295",
    "fillingDate": "2025-08-05",
    "acceptedDate": "2025-08-05 14:00:36",
    "calendarYear": "2025",
    "period": "Q2",
    "revenue": 33660000000,
    "costOfRevenue": 30845000000,
    "grossProfit": 2815000000,
    "grossProfitRatio": 0.0836304219,
    "researchAndDevelopmentExpenses": 0,
    "generalAndAdministrativeExpenses": 867000000,
    "sellingAndMarketingExpenses": 0,
    "sellingGeneralAndAdministrativeExpenses": 867000000,
    "otherExpenses": 0,
    "operatingExpenses": 867000000,
    "costAndExpenses": 31712000000,
    "interestIncome": 31000000,
    "interestExpense": 344000000,
    "depreciationAndAmortization": 789000000,
    "ebitda": 3011000000,
    "ebitdaratio": 0.0894533571,
    "operatingIncome": 1948000000,
    "operatingIncomeRatio": 0.0578728461,
    "totalOtherIncomeExpensesNet": -70000000,
    "incomeBeforeTax": 1878000000,
    "incomeBeforeTaxRatio": 0.0557932264,
    "incomeTaxExpense": 268000000,
    "netIncome": 1215000000,
    "netIncomeRatio": 0.0360962567,
    "eps": 3.96,
    "epsdiluted": 3.96,
    "weightedAverageShsOut": 309000000,
    "weightedAverageShsOutDil": 309000000,
    "link": "https://www.sec.gov/Archives/edgar/data/1510295/000151029525000054/0001510295-25-000054-index.htm",
    "finalLink": "https://www.sec.gov/Archives/edgar/data/1510295/000151029525000054/mpc-20250630.htm"
  },
  {
    "date": "2025-03-31",
    "symbol": "MPC",
    "reportedCurrency": "USD",
    "cik": "0001510295",
    "fillingDate": "2025-05-06",
    "acceptedDate": "2025-05-06 13:07:36",
    "calendarYear": "2025",
    "period": "Q1",
    "revenue": 31393000000,
    "costOfRevenue": 30086000000,
    "grossProfit": 1307000000,
    "grossProfitRatio": 0.0416334852,
    "researchAndDevelopmentExpenses": 0,
    "generalAndAdministrativeExpenses": 0,
    "sellingAndMarketingExpenses": 0,
    "sellingGeneralAndAdministrativeExpenses": 783000000,
    "otherExpenses": 0,
    "operatingExpenses": 783000000,
    "costAndExpenses": 30869000000,
    "interestIncome": 46000000,
    "interestExpense": 345000000,
    "depreciationAndAmortization": 793000000,
    "ebitda": 1521000000,
    "ebitdaratio": 0.0484502915,
    "operatingIncome": 524000000,
    "operatingIncomeRatio": 0.0166916192,
    "totalOtherIncomeExpensesNet": -141000000,
    "incomeBeforeTax": 383000000,
    "incomeBeforeTaxRatio": 0.012200172,
    "incomeTaxExpense": 37000000,
    "netIncome": -74000000,
    "netIncomeRatio": -0.0023572134,
    "eps": -0.2364,
    "epsdiluted": -0.2364,
    "weightedAverageShsOut": 313000000,
    "weightedAverageShsOutDil": 313000000,
    "link": "https://www.sec.gov/Archives/edgar/data/1510295/000151029525000039/0001510295-25-000039-index.htm",
    "finalLink": "https://www.sec.gov/Archives/edgar/data/1510295/000151029525000039/mpc-20250331.htm"
  },
  {
    "date": "2024-12-31",
    "symbol": "MPC",
    "reportedCurrency": "USD",
    "cik": "0001510295",
    "fillingDate": "2025-02-27",
    "acceptedDate": "2025-02-27 12:01:38",
    "calendarYear": "2024",
    "period": "Q4",
    "revenue": 33067000000,
    "costOfRevenue": 31372000000,
    "grossProfit": 1695000000,
    "grossProfitRatio": 0.0512595639,
    "researchAndDevelopmentExpenses": 0,
    "generalAndAdministrativeExpenses": 0,
    "sellingAndMarketingExpenses": 0,
    "sellingGeneralAndAdministrativeExpenses": 804000000,
    "otherExpenses": 0,
    "operatingExpenses": 804000000,
    "costAndExpenses": 32176000000,
    "interestIncome": 69000000,
    "interestExpense": 322000000,
    "depreciationAndAmortization": 826000000,
    "ebitda": 2044000000,
    "ebitdaratio": 0.061813893,
    "operatingIncome": 891000000,
    "operatingIncomeRatio": 0.0269452929,
    "totalOtherIncomeExpensesNet": 5000000,
    "incomeBeforeTax": 896000000,
    "incomeBeforeTaxRatio": 0.027096501,
    "incomeTaxExpense": 111000000,
    "netIncome": 370000000,
    "netIncomeRatio": 0.0111894033,
    "eps": 1.1562,
    "epsdiluted": 1.1558,
    "weightedAverageShsOut": 320000000,
    "weightedAverageShsOutDil": 321000000,
    "link": "https://www.sec.gov/Archives/edgar/data/1510295/000151029525000012/0001510295-25-000012-index.htm",
    "finalLink": "https://www.sec.gov/Archives/edgar/data/1510295/000151029525000012/mpc-20241231.htm"
  },
  {
    "date": "2024-09-30",
    "symbol": "MPC",
    "reportedCurrency": "USD",
    "cik": "0001510295",
    "fillingDate": "2024-11-05",
    "acceptedDate": "2024-11-05 13:31:29",
    "calendarYear": "2024",
    "period": "Q3",
    "revenue": 34933000000,
    "costOfRevenue": 33028000000,
    "grossProfit": 1905000000,
    "grossProfitRatio": 0.0545329631,
    "researchAndDevelopmentExpenses": 0,
    "generalAndAdministrativeExpenses": 0,
    "sellingAndMarketingExpenses": 0,
    "sellingGeneralAndAdministrativeExpenses": 815000000,
    "otherExpenses": 0,
    "operatingExpenses": 815000000,
    "costAndExpenses": 33843000000,
    "interestIncome": 122000000,
    "interestExpense": 351000000,
    "depreciationAndAmortization": 846000000,
    "ebitda": 2325000000,
    "ebitdaratio": 0.0665559786,
    "operatingIncome": 1090000000,
    "operatingIncomeRatio": 0.0312025878,
    "totalOtherIncomeExpensesNet": 38000000,
    "incomeBeforeTax": 1128000000,
    "incomeBeforeTaxRatio": 0.0322903845,
    "incomeTaxExpense": 113000000,
    "netIncome": 622000000,
    "netIncomeRatio": 0.0178055134,
    "eps": 1.8792,
    "epsdiluted": 1.8735,
    "weightedAverageShsOut": 331000000,
    "weightedAverageShsOutDil": 332000000,
    "link": "https://www.sec.gov/Archives/edgar/data/1510295/000151029524000079/0001510295-24-000079-index.htm",
    "finalLink": "https://www.sec.gov/Archives/edgar/data/1510295/000151029524000079/mpc-20240930.htm"
  },
  {
    "date": "2024-06-30",
    "symbol": "MPC",
    "reportedCurrency": "USD",
    "cik": "0001510295",
    "fillingDate": "2024-08-06",
    "acceptedDate": "2024-08-06 13:45:11",
    "calendarYear": "2024",
    "period": "Q2",
    "revenue": 37758000000,
    "costOfRevenue": 34737000000,
    "grossProfit": 3021000000,
    "grossProfitRatio": 0.0800095344,
    "researchAndDevelopmentExpenses": 0,
    "generalAndAdministrativeExpenses": 0,
    "sellingAndMarketingExpenses": 0,
    "sellingGeneralAndAdministrativeExpenses": 823000000,
    "otherExpenses": 0,
    "operatingExpenses": 823000000,
    "costAndExpenses": 35560000000,
    "interestIncome": 136000000,
    "interestExpense": 341000000,
    "depreciationAndAmortization": 838000000,
    "ebitda": 3507000000,
    "ebitdaratio": 0.0928809789,
    "operatingIncome": 2198000000,
    "operatingIncomeRatio": 0.0582128291,
    "totalOtherIncomeExpensesNet": 130000000,
    "incomeBeforeTax": 2328000000,
    "incomeBeforeTaxRatio": 0.061655808,
    "incomeTaxExpense": 373000000,
    "netIncome": 1514000000,
    "netIncomeRatio": 0.0400974628,
    "eps": 4.3381,
    "epsdiluted": 4.3257,
    "weightedAverageShsOut": 349000000,
    "weightedAverageShsOutDil": 350000000,
    "link": "https://www.sec.gov/Archives/edgar/data/1510295/000151029524000068/0001510295-24-000068-index.htm",
    "finalLink": "https://www.sec.gov/Archives/edgar/data/1510295/000151029524000068/mpc-20240630.htm"
  },
  {
    "date": "2024-03-31",
    "symbol": "MPC",
    "reportedCurrency": "USD",
    "cik": "0001510295",
    "fillingDate": "2024-04-30",
    "acceptedDate": "2024-04-30 13:01:56",
    "calendarYear": "2024",
    "period": "Q1",
    "revenue": 32759000000,
    "costOfRevenue": 30346000000,
    "grossProfit": 2413000000,
    "grossProfitRatio": 0.0736591471,
    "researchAndDevelopmentExpenses": 0,
    "generalAndAdministrativeExpenses": 0,
    "sellingAndMarketingExpenses": 0,
    "sellingGeneralAndAdministrativeExpenses": 779000000,
    "otherExpenses": 0,
    "operatingExpenses": 779000000,
    "costAndExpenses": 31125000000,
    "interestIncome": 140000000,
    "interestExpense": 330000000,
    "depreciationAndAmortization": 827000000,
    "ebitda": 2762000000,
    "ebitdaratio": 0.084312708,
    "operatingIncome": 1634000000,
    "operatingIncomeRatio": 0.0498794224,
    "totalOtherIncomeExpensesNet": -29000000,
    "incomeBeforeTax": 1605000000,
    "incomeBeforeTaxRatio": 0.0489941695,
    "incomeTaxExpense": 293000000,
    "netIncome": 936000000,
    "netIncomeRatio": 0.0285723007,
    "eps": 2.5928,
    "epsdiluted": 2.5856,
    "weightedAverageShsOut": 361000000,
    "weightedAverageShsOutDil": 362000000,
    "link": "https://www.sec.gov/Archives/edgar/data/1510295/000151029524000047/0001510295-24-000047-index.htm",
    "finalLink": "https://www.sec.gov/Archives/edgar/data/1510295/000151029524000047/mpc-20240331.htm"
  },
  {
    "date": "2023-12-31",
    "symbol": "MPC",
    "reportedCurrency": "USD",
    "cik": "0001510295",
    "fillingDate": "2024-02-28",
    "acceptedDate": "2024-02-28 14:31:30",
    "calendarYear": "2023",
    "period": "Q4",
    "revenue": 36338000000,
    "costOfRevenue": 33334000000,
    "grossProfit": 3004000000,
    "grossProfitRatio": 0.0826682811,
    "researchAndDevelopmentExpenses": 0,
    "generalAndAdministrativeExpenses": 0,
    "sellingAndMarketingExpenses": 0,
    "sellingGeneralAndAdministrativeExpenses": 820000000,
    "otherExpenses": 0,
    "operatingExpenses": 820000000,
    "costAndExpenses": 34154000000,
    "interestIncome": 191000000,
    "interestExpense": 323000000,
    "depreciationAndAmortization": 828000000,
    "ebitda": 3435000000,
    "ebitdaratio": 0.094529143,
    "operatingIncome": 2184000000,
    "operatingIncomeRatio": 0.0601023722,
    "totalOtherIncomeExpensesNet": 100000000,
    "incomeBeforeTax": 2284000000,
    "incomeBeforeTaxRatio": 0.0628543123,
    "incomeTaxExpense": 407000000,
    "netIncome": 1449000000,
    "netIncomeRatio": 0.0398756123,
    "eps": 3.8537,
    "epsdiluted": 3.8435,
    "weightedAverageShsOut": 376000000,
    "weightedAverageShsOutDil": 377000000,
    "link": "https://www.sec.gov/Archives/edgar/data/1510295/000151029524000015/0001510295-24-000015-index.htm",
    "finalLink": "https://www.sec.gov/Archives/edgar/data/1510295/000151029524000015/mpc-20231231.htm"
  },
  {
    "date": "2023-09-30",
    "symbol": "MPC",
    "reportedCurrency": "USD",
    "cik": "0001510295",
    "fillingDate": "2023-10-31",
    "acceptedDate": "2023-10-31 13:01:35",
    "calendarYear": "2023",
    "period": "Q3",
    "revenue": 41029000000,
    "costOfRevenue": 35936000000,
    "grossProfit": 5093000000,
    "grossProfitRatio": 0.1241317117,
    "researchAndDevelopmentExpenses": 0,
    "generalAndAdministrativeExpenses": 0,
    "sellingAndMarketingExpenses": 0,
    "sellingGeneralAndAdministrativeExpenses": 824000000,
    "otherExpenses": 0,
    "operatingExpenses": 824000000,
    "costAndExpenses": 36760000000,
    "interestIncome": 182000000,
    "interestExpense": 320000000,
    "depreciationAndAmortization": 845000000,
    "ebitda": 5800000000,
    "ebitdaratio": 0.1413634259,
    "operatingIncome": 4269000000,
    "operatingIncomeRatio": 0.104048356,
    "totalOtherIncomeExpensesNet": 366000000,
    "incomeBeforeTax": 4635000000,
    "incomeBeforeTaxRatio": 0.1129688757,
    "incomeTaxExpense": 1004000000,
    "netIncome": 3278000000,
    "netIncomeRatio": 0.0798947086,
    "eps": 8.3198,
    "epsdiluted": 8.2778,
    "weightedAverageShsOut": 394000000,
    "weightedAverageShsOutDil": 396000000,
    "link": "https://www.sec.gov/Archives/edgar/data/1510295/000151029523000078/0001510295-23-000078-index.htm",
    "finalLink": "https://www.sec.gov/Archives/edgar/data/1510295/000151029523000078/mpc-20230930.htm"
  },
  {
    "date": "2023-06-30",
    "symbol": "MPC",
    "reportedCurrency": "USD",
    "cik": "0001510295",
    "fillingDate": "2023-08-01",
    "acceptedDate": "2023-08-01 13:00:10",
    "calendarYear": "2023",
    "period": "Q2",
    "revenue": 36385000000,
    "costOfRevenue": 32549000000,
    "grossProfit": 3836000000,
    "grossProfitRatio": 0.105428061,
    "researchAndDevelopmentExpenses": 0,
    "generalAndAdministrativeExpenses": 0,
    "sellingAndMarketingExpenses": 0,
    "sellingGeneralAndAdministrativeExpenses": 704000000,
    "otherExpenses": 0,
    "operatingExpenses": 704000000,
    "costAndExpenses": 33253000000,
    "interestIncome": 150000000,
    "interestExpense": 317000000,
    "depreciationAndAmortization": 834000000,
    "ebitda": 4314000000,
    "ebitdaratio": 0.1185653429,
    "operatingIncome": 3132000000,
    "operatingIncomeRatio": 0.0860794283,
    "totalOtherIncomeExpensesNet": 31000000,
    "incomeBeforeTax": 3163000000,
    "incomeBeforeTaxRatio": 0.0869314278,
    "incomeTaxExpense": 583000000,
    "netIncome": 2225000000,
    "netIncomeRatio": 0.0611515735,
    "eps": 5.3381,
    "epsdiluted": 5.3126,
    "weightedAverageShsOut": 417000000,
    "weightedAverageShsOutDil": 419000000,
    "link": "https://www.sec.gov/Archives/edgar/data/1510295/000151029523000069/0001510295-23-000069-index.htm",
    "finalLink": "https://www.sec.gov/Archives/edgar/data/1510295/000151029523000069/mpc-20230630.htm"
  },
  {
    "date": "2023-03-31",
    "symbol": "MPC",
    "reportedCurrency": "USD",
    "cik": "0001510295",
    "fillingDate": "2023-05-02",
    "acceptedDate": "2023-05-02 13:01:45",
    "calendarYear": "2023",
    "period": "Q1",
    "revenue": 34707000000,
    "costOfRevenue": 30033000000,
    "grossProfit": 4674000000,
    "grossProfitRatio": 0.1346702394,
    "researchAndDevelopmentExpenses": 0,
    "generalAndAdministrativeExpenses": 0,
    "sellingAndMarketingExpenses": 0,
    "sellingGeneralAndAdministrativeExpenses": 691000000,
    "otherExpenses": 0,
    "operatingExpenses": 691000000,
    "costAndExpenses": 30724000000,
    "interestIncome": 149000000,
    "interestExpense": 317000000,
    "depreciationAndAmortization": 800000000,
    "ebitda": 5024000000,
    "ebitdaratio": 0.1447546604,
    "operatingIncome": 3983000000,
    "operatingIncomeRatio": 0.1147607111,
    "totalOtherIncomeExpensesNet": -76000000,
    "incomeBeforeTax": 3907000000,
    "incomeBeforeTaxRatio": 0.1125709511,
    "incomeTaxExpense": 823000000,
    "netIncome": 2722000000,
    "netIncomeRatio": 0.0784279828,
    "eps": 6.1351,
    "epsdiluted": 6.094,
    "weightedAverageShsOut": 444000000,
    "weightedAverageShsOutDil": 447000000,
    "link": "https://www.sec.gov/Archives/edgar/data/1510295/000151029523000047/0001510295-23-000047-index.htm",
    "finalLink": "https://www.sec.gov/Archives/edgar/data/1510295/000151029523000047/mpc-20230331.htm"
  },
  {
    "date": "2022-12-31",
    "symbol": "MPC",
    "reportedCurrency": "USD",
    "cik": "0001510295",
    "fillingDate": "2023-02-23",
    "acceptedDate": "2023-02-23 13:32:52",
    "calendarYear": "2022",
    "period": "Q4",
    "revenue": 39700000000,
    "costOfRevenue": 34362000000,
    "grossProfit": 5338000000,
    "grossProfitRatio": 0.1344584383,
    "researchAndDevelopmentExpenses": 0,
    "generalAndAdministrativeExpenses": 0,
    "sellingAndMarketingExpenses": 0,
    "sellingGeneralAndAdministrativeExpenses": 763000000,
    "otherExpenses": 0,
    "operatingExpenses": 763000000,
    "costAndExpenses": 35125000000,
    "interestIncome": 139000000,
    "interestExpense": 324000000,
    "depreciationAndAmortization": 797000000,
    "ebitda": 5674000000,
    "ebitdaratio": 0.1429219144,
    "operatingIncome": 4575000000,
    "operatingIncomeRatio": 0.1152392947,
    "totalOtherIncomeExpensesNet": -22000000,
    "incomeBeforeTax": 4553000000,
    "incomeBeforeTaxRatio": 0.1146851385,
    "incomeTaxExpense": 984000000,
    "netIncome": 3319000000,
    "netIncomeRatio": 0.0836020151,
    "eps": 7.1376,
    "epsdiluted": 7.0919,
    "weightedAverageShsOut": 465000000,
    "weightedAverageShsOutDil": 468000000,
    "link": "https://www.sec.gov/Archives/edgar/data/1510295/000151029523000012/0001510295-23-000012-index.htm",
    "finalLink": "https://www.sec.gov/Archives/edgar/data/1510295/000151029523000012/mpc-20221231.htm"
  },
  {
    "date": "2022-09-30",
    "symbol": "MPC",
    "reportedCurrency": "USD",
    "cik": "0001510295",
    "fillingDate": "2022-11-01",
    "acceptedDate": "2022-11-01 13:01:48",
    "calendarYear": "2022",
    "period": "Q3",
    "revenue": 45782000000,
    "costOfRevenue": 39397000000,
    "grossProfit": 6385000000,
    "grossProfitRatio": 0.139465292,
    "researchAndDevelopmentExpenses": 0,
    "generalAndAdministrativeExpenses": 0,
    "sellingAndMarketingExpenses": 0,
    "sellingGeneralAndAdministrativeExpenses": 712000000,
    "otherExpenses": 0,
    "operatingExpenses": 712000000,
    "costAndExpenses": 40109000000,
    "interestIncome": 59000000,
    "interestExpense": 306000000,
    "depreciationAndAmortization": 794000000,
    "ebitda": 7546000000,
    "ebitdaratio": 0.1648246036,
    "operatingIncome": 5673000000,
    "operatingIncomeRatio": 0.1239133284,
    "totalOtherIncomeExpensesNet": 773000000,
    "incomeBeforeTax": 6446000000,
    "incomeBeforeTaxRatio": 0.1407976934,
    "incomeTaxExpense": 1426000000,
    "netIncome": 4477000000,
    "netIncomeRatio": 0.0977895243,
    "eps": 9.1181,
    "epsdiluted": 9.0628,
    "weightedAverageShsOut": 491000000,
    "weightedAverageShsOutDil": 494000000,
    "link": "https://www.sec.gov/Archives/edgar/data/1510295/000151029522000077/0001510295-22-000077-index.htm",
    "finalLink": "https://www.sec.gov/Archives/edgar/data/1510295/000151029522000077/mpc-20220930.htm"
  },
  {
    "date": "2022-06-30",
    "symbol": "MPC",
    "reportedCurrency": "USD",
    "cik": "0001510295",
    "fillingDate": "2022-08-02",
    "acceptedDate": "2022-08-02 13:01:39",
    "calendarYear": "2022",
    "period": "Q2",
    "revenue": 53862000000,
    "costOfRevenue": 45046000000,
    "grossProfit": 8816000000,
    "grossProfitRatio": 0.1636775463,
    "researchAndDevelopmentExpenses": 0,
    "generalAndAdministrativeExpenses": 0,
    "sellingAndMarketingExpenses": 0,
    "sellingGeneralAndAdministrativeExpenses": 694000000,
    "otherExpenses": 0,
    "operatingExpenses": 694000000,
    "costAndExpenses": 45740000000,
    "interestIncome": 18000000,
    "interestExpense": 298000000,
    "depreciationAndAmortization": 819000000,
    "ebitda": 9133000000,
    "ebitdaratio": 0.1695629572,
    "operatingIncome": 8122000000,
    "operatingIncomeRatio": 0.1507927667,
    "totalOtherIncomeExpensesNet": -106000000,
    "incomeBeforeTax": 8016000000,
    "incomeBeforeTaxRatio": 0.1488247744,
    "incomeTaxExpense": 1799000000,
    "netIncome": 5873000000,
    "netIncomeRatio": 0.1090379117,
    "eps": 11.0395,
    "epsdiluted": 10.9571,
    "weightedAverageShsOut": 532000000,
    "weightedAverageShsOutDil": 536000000,
    "link": "https://www.sec.gov/Archives/edgar/data/1510295/000151029522000063/0001510295-22-000063-index.htm",
    "finalLink": "https://www.sec.gov/Archives/edgar/data/1510295/000151029522000063/mpc-20220630.htm"
  },
  {
    "date": "2022-03-31",
    "symbol": "MPC",
    "reportedCurrency": "USD",
    "cik": "0001510295",
    "fillingDate": "2022-05-03",
    "acceptedDate": "2022-05-03 14:59:31",
    "calendarYear": "2022",
    "period": "Q1",
    "revenue": 38068000000,
    "costOfRevenue": 35536000000,
    "grossProfit": 2532000000,
    "grossProfitRatio": 0.0665125565,
    "researchAndDevelopmentExpenses": 0,
    "generalAndAdministrativeExpenses": 0,
    "sellingAndMarketingExpenses": 0,
    "sellingGeneralAndAdministrativeExpenses": 603000000,
    "otherExpenses": 0,
    "operatingExpenses": 603000000,
    "costAndExpenses": 36139000000,
    "interestIncome": 5000000,
    "interestExpense": 288000000,
    "depreciationAndAmortization": 805000000,
    "ebitda": 2547000000,
    "ebitdaratio": 0.0669065882,
    "operatingIncome": 1929000000,
    "operatingIncomeRatio": 0.0506724808,
    "totalOtherIncomeExpensesNet": -475000000,
    "incomeBeforeTax": 1454000000,
    "incomeBeforeTaxRatio": 0.0381948093,
    "incomeTaxExpense": 282000000,
    "netIncome": 845000000,
    "netIncomeRatio": 0.0221971209,
    "eps": 1.4982,
    "epsdiluted": 1.4877,
    "weightedAverageShsOut": 564000000,
    "weightedAverageShsOutDil": 570000000,
    "link": "https://www.sec.gov/Archives/edgar/data/1510295/000151029522000039/0001510295-22-000039-index.htm",
    "finalLink": "https://www.sec.gov/Archives/edgar/data/1510295/000151029522000039/mpc-20220331.htm"
  },
  {
    "date": "2021-12-31",
    "symbol": "MPC",
    "reportedCurrency": "USD",
    "cik": "0001510295",
    "fillingDate": "2022-02-24",
    "acceptedDate": "2022-02-24 13:07:50",
    "calendarYear": "2021",
    "period": "Q4",
    "revenue": 35274000000,
    "costOfRevenue": 33015000000,
    "grossProfit": 2259000000,
    "grossProfitRatio": 0.0640415037,
    "researchAndDevelopmentExpenses": 0,
    "generalAndAdministrativeExpenses": 0,
    "sellingAndMarketingExpenses": 0,
    "sellingGeneralAndAdministrativeExpenses": 656000000,
    "otherExpenses": 0,
    "operatingExpenses": 656000000,
    "costAndExpenses": 33671000000,
    "interestIncome": 6000000,
    "interestExpense": 305000000,
    "depreciationAndAmortization": 813000000,
    "ebitda": 2466000000,
    "ebitdaratio": 0.0699098486,
    "operatingIncome": 1603000000,
    "operatingIncomeRatio": 0.0454442365,
    "totalOtherIncomeExpensesNet": -255000000,
    "incomeBeforeTax": 1348000000,
    "incomeBeforeTaxRatio": 0.0382151159,
    "incomeTaxExpense": 243000000,
    "netIncome": 773000000,
    "netIncomeRatio": 0.0219141577,
    "eps": 1.2777,
    "epsdiluted": 1.2693,
    "weightedAverageShsOut": 606606597,
    "weightedAverageShsOutDil": 609000000,
    "link": "https://www.sec.gov/Archives/edgar/data/1510295/000151029522000011/0001510295-22-000011-index.htm",
    "finalLink": "https://www.sec.gov/Archives/edgar/data/1510295/000151029522000011/mpc-20211231.htm"
  },
  {
    "date": "2021-09-30",
    "symbol": "MPC",
    "reportedCurrency": "USD",
    "cik": "0001510295",
    "fillingDate": "2021-11-02",
    "acceptedDate": "2021-11-02 13:11:26",
    "calendarYear": "2021",
    "period": "Q3",
    "revenue": 32317000000,
    "costOfRevenue": 30259000000,
    "grossProfit": 2058000000,
    "grossProfitRatio": 0.0636816536,
    "researchAndDevelopmentExpenses": 0,
    "generalAndAdministrativeExpenses": 0,
    "sellingAndMarketingExpenses": 0,
    "sellingGeneralAndAdministrativeExpenses": 681000000,
    "otherExpenses": 0,
    "operatingExpenses": 681000000,
    "costAndExpenses": 30940000000,
    "interestIncome": 5000000,
    "interestExpense": 323000000,
    "depreciationAndAmortization": 823000000,
    "ebitda": 2158000000,
    "ebitdaratio": 0.0667760002,
    "operatingIncome": 1377000000,
    "operatingIncomeRatio": 0.0426091531,
    "totalOtherIncomeExpensesNet": -365000000,
    "incomeBeforeTax": 1012000000,
    "incomeBeforeTaxRatio": 0.0313147879,
    "incomeTaxExpense": -18000000,
    "netIncome": 694000000,
    "netIncomeRatio": 0.0214747656,
    "eps": 1.0964,
    "epsdiluted": 1.0895,
    "weightedAverageShsOut": 636697247,
    "weightedAverageShsOutDil": 637000000,
    "link": "https://www.sec.gov/Archives/edgar/data/1510295/000151029521000127/0001510295-21-000127-index.htm",
    "finalLink": "https://www.sec.gov/Archives/edgar/data/1510295/000151029521000127/mpc-20210930.htm"
  },
  {
    "date": "2021-06-30",
    "symbol": "MPC",
    "reportedCurrency": "USD",
    "cik": "0001510295",
    "fillingDate": "2021-08-04",
    "acceptedDate": "2021-08-04 13:08:33",
    "calendarYear": "2021",
    "period": "Q2",
    "revenue": 29550000000,
    "costOfRevenue": 27798000000,
    "grossProfit": 1752000000,
    "grossProfitRatio": 0.0592893401,
    "researchAndDevelopmentExpenses": 0,
    "generalAndAdministrativeExpenses": 0,
    "sellingAndMarketingExpenses": 0,
    "sellingGeneralAndAdministrativeExpenses": 625000000,
    "otherExpenses": 0,
    "operatingExpenses": 625000000,
    "costAndExpenses": 28423000000,
    "interestIncome": 2000000,
    "interestExpense": 318000000,
    "depreciationAndAmortization": 828000000,
    "ebitda": 1739000000,
    "ebitdaratio": 0.0588494078,
    "operatingIncome": 1127000000,
    "operatingIncomeRatio": 0.0381387479,
    "totalOtherIncomeExpensesNet": -534000000,
    "incomeBeforeTax": 593000000,
    "incomeBeforeTaxRatio": 0.0200676819,
    "incomeTaxExpense": 5000000,
    "netIncome": 492000000,
    "netIncomeRatio": 0.0166497462,
    "eps": 0.7569,
    "epsdiluted": 0.7523,
    "weightedAverageShsOut": 654000000,
    "weightedAverageShsOutDil": 662222222,
    "link": "https://www.sec.gov/Archives/edgar/data/1510295/000151029521000114/0001510295-21-000114-index.htm",
    "finalLink": "https://www.sec.gov/Archives/edgar/data/1510295/000151029521000114/mpc-20210630.htm"
  },
  {
    "date": "2021-03-31",
    "symbol": "MPC",
    "reportedCurrency": "USD",
    "cik": "0001510295",
    "fillingDate": "2021-05-06",
    "acceptedDate": "2021-05-06 13:06:20",
    "calendarYear": "2021",
    "period": "Q1",
    "revenue": 22636000000,
    "costOfRevenue": 21858000000,
    "grossProfit": 778000000,
    "grossProfitRatio": 0.03437003,
    "researchAndDevelopmentExpenses": 0,
    "generalAndAdministrativeExpenses": 0,
    "sellingAndMarketingExpenses": 0,
    "sellingGeneralAndAdministrativeExpenses": 575000000,
    "otherExpenses": 0,
    "operatingExpenses": 575000000,
    "costAndExpenses": 22433000000,
    "interestIncome": 1000000,
    "interestExpense": 354000000,
    "depreciationAndAmortization": 844000000,
    "ebitda": 1062000000,
    "ebitdaratio": 0.0469164163,
    "operatingIncome": 203000000,
    "operatingIncomeRatio": 0.0089680156,
    "totalOtherIncomeExpensesNet": -339000000,
    "incomeBeforeTax": -136000000,
    "incomeBeforeTaxRatio": -0.0060081286,
    "incomeTaxExpense": 34000000,
    "netIncome": -242000000,
    "netIncomeRatio": -0.0106909348,
    "eps": -0.3717,
    "epsdiluted": -0.3717,
    "weightedAverageShsOut": 651000000,
    "weightedAverageShsOutDil": 651000708,
    "link": "https://www.sec.gov/Archives/edgar/data/1510295/000151029521000070/0001510295-21-000070-index.htm",
    "finalLink": "https://www.sec.gov/Archives/edgar/data/1510295/000151029521000070/mpc-20210331.htm"
  },
  {
    "date": "2020-12-31",
    "symbol": "MPC",
    "reportedCurrency": "USD",
    "cik": "0001510295",
    "fillingDate": "2021-02-26",
    "acceptedDate": "2021-02-26 08:25:25",
    "calendarYear": "2020",
    "period": "Q4",
    "revenue": 17904000000,
    "costOfRevenue": 18098000000,
    "grossProfit": -194000000,
    "grossProfitRatio": -0.0108355675,
    "researchAndDevelopmentExpenses": 0,
    "generalAndAdministrativeExpenses": 0,
    "sellingAndMarketingExpenses": 0,
    "sellingGeneralAndAdministrativeExpenses": 714000000,
    "otherExpenses": 0,
    "operatingExpenses": 714000000,
    "costAndExpenses": 18812000000,
    "interestIncome": 0,
    "interestExpense": 333000000,
    "depreciationAndAmortization": 849000000,
    "ebitda": 1146000000,
    "ebitdaratio": 0.0640080429,
    "operatingIncome": -908000000,
    "operatingIncomeRatio": -0.050714924,
    "totalOtherIncomeExpensesNet": 965000000,
    "incomeBeforeTax": 57000000,
    "incomeBeforeTaxRatio": 0.0031836461,
    "incomeTaxExpense": -100000000,
    "netIncome": 191000000,
    "netIncomeRatio": 0.0106680071,
    "eps": 0.2938,
    "epsdiluted": 0.2938,
    "weightedAverageShsOut": 650000000,
    "weightedAverageShsOutDil": 650004875,
    "link": "https://www.sec.gov/Archives/edgar/data/1510295/000151029521000027/0001510295-21-000027-index.htm",
    "finalLink": "https://www.sec.gov/Archives/edgar/data/1510295/000151029521000027/mpc-20201231.htm"
  },
  {
    "date": "2020-09-30",
    "symbol": "MPC",
    "reportedCurrency": "USD",
    "cik": "0001510295",
    "fillingDate": "2020-11-06",
    "acceptedDate": "2020-11-06 08:02:28",
    "calendarYear": "2020",
    "period": "Q3",
    "revenue": 17252000000,
    "costOfRevenue": 17469000000,
    "grossProfit": -217000000,
    "grossProfitRatio": -0.0125782518,
    "researchAndDevelopmentExpenses": 0,
    "generalAndAdministrativeExpenses": 0,
    "sellingAndMarketingExpenses": 0,
    "sellingGeneralAndAdministrativeExpenses": 673000000,
    "otherExpenses": -530000000,
    "operatingExpenses": 143000000,
    "costAndExpenses": 17612000000,
    "interestIncome": 1000000,
    "interestExpense": 354000000,
    "depreciationAndAmortization": 830000000,
    "ebitda": -232000000,
    "ebitdaratio": -0.0134477162,
    "operatingIncome": -360000000,
    "operatingIncomeRatio": -0.0208671458,
    "totalOtherIncomeExpensesNet": -1056000000,
    "incomeBeforeTax": -1416000000,
    "incomeBeforeTaxRatio": -0.0820774403,
    "incomeTaxExpense": -436000000,
    "netIncome": -886000000,
    "netIncomeRatio": -0.0513563645,
    "eps": -1.3631,
    "epsdiluted": -1.3631,
    "weightedAverageShsOut": 650000000,
    "weightedAverageShsOutDil": 650000051,
    "link": "https://www.sec.gov/Archives/edgar/data/1510295/000151029520000108/0001510295-20-000108-index.htm",
    "finalLink": "https://www.sec.gov/Archives/edgar/data/1510295/000151029520000108/mpc-20200930x10q.htm"
  },
  {
    "date": "2020-06-30",
    "symbol": "MPC",
    "reportedCurrency": "USD",
    "cik": "0001510295",
    "fillingDate": "2020-08-03",
    "acceptedDate": "2020-08-03 16:17:20",
    "calendarYear": "2020",
    "period": "Q2",
    "revenue": 12056000000,
    "costOfRevenue": 12224000000,
    "grossProfit": -168000000,
    "grossProfitRatio": -0.0139349701,
    "researchAndDevelopmentExpenses": 0,
    "generalAndAdministrativeExpenses": 0,
    "sellingAndMarketingExpenses": 0,
    "sellingGeneralAndAdministrativeExpenses": 665000000,
    "otherExpenses": -1470000000,
    "operatingExpenses": -805000000,
    "costAndExpenses": 11419000000,
    "interestIncome": 2000000,
    "interestExpense": 344000000,
    "depreciationAndAmortization": 833000000,
    "ebitda": 1411000000,
    "ebitdaratio": 0.1170371599,
    "operatingIncome": 637000000,
    "operatingIncomeRatio": 0.0528367618,
    "totalOtherIncomeExpensesNet": -403000000,
    "incomeBeforeTax": 234000000,
    "incomeBeforeTaxRatio": 0.0194094227,
    "incomeTaxExpense": 150000000,
    "netIncome": 9000000,
    "netIncomeRatio": 0.0007465163,
    "eps": 0.0138,
    "epsdiluted": 0.0138,
    "weightedAverageShsOut": 650000000,
    "weightedAverageShsOutDil": 650001065,
    "link": "https://www.sec.gov/Archives/edgar/data/1510295/000151029520000083/0001510295-20-000083-index.htm",
    "finalLink": "https://www.sec.gov/Archives/edgar/data/1510295/000151029520000083/mpc-20200630x10q.htm"
  },
  {
    "date": "2020-03-31",
    "symbol": "MPC",
    "reportedCurrency": "USD",
    "cik": "0001510295",
    "fillingDate": "2020-05-07",
    "acceptedDate": "2020-05-07 09:10:37",
    "calendarYear": "2020",
    "period": "Q1",
    "revenue": 21945000000,
    "costOfRevenue": 21349000000,
    "grossProfit": 596000000,
    "grossProfitRatio": 0.0271588061,
    "researchAndDevelopmentExpenses": 0,
    "generalAndAdministrativeExpenses": 0,
    "sellingAndMarketingExpenses": 0,
    "sellingGeneralAndAdministrativeExpenses": 742000000,
    "otherExpenses": 3185000000,
    "operatingExpenses": 3927000000,
    "costAndExpenses": 25276000000,
    "interestIncome": 6000000,
    "interestExpense": 341000000,
    "depreciationAndAmortization": 863000000,
    "ebitda": -11283000000,
    "ebitdaratio": -0.5141490089,
    "operatingIncome": -3331000000,
    "operatingIncomeRatio": -0.1517885623,
    "totalOtherIncomeExpensesNet": -9156000000,
    "incomeBeforeTax": -12487000000,
    "incomeBeforeTaxRatio": -0.5690134427,
    "incomeTaxExpense": -1951000000,
    "netIncome": -9234000000,
    "netIncomeRatio": -0.4207792208,
    "eps": -14.25,
    "epsdiluted": -14.25,
    "weightedAverageShsOut": 648000000,
    "weightedAverageShsOutDil": 648000032,
    "link": "https://www.sec.gov/Archives/edgar/data/1510295/000151029520000066/0001510295-20-000066-index.htm",
    "finalLink": "https://www.sec.gov/Archives/edgar/data/1510295/000151029520000066/mpc-20200331x10q.htm"
  },
  {
    "date": "2019-12-31",
    "symbol": "MPC",
    "reportedCurrency": "USD",
    "cik": "0001510295",
    "fillingDate": "2020-02-28",
    "acceptedDate": "2020-02-28 16:23:56",
    "calendarYear": "2019",
    "period": "Q4",
    "revenue": 27837000000,
    "costOfRevenue": 25390000000,
    "grossProfit": 2447000000,
    "grossProfitRatio": 0.0879045874,
    "researchAndDevelopmentExpenses": 0,
    "generalAndAdministrativeExpenses": 0,
    "sellingAndMarketingExpenses": 0,
    "sellingGeneralAndAdministrativeExpenses": 773000000,
    "otherExpenses": 0,
    "operatingExpenses": 773000000,
    "costAndExpenses": 26163000000,
    "interestIncome": 10000000,
    "interestExpense": 309000000,
    "depreciationAndAmortization": 850000000,
    "ebitda": 1420000000,
    "ebitdaratio": 0.051011244,
    "operatingIncome": 1674000000,
    "operatingIncomeRatio": 0.0601357905,
    "totalOtherIncomeExpensesNet": -1413000000,
    "incomeBeforeTax": 261000000,
    "incomeBeforeTaxRatio": 0.0093760103,
    "incomeTaxExpense": 184000000,
    "netIncome": 443000000,
    "netIncomeRatio": 0.0159140712,
    "eps": 0.6923,
    "epsdiluted": 0.6869,
    "weightedAverageShsOut": 648000241,
    "weightedAverageShsOutDil": 653000000,
    "link": "https://www.sec.gov/Archives/edgar/data/1510295/000151029520000006/0001510295-20-000006-index.htm",
    "finalLink": "https://www.sec.gov/Archives/edgar/data/1510295/000151029520000006/mpc-20191231x10k.htm"
  },
  {
    "date": "2019-09-30",
    "symbol": "MPC",
    "reportedCurrency": "USD",
    "cik": "0001510295",
    "fillingDate": "2019-11-04",
    "acceptedDate": "2019-11-04 16:07:26",
    "calendarYear": "2019",
    "period": "Q3",
    "revenue": 27442000000,
    "costOfRevenue": 25156000000,
    "grossProfit": 2286000000,
    "grossProfitRatio": 0.0833029663,
    "researchAndDevelopmentExpenses": 0,
    "generalAndAdministrativeExpenses": 0,
    "sellingAndMarketingExpenses": 0,
    "sellingGeneralAndAdministrativeExpenses": 739000000,
    "otherExpenses": 0,
    "operatingExpenses": 739000000,
    "costAndExpenses": 25895000000,
    "interestIncome": 12000000,
    "interestExpense": 318000000,
    "depreciationAndAmortization": 761000000,
    "ebitda": 2447000000,
    "ebitdaratio": 0.0891698856,
    "operatingIncome": 1547000000,
    "operatingIncomeRatio": 0.0563734422,
    "totalOtherIncomeExpensesNet": -179000000,
    "incomeBeforeTax": 1368000000,
    "incomeBeforeTaxRatio": 0.049850594,
    "incomeTaxExpense": 255000000,
    "netIncome": 1095000000,
    "netIncomeRatio": 0.0399023395,
    "eps": 1.6692,
    "epsdiluted": 1.6591,
    "weightedAverageShsOut": 660000000,
    "weightedAverageShsOutDil": 662204724,
    "link": "https://www.sec.gov/Archives/edgar/data/1510295/000151029519000144/0001510295-19-000144-index.htm",
    "finalLink": "https://www.sec.gov/Archives/edgar/data/1510295/000151029519000144/mpc-20190930x10q.htm"
  },
  {
    "date": "2019-06-30",
    "symbol": "MPC",
    "reportedCurrency": "USD",
    "cik": "0001510295",
    "fillingDate": "2019-08-05",
    "acceptedDate": "2019-08-05 12:51:17",
    "calendarYear": "2019",
    "period": "Q2",
    "revenue": 33382000000,
    "costOfRevenue": 30555000000,
    "grossProfit": 2827000000,
    "grossProfitRatio": 0.0846863579,
    "researchAndDevelopmentExpenses": 0,
    "generalAndAdministrativeExpenses": 0,
    "sellingAndMarketingExpenses": 0,
    "sellingGeneralAndAdministrativeExpenses": 830000000,
    "otherExpenses": 0,
    "operatingExpenses": 830000000,
    "costAndExpenses": 31385000000,
    "interestIncome": 9000000,
    "interestExpense": 328000000,
    "depreciationAndAmortization": 886000000,
    "ebitda": 2934000000,
    "ebitdaratio": 0.0878916781,
    "operatingIncome": 1997000000,
    "operatingIncomeRatio": 0.0598226589,
    "totalOtherIncomeExpensesNet": -277000000,
    "incomeBeforeTax": 1241000000,
    "incomeBeforeTaxRatio": 0.0371757234,
    "incomeTaxExpense": 353000000,
    "netIncome": 1106000000,
    "netIncomeRatio": 0.0331316278,
    "eps": 1.6707,
    "epsdiluted": 1.6607,
    "weightedAverageShsOut": 666000000,
    "weightedAverageShsOutDil": 671463964,
    "link": "https://www.sec.gov/Archives/edgar/data/1510295/000151029519000108/0001510295-19-000108-index.htm",
    "finalLink": "https://www.sec.gov/Archives/edgar/data/1510295/000151029519000108/mpc-20190630x10q.htm"
  },
  {
    "date": "2019-03-31",
    "symbol": "MPC",
    "reportedCurrency": "USD",
    "cik": "0001510295",
    "fillingDate": "2019-05-09",
    "acceptedDate": "2019-05-09 12:14:29",
    "calendarYear": "2019",
    "period": "Q1",
    "revenue": 28122000000,
    "costOfRevenue": 26794000000,
    "grossProfit": 1328000000,
    "grossProfitRatio": 0.0472228149,
    "researchAndDevelopmentExpenses": 0,
    "generalAndAdministrativeExpenses": 0,
    "sellingAndMarketingExpenses": 0,
    "sellingGeneralAndAdministrativeExpenses": 776000000,
    "otherExpenses": 0,
    "operatingExpenses": 776000000,
    "costAndExpenses": 27570000000,
    "interestIncome": 9000000,
    "interestExpense": 318000000,
    "depreciationAndAmortization": 919000000,
    "ebitda": 1600000000,
    "ebitdaratio": 0.0568949577,
    "operatingIncome": 552000000,
    "operatingIncomeRatio": 0.0196287604,
    "totalOtherIncomeExpensesNet": -189000000,
    "incomeBeforeTax": 363000000,
    "incomeBeforeTaxRatio": 0.0129080435,
    "incomeTaxExpense": 104000000,
    "netIncome": -7000000,
    "netIncomeRatio": -0.0002489154,
    "eps": -0.0104,
    "epsdiluted": -0.0104,
    "weightedAverageShsOut": 673000000,
    "weightedAverageShsOutDil": 673012210,
    "link": "https://www.sec.gov/Archives/edgar/data/1510295/000151029519000051/0001510295-19-000051-index.htm",
    "finalLink": "https://www.sec.gov/Archives/edgar/data/1510295/000151029519000051/mpc-20190331x10q.htm"
  },
  {
    "date": "2018-12-31",
    "symbol": "MPC",
    "reportedCurrency": "USD",
    "cik": "0001510295",
    "fillingDate": "2019-02-28",
    "acceptedDate": "2019-02-28 14:17:56",
    "calendarYear": "2018",
    "period": "Q4",
    "revenue": 32192000000,
    "costOfRevenue": 28932000000,
    "grossProfit": 3260000000,
    "grossProfitRatio": 0.1012673956,
    "researchAndDevelopmentExpenses": 0,
    "generalAndAdministrativeExpenses": 0,
    "sellingAndMarketingExpenses": 0,
    "sellingGeneralAndAdministrativeExpenses": 1114000000,
    "otherExpenses": 0,
    "operatingExpenses": 1114000000,
    "costAndExpenses": 30046000000,
    "interestIncome": 16000000,
    "interestExpense": 335000000,
    "depreciationAndAmortization": 874000000,
    "ebitda": 2841000000,
    "ebitdaratio": 0.0882517396,
    "operatingIncome": 2146000000,
    "operatingIncomeRatio": 0.0666625249,
    "totalOtherIncomeExpensesNet": -514000000,
    "incomeBeforeTax": 1632000000,
    "incomeBeforeTaxRatio": 0.050695825,
    "incomeTaxExpense": 437000000,
    "netIncome": 951000000,
    "netIncomeRatio": 0.029541501,
    "eps": 1.3843,
    "epsdiluted": 1.3509,
    "weightedAverageShsOut": 704000000,
    "weightedAverageShsOutDil": 704326013,
    "link": "https://www.sec.gov/Archives/edgar/data/1510295/000151029519000014/0001510295-19-000014-index.htm",
    "finalLink": "https://www.sec.gov/Archives/edgar/data/1510295/000151029519000014/mpc-20181231x10k.htm"
  },
  {
    "date": "2018-09-30",
    "symbol": "MPC",
    "reportedCurrency": "USD",
    "cik": "0001510295",
    "fillingDate": "2018-11-05",
    "acceptedDate": "2018-11-05 10:33:55",
    "calendarYear": "2018",
    "period": "Q3",
    "revenue": 22909000000,
    "costOfRevenue": 21113000000,
    "grossProfit": 1796000000,
    "grossProfitRatio": 0.0783971365,
    "researchAndDevelopmentExpenses": 0,
    "generalAndAdministrativeExpenses": 0,
    "sellingAndMarketingExpenses": 0,
    "sellingGeneralAndAdministrativeExpenses": 441000000,
    "otherExpenses": 0,
    "operatingExpenses": 441000000,
    "costAndExpenses": 21554000000,
    "interestIncome": 26000000,
    "interestExpense": 221000000,
    "depreciationAndAmortization": 555000000,
    "ebitda": 1939000000,
    "ebitdaratio": 0.0846392248,
    "operatingIncome": 1355000000,
    "operatingIncomeRatio": 0.0591470601,
    "totalOtherIncomeExpensesNet": -192000000,
    "incomeBeforeTax": 1163000000,
    "incomeBeforeTaxRatio": 0.0507660745,
    "incomeTaxExpense": 222000000,
    "netIncome": 737000000,
    "netIncomeRatio": 0.0321707626,
    "eps": 1.6342,
    "epsdiluted": 1.6162,
    "weightedAverageShsOut": 454938271,
    "weightedAverageShsOutDil": 456000000,
    "link": "https://www.sec.gov/Archives/edgar/data/1510295/000151029518000215/0001510295-18-000215-index.htm",
    "finalLink": "https://www.sec.gov/Archives/edgar/data/1510295/000151029518000215/mpc-20180930x10q.htm"
  },
  {
    "date": "2018-06-30",
    "symbol": "MPC",
    "reportedCurrency": "USD",
    "cik": "0001510295",
    "fillingDate": "2018-08-06",
    "acceptedDate": "2018-08-06 10:04:14",
    "calendarYear": "2018",
    "period": "Q2",
    "revenue": 22241000000,
    "costOfRevenue": 20143000000,
    "grossProfit": 2098000000,
    "grossProfitRatio": 0.0943302909,
    "researchAndDevelopmentExpenses": 0,
    "generalAndAdministrativeExpenses": 0,
    "sellingAndMarketingExpenses": 0,
    "sellingGeneralAndAdministrativeExpenses": 414000000,
    "otherExpenses": 0,
    "operatingExpenses": 414000000,
    "costAndExpenses": 20557000000,
    "interestIncome": 25000000,
    "interestExpense": 220000000,
    "depreciationAndAmortization": 533000000,
    "ebitda": 2269000000,
    "ebitdaratio": 0.1020187941,
    "operatingIncome": 1684000000,
    "operatingIncomeRatio": 0.07571602,
    "totalOtherIncomeExpensesNet": -168000000,
    "incomeBeforeTax": 1516000000,
    "incomeBeforeTaxRatio": 0.0681624028,
    "incomeTaxExpense": 281000000,
    "netIncome": 1054000000,
    "netIncomeRatio": 0.0473899555,
    "eps": 2.3,
    "epsdiluted": 2.27,
    "weightedAverageShsOut": 464000000,
    "weightedAverageShsOutDil": 464317180,
    "link": "https://www.sec.gov/Archives/edgar/data/1510295/000151029518000135/0001510295-18-000135-index.htm",
    "finalLink": "https://www.sec.gov/Archives/edgar/data/1510295/000151029518000135/mpc-20180630x10q.htm"
  },
  {
    "date": "2018-03-31",
    "symbol": "MPC",
    "reportedCurrency": "USD",
    "cik": "0001510295",
    "fillingDate": "2018-04-30",
    "acceptedDate": "2018-04-30 14:29:40",
    "calendarYear": "2018",
    "period": "Q1",
    "revenue": 18794000000,
    "costOfRevenue": 18009000000,
    "grossProfit": 785000000,
    "grossProfitRatio": 0.0417686496,
    "researchAndDevelopmentExpenses": 0,
    "generalAndAdministrativeExpenses": 0,
    "sellingAndMarketingExpenses": 0,
    "sellingGeneralAndAdministrativeExpenses": 402000000,
    "otherExpenses": 0,
    "operatingExpenses": 402000000,
    "costAndExpenses": 18411000000,
    "interestIncome": 20000000,
    "interestExpense": 199000000,
    "depreciationAndAmortization": 528000000,
    "ebitda": 984000000,
    "ebitdaratio": 0.0523571353,
    "operatingIncome": 383000000,
    "operatingIncomeRatio": 0.0203788443,
    "totalOtherIncomeExpensesNet": -126000000,
    "incomeBeforeTax": 257000000,
    "incomeBeforeTaxRatio": 0.013674577,
    "incomeTaxExpense": 22000000,
    "netIncome": 37000000,
    "netIncomeRatio": 0.0019687134,
    "eps": 0.08,
    "epsdiluted": 0.08,
    "weightedAverageShsOut": 476000566,
    "weightedAverageShsOutDil": 480000000,
    "link": "https://www.sec.gov/Archives/edgar/data/1510295/000151029518000056/0001510295-18-000056-index.htm",
    "finalLink": "https://www.sec.gov/Archives/edgar/data/1510295/000151029518000056/mpc-20180331x10q.htm"
  },
  {
    "date": "2017-12-31",
    "symbol": "MPC",
    "reportedCurrency": "USD",
    "cik": "0001510295",
    "fillingDate": "2018-02-28",
    "acceptedDate": "2018-02-28 15:37:13",
    "calendarYear": "2017",
    "period": "Q4",
    "revenue": 21044000000,
    "costOfRevenue": 19515000000,
    "grossProfit": 1529000000,
    "grossProfitRatio": 0.0726572895,
    "researchAndDevelopmentExpenses": 0,
    "generalAndAdministrativeExpenses": 0,
    "sellingAndMarketingExpenses": 0,
    "sellingGeneralAndAdministrativeExpenses": 465000000,
    "otherExpenses": 0,
    "operatingExpenses": 465000000,
    "costAndExpenses": 19980000000,
    "interestIncome": 11000000,
    "interestExpense": 171000000,
    "depreciationAndAmortization": 540000000,
    "ebitda": 1670000000,
    "ebitdaratio": 0.0793575366,
    "operatingIncome": 1064000000,
    "operatingIncomeRatio": 0.0505607299,
    "totalOtherIncomeExpensesNet": -105000000,
    "incomeBeforeTax": 959000000,
    "incomeBeforeTaxRatio": 0.0455711842,
    "incomeTaxExpense": -1166000000,
    "netIncome": 2015000000,
    "netIncomeRatio": 0.0957517582,
    "eps": 4.1291,
    "epsdiluted": 4.0872,
    "weightedAverageShsOut": 492692020,
    "weightedAverageShsOutDil": 493000000,
    "link": "https://www.sec.gov/Archives/edgar/data/1510295/000151029518000024/0001510295-18-000024-index.htm",
    "finalLink": "https://www.sec.gov/Archives/edgar/data/1510295/000151029518000024/mpc-20171231x10k.htm"
  },
  {
    "date": "2017-09-30",
    "symbol": "MPC",
    "reportedCurrency": "USD",
    "cik": "0001510295",
    "fillingDate": "2017-10-30",
    "acceptedDate": "2017-10-30 11:42:27",
    "calendarYear": "2017",
    "period": "Q3",
    "revenue": 19196000000,
    "costOfRevenue": 17298000000,
    "grossProfit": 1898000000,
    "grossProfitRatio": 0.0988747656,
    "researchAndDevelopmentExpenses": 0,
    "generalAndAdministrativeExpenses": 0,
    "sellingAndMarketingExpenses": 0,
    "sellingGeneralAndAdministrativeExpenses": 411000000,
    "otherExpenses": 0,
    "operatingExpenses": 411000000,
    "costAndExpenses": 17709000000,
    "interestIncome": 7000000,
    "interestExpense": 164000000,
    "depreciationAndAmortization": 517000000,
    "ebitda": 2100000000,
    "ebitdaratio": 0.1093977912,
    "operatingIncome": 1487000000,
    "operatingIncomeRatio": 0.077464055,
    "totalOtherIncomeExpensesNet": -68000000,
    "incomeBeforeTax": 1419000000,
    "incomeBeforeTaxRatio": 0.0739216503,
    "incomeTaxExpense": 415000000,
    "netIncome": 903000000,
    "netIncomeRatio": 0.0470410502,
    "eps": 1.7917,
    "epsdiluted": 1.7776,
    "weightedAverageShsOut": 508000000,
    "weightedAverageShsOutDil": 510169491,
    "link": "https://www.sec.gov/Archives/edgar/data/1510295/000151029517000098/0001510295-17-000098-index.htm",
    "finalLink": "https://www.sec.gov/Archives/edgar/data/1510295/000151029517000098/mpc-20170930x10q.htm"
  },
  {
    "date": "2017-06-30",
    "symbol": "MPC",
    "reportedCurrency": "USD",
    "cik": "0001510295",
    "fillingDate": "2017-08-03",
    "acceptedDate": "2017-08-03 06:31:59",
    "calendarYear": "2017",
    "period": "Q2",
    "revenue": 16334000000,
    "costOfRevenue": 14841000000,
    "grossProfit": 1493000000,
    "grossProfitRatio": 0.0914044325,
    "researchAndDevelopmentExpenses": 0,
    "generalAndAdministrativeExpenses": 0,
    "sellingAndMarketingExpenses": 0,
    "sellingGeneralAndAdministrativeExpenses": 485000000,
    "otherExpenses": -115000000,
    "operatingExpenses": 600000000,
    "costAndExpenses": 15441000000,
    "interestIncome": 4000000,
    "interestExpense": 162000000,
    "depreciationAndAmortization": 521000000,
    "ebitda": 1507000000,
    "ebitdaratio": 0.0922615403,
    "operatingIncome": 893000000,
    "operatingIncomeRatio": 0.0546712379,
    "totalOtherIncomeExpensesNet": -69000000,
    "incomeBeforeTax": 824000000,
    "incomeBeforeTaxRatio": 0.0504469205,
    "incomeTaxExpense": 250000000,
    "netIncome": 483000000,
    "netIncomeRatio": 0.0295702216,
    "eps": 0.94,
    "epsdiluted": 0.93,
    "weightedAverageShsOut": 517000000,
    "weightedAverageShsOutDil": 519354838,
    "link": "https://www.sec.gov/Archives/edgar/data/1510295/000151029517000085/0001510295-17-000085-index.htm",
    "finalLink": "https://www.sec.gov/Archives/edgar/data/1510295/000151029517000085/mpc-20170630x10q.htm"
  },
  {
    "date": "2017-03-31",
    "symbol": "MPC",
    "reportedCurrency": "USD",
    "cik": "0001510295",
    "fillingDate": "2017-05-01",
    "acceptedDate": "2017-05-01 11:02:09",
    "calendarYear": "2017",
    "period": "Q1",
    "revenue": 14502000000,
    "costOfRevenue": 13779000000,
    "grossProfit": 723000000,
    "grossProfitRatio": 0.0498551924,
    "researchAndDevelopmentExpenses": 0,
    "generalAndAdministrativeExpenses": 0,
    "sellingAndMarketingExpenses": 0,
    "sellingGeneralAndAdministrativeExpenses": 389000000,
    "otherExpenses": -108000000,
    "operatingExpenses": 497000000,
    "costAndExpenses": 14276000000,
    "interestIncome": 5000000,
    "interestExpense": 155000000,
    "depreciationAndAmortization": 536000000,
    "ebitda": 833000000,
    "ebitdaratio": 0.0574403531,
    "operatingIncome": 226000000,
    "operatingIncomeRatio": 0.0155840574,
    "totalOtherIncomeExpensesNet": -84000000,
    "incomeBeforeTax": 142000000,
    "incomeBeforeTaxRatio": 0.0097917529,
    "incomeTaxExpense": 41000000,
    "netIncome": 30000000,
    "netIncomeRatio": 0.0020686802,
    "eps": 0.06,
    "epsdiluted": 0.06,
    "weightedAverageShsOut": 525007875,
    "weightedAverageShsOutDil": 530000000,
    "link": "https://www.sec.gov/Archives/edgar/data/1510295/000151029517000052/0001510295-17-000052-index.htm",
    "finalLink": "https://www.sec.gov/Archives/edgar/data/1510295/000151029517000052/mpc-20170331x10q.htm"
  },
  {
    "date": "2016-12-31",
    "symbol": "MPC",
    "reportedCurrency": "USD",
    "cik": "0001510295",
    "fillingDate": "2017-02-24",
    "acceptedDate": "2017-02-24 14:17:13",
    "calendarYear": "2016",
    "period": "Q4",
    "revenue": 15363000000,
    "costOfRevenue": 14345000000,
    "grossProfit": 1018000000,
    "grossProfitRatio": 0.0662630997,
    "researchAndDevelopmentExpenses": 0,
    "generalAndAdministrativeExpenses": 0,
    "sellingAndMarketingExpenses": 0,
    "sellingGeneralAndAdministrativeExpenses": 406000000,
    "otherExpenses": -103000000,
    "operatingExpenses": 509000000,
    "costAndExpenses": 14854000000,
    "interestIncome": 1000000,
    "interestExpense": 137000000,
    "depreciationAndAmortization": 504000000,
    "ebitda": 980000000,
    "ebitdaratio": 0.0637896244,
    "operatingIncome": 509000000,
    "operatingIncomeRatio": 0.0331315498,
    "totalOtherIncomeExpensesNet": -92000000,
    "incomeBeforeTax": 417000000,
    "incomeBeforeTaxRatio": 0.0271431361,
    "incomeTaxExpense": 128000000,
    "netIncome": 227000000,
    "netIncomeRatio": 0.0147757599,
    "eps": 0.43,
    "epsdiluted": 0.43,
    "weightedAverageShsOut": 529000000,
    "weightedAverageShsOutDil": 531058748,
    "link": "https://www.sec.gov/Archives/edgar/data/1510295/000151029517000017/0001510295-17-000017-index.htm",
    "finalLink": "https://www.sec.gov/Archives/edgar/data/1510295/000151029517000017/mpc-20161231x10k.htm"
  },
  {
    "date": "2016-09-30",
    "symbol": "MPC",
    "reportedCurrency": "USD",
    "cik": "0001510295",
    "fillingDate": "2016-10-31",
    "acceptedDate": "2016-10-31 13:08:51",
    "calendarYear": "2016",
    "period": "Q3",
    "revenue": 14756000000,
    "costOfRevenue": 13554000000,
    "grossProfit": 1202000000,
    "grossProfitRatio": 0.0814583898,
    "researchAndDevelopmentExpenses": 0,
    "generalAndAdministrativeExpenses": 0,
    "sellingAndMarketingExpenses": 0,
    "sellingGeneralAndAdministrativeExpenses": 420000000,
    "otherExpenses": -112000000,
    "operatingExpenses": 532000000,
    "costAndExpenses": 14086000000,
    "interestIncome": 3000000,
    "interestExpense": 144000000,
    "depreciationAndAmortization": 507000000,
    "ebitda": 945000000,
    "ebitdaratio": 0.0640417457,
    "operatingIncome": 670000000,
    "operatingIncomeRatio": 0.0454052589,
    "totalOtherIncomeExpensesNet": -376000000,
    "incomeBeforeTax": 294000000,
    "incomeBeforeTaxRatio": 0.0199240987,
    "incomeTaxExpense": 75000000,
    "netIncome": 145000000,
    "netIncomeRatio": 0.0098265112,
    "eps": 0.28,
    "epsdiluted": 0.27,
    "weightedAverageShsOut": 530000000,
    "weightedAverageShsOutDil": 537037037,
    "link": "https://www.sec.gov/Archives/edgar/data/1510295/000151029516000139/0001510295-16-000139-index.htm",
    "finalLink": "https://www.sec.gov/Archives/edgar/data/1510295/000151029516000139/mpc-20160930x10q.htm"
  },
  {
    "date": "2016-06-30",
    "symbol": "MPC",
    "reportedCurrency": "USD",
    "cik": "0001510295",
    "fillingDate": "2016-08-03",
    "acceptedDate": "2016-08-02 19:43:40",
    "calendarYear": "2016",
    "period": "Q2",
    "revenue": 14947000000,
    "costOfRevenue": 12569000000,
    "grossProfit": 2378000000,
    "grossProfitRatio": 0.1590954707,
    "researchAndDevelopmentExpenses": 0,
    "generalAndAdministrativeExpenses": 401000000,
    "sellingAndMarketingExpenses": 0,
    "sellingGeneralAndAdministrativeExpenses": 401000000,
    "otherExpenses": 667000000,
    "operatingExpenses": 1068000000,
    "costAndExpenses": 13637000000,
    "interestIncome": 1000000,
    "interestExpense": 133000000,
    "depreciationAndAmortization": 500000000,
    "ebitda": 1866000000,
    "ebitdaratio": 0.1248411052,
    "operatingIncome": 1366000000,
    "operatingIncomeRatio": 0.0913895765,
    "totalOtherIncomeExpensesNet": -137000000,
    "incomeBeforeTax": 1178000000,
    "incomeBeforeTaxRatio": 0.0788118017,
    "incomeTaxExpense": 395000000,
    "netIncome": 800000000,
    "netIncomeRatio": 0.053522446,
    "eps": 1.52,
    "epsdiluted": 1.51,
    "weightedAverageShsOut": 529801324,
    "weightedAverageShsOutDil": 531000000,
    "link": "https://www.sec.gov/Archives/edgar/data/1510295/000151029516000117/0001510295-16-000117-index.htm",
    "finalLink": "https://www.sec.gov/Archives/edgar/data/1510295/000151029516000117/mpc-20160630x10q.htm"
  },
  {
    "date": "2016-03-31",
    "symbol": "MPC",
    "reportedCurrency": "USD",
    "cik": "0001510295",
    "fillingDate": "2016-05-02",
    "acceptedDate": "2016-05-02 16:59:29",
    "calendarYear": "2016",
    "period": "Q1",
    "revenue": 10957000000,
    "costOfRevenue": 9823000000,
    "grossProfit": 1134000000,
    "grossProfitRatio": 0.1034954823,
    "researchAndDevelopmentExpenses": 0,
    "generalAndAdministrativeExpenses": 378000000,
    "sellingAndMarketingExpenses": 0,
    "sellingGeneralAndAdministrativeExpenses": 378000000,
    "otherExpenses": 687000000,
    "operatingExpenses": 1065000000,
    "costAndExpenses": 10888000000,
    "interestIncome": 1000000,
    "interestExpense": 137000000,
    "depreciationAndAmortization": 490000000,
    "ebitda": 647000000,
    "ebitdaratio": 0.0590490098,
    "operatingIncome": 157000000,
    "operatingIncomeRatio": 0.0143287396,
    "totalOtherIncomeExpensesNet": -142000000,
    "incomeBeforeTax": -67000000,
    "incomeBeforeTaxRatio": -0.0061148124,
    "incomeTaxExpense": 11000000,
    "netIncome": 1000000,
    "netIncomeRatio": 0.0000912659,
    "eps": 0.0019,
    "epsdiluted": 0.0019,
    "weightedAverageShsOut": 529100529,
    "weightedAverageShsOutDil": 531000000,
    "link": "https://www.sec.gov/Archives/edgar/data/1510295/000151029516000104/0001510295-16-000104-index.htm",
    "finalLink": "https://www.sec.gov/Archives/edgar/data/1510295/000151029516000104/mpc-20160331x10q.htm"
  },
  {
    "date": "2015-12-31",
    "symbol": "MPC",
    "reportedCurrency": "USD",
    "cik": "0001510295",
    "fillingDate": "2016-02-26",
    "acceptedDate": "2016-02-26 14:59:20",
    "calendarYear": "2015",
    "period": "Q4",
    "revenue": 13715000000,
    "costOfRevenue": 12467000000,
    "grossProfit": 1248000000,
    "grossProfitRatio": 0.0909952607,
    "researchAndDevelopmentExpenses": 0,
    "generalAndAdministrativeExpenses": 433000000,
    "sellingAndMarketingExpenses": -30000000,
    "sellingGeneralAndAdministrativeExpenses": 403000000,
    "otherExpenses": 522000000,
    "operatingExpenses": 925000000,
    "costAndExpenses": 13392000000,
    "interestIncome": 1000000,
    "interestExpense": 89000000,
    "depreciationAndAmortization": 413000000,
    "ebitda": 750000000,
    "ebitdaratio": 0.0546846518,
    "operatingIncome": 337000000,
    "operatingIncomeRatio": 0.0245716369,
    "totalOtherIncomeExpensesNet": -103000000,
    "incomeBeforeTax": 235000000,
    "incomeBeforeTaxRatio": 0.0171345242,
    "incomeTaxExpense": 67000000,
    "netIncome": 186000000,
    "netIncomeRatio": 0.0135617937,
    "eps": 0.35,
    "epsdiluted": 0.35,
    "weightedAverageShsOut": 535000000,
    "weightedAverageShsOutDil": 536963902,
    "link": "https://www.sec.gov/Archives/edgar/data/1510295/000151029516000078/0001510295-16-000078-index.htm",
    "finalLink": "https://www.sec.gov/Archives/edgar/data/1510295/000151029516000078/mpc-20151231x10k.htm"
  },
  {
    "date": "2015-09-30",
    "symbol": "MPC",
    "reportedCurrency": "USD",
    "cik": "0001510295",
    "fillingDate": "2015-11-02",
    "acceptedDate": "2015-11-02 12:29:05",
    "calendarYear": "2015",
    "period": "Q3",
    "revenue": 16745000000,
    "costOfRevenue": 14226000000,
    "grossProfit": 2519000000,
    "grossProfitRatio": 0.1504329651,
    "researchAndDevelopmentExpenses": 0,
    "generalAndAdministrativeExpenses": 392000000,
    "sellingAndMarketingExpenses": 0,
    "sellingGeneralAndAdministrativeExpenses": 392000000,
    "otherExpenses": 584000000,
    "operatingExpenses": 976000000,
    "costAndExpenses": 15202000000,
    "interestIncome": 2000000,
    "interestExpense": 66000000,
    "depreciationAndAmortization": 364000000,
    "ebitda": 2032000000,
    "ebitdaratio": 0.1213496566,
    "operatingIncome": 1668000000,
    "operatingIncomeRatio": 0.0996118244,
    "totalOtherIncomeExpensesNet": -70000000,
    "incomeBeforeTax": 1479000000,
    "incomeBeforeTaxRatio": 0.0883248731,
    "incomeTaxExpense": 521000000,
    "netIncome": 947000000,
    "netIncomeRatio": 0.0565541953,
    "eps": 1.77,
    "epsdiluted": 1.76,
    "weightedAverageShsOut": 538000000,
    "weightedAverageShsOutDil": 538068181,
    "link": "https://www.sec.gov/Archives/edgar/data/1510295/000151029515000050/0001510295-15-000050-index.htm",
    "finalLink": "https://www.sec.gov/Archives/edgar/data/1510295/000151029515000050/mpc-20150930x10q.htm"
  },
  {
    "date": "2015-06-30",
    "symbol": "MPC",
    "reportedCurrency": "USD",
    "cik": "0001510295",
    "fillingDate": "2015-08-03",
    "acceptedDate": "2015-08-03 11:29:41",
    "calendarYear": "2015",
    "period": "Q2",
    "revenue": 18623000000,
    "costOfRevenue": 16448000000,
    "grossProfit": 2175000000,
    "grossProfitRatio": 0.1167910648,
    "researchAndDevelopmentExpenses": 0,
    "generalAndAdministrativeExpenses": 393000000,
    "sellingAndMarketingExpenses": 0,
    "sellingGeneralAndAdministrativeExpenses": 393000000,
    "otherExpenses": 452000000,
    "operatingExpenses": 845000000,
    "costAndExpenses": 17293000000,
    "interestIncome": 2000000,
    "interestExpense": 61000000,
    "depreciationAndAmortization": 362000000,
    "ebitda": 1678000000,
    "ebitdaratio": 0.0901036353,
    "operatingIncome": 1316000000,
    "operatingIncomeRatio": 0.0706653063,
    "totalOtherIncomeExpensesNet": -64000000,
    "incomeBeforeTax": 1271000000,
    "incomeBeforeTaxRatio": 0.0682489395,
    "incomeTaxExpense": 432000000,
    "netIncome": 825000000,
    "netIncomeRatio": 0.0443000591,
    "eps": 1.52,
    "epsdiluted": 1.51,
    "weightedAverageShsOut": 544000000,
    "weightedAverageShsOutDil": 546357615,
    "link": "https://www.sec.gov/Archives/edgar/data/1510295/000151029515000040/0001510295-15-000040-index.htm",
    "finalLink": "https://www.sec.gov/Archives/edgar/data/1510295/000151029515000040/mpc-20150630x10q.htm"
  },
  {
    "date": "2015-03-31",
    "symbol": "MPC",
    "reportedCurrency": "USD",
    "cik": "0001510295",
    "fillingDate": "2015-05-04",
    "acceptedDate": "2015-05-04 14:18:02",
    "calendarYear": "2015",
    "period": "Q1",
    "revenue": 15388000000,
    "costOfRevenue": 13120000000,
    "grossProfit": 2268000000,
    "grossProfitRatio": 0.1473875747,
    "researchAndDevelopmentExpenses": 0,
    "generalAndAdministrativeExpenses": 358000000,
    "sellingAndMarketingExpenses": 0,
    "sellingGeneralAndAdministrativeExpenses": 358000000,
    "otherExpenses": 450000000,
    "operatingExpenses": 808000000,
    "costAndExpenses": 13928000000,
    "interestIncome": 1000000,
    "interestExpense": 72000000,
    "depreciationAndAmortization": 363000000,
    "ebitda": 1813000000,
    "ebitdaratio": 0.1178190798,
    "operatingIncome": 1450000000,
    "operatingIncomeRatio": 0.0942292696,
    "totalOtherIncomeExpensesNet": -81000000,
    "incomeBeforeTax": 1389000000,
    "incomeBeforeTaxRatio": 0.0902651417,
    "incomeTaxExpense": 486000000,
    "netIncome": 890000000,
    "netIncomeRatio": 0.0578372758,
    "eps": 1.63,
    "epsdiluted": 1.62,
    "weightedAverageShsOut": 549000000,
    "weightedAverageShsOutDil": 549382716,
    "link": "https://www.sec.gov/Archives/edgar/data/1510295/000151029515000016/0001510295-15-000016-index.htm",
    "finalLink": "https://www.sec.gov/Archives/edgar/data/1510295/000151029515000016/mpc-20150331x10q.htm"
  },
  {
    "date": "2014-12-31",
    "symbol": "MPC",
    "reportedCurrency": "USD",
    "cik": "0001510295",
    "fillingDate": "2015-02-27",
    "acceptedDate": "2015-02-27 13:44:04",
    "calendarYear": "2014",
    "period": "Q4",
    "revenue": 20355000000,
    "costOfRevenue": 18303000000,
    "grossProfit": 2052000000,
    "grossProfitRatio": 0.1008106116,
    "researchAndDevelopmentExpenses": 0,
    "generalAndAdministrativeExpenses": 371000000,
    "sellingAndMarketingExpenses": -14000000,
    "sellingGeneralAndAdministrativeExpenses": 357000000,
    "otherExpenses": 442000000,
    "operatingExpenses": 799000000,
    "costAndExpenses": 19102000000,
    "interestIncome": 2000000,
    "interestExpense": 68000000,
    "depreciationAndAmortization": 359000000,
    "ebitda": 1593000000,
    "ebitdaratio": 0.0782608696,
    "operatingIncome": 1234000000,
    "operatingIncomeRatio": 0.0606239253,
    "totalOtherIncomeExpensesNet": -72000000,
    "incomeBeforeTax": 1187000000,
    "incomeBeforeTaxRatio": 0.0583149103,
    "incomeTaxExpense": 382000000,
    "netIncome": 797000000,
    "netIncomeRatio": 0.0391549988,
    "eps": 1.44,
    "epsdiluted": 1.42,
    "weightedAverageShsOut": 558000000,
    "weightedAverageShsOutDil": 559798332,
    "link": "https://www.sec.gov/Archives/edgar/data/1510295/000151029515000007/0001510295-15-000007-index.htm",
    "finalLink": "https://www.sec.gov/Archives/edgar/data/1510295/000151029515000007/mpc-20141231x10k.htm"
  },
  {
    "date": "2014-09-30",
    "symbol": "MPC",
    "reportedCurrency": "USD",
    "cik": "0001510295",
    "fillingDate": "2014-11-03",
    "acceptedDate": "2014-11-03 15:11:22",
    "calendarYear": "2014",
    "period": "Q3",
    "revenue": 23828000000,
    "costOfRevenue": 22047000000,
    "grossProfit": 1781000000,
    "grossProfitRatio": 0.0747439987,
    "researchAndDevelopmentExpenses": 0,
    "generalAndAdministrativeExpenses": 342000000,
    "sellingAndMarketingExpenses": 0,
    "sellingGeneralAndAdministrativeExpenses": 342000000,
    "otherExpenses": 380000000,
    "operatingExpenses": 722000000,
    "costAndExpenses": 22769000000,
    "interestIncome": 2000000,
    "interestExpense": 49000000,
    "depreciationAndAmortization": 322000000,
    "ebitda": 1353000000,
    "ebitdaratio": 0.0567819372,
    "operatingIncome": 1031000000,
    "operatingIncomeRatio": 0.0432684237,
    "totalOtherIncomeExpensesNet": -50000000,
    "incomeBeforeTax": 1012000000,
    "incomeBeforeTaxRatio": 0.0424710425,
    "incomeTaxExpense": 333000000,
    "netIncome": 671000000,
    "netIncomeRatio": 0.0281601477,
    "eps": 1.19,
    "epsdiluted": 1.18,
    "weightedAverageShsOut": 568644067,
    "weightedAverageShsOutDil": 569000000,
    "link": "https://www.sec.gov/Archives/edgar/data/1510295/000151029514000030/0001510295-14-000030-index.htm",
    "finalLink": "https://www.sec.gov/Archives/edgar/data/1510295/000151029514000030/mpc-20140930x10q.htm"
  },
  {
    "date": "2014-06-30",
    "symbol": "MPC",
    "reportedCurrency": "USD",
    "cik": "0001510295",
    "fillingDate": "2014-08-04",
    "acceptedDate": "2014-08-04 13:59:53",
    "calendarYear": "2014",
    "period": "Q2",
    "revenue": 25277000000,
    "costOfRevenue": 23226000000,
    "grossProfit": 2051000000,
    "grossProfitRatio": 0.0811409582,
    "researchAndDevelopmentExpenses": 0,
    "generalAndAdministrativeExpenses": 316000000,
    "sellingAndMarketingExpenses": 0,
    "sellingGeneralAndAdministrativeExpenses": 316000000,
    "otherExpenses": 373000000,
    "operatingExpenses": 689000000,
    "costAndExpenses": 23915000000,
    "interestIncome": 1000000,
    "interestExpense": 42000000,
    "depreciationAndAmortization": 325000000,
    "ebitda": 1637000000,
    "ebitdaratio": 0.0647624323,
    "operatingIncome": 1312000000,
    "operatingIncomeRatio": 0.0519048938,
    "totalOtherIncomeExpensesNet": -48000000,
    "incomeBeforeTax": 1321000000,
    "incomeBeforeTaxRatio": 0.0522609487,
    "incomeTaxExpense": 457000000,
    "netIncome": 854000000,
    "netIncomeRatio": 0.0337856549,
    "eps": 1.49,
    "epsdiluted": 1.48,
    "weightedAverageShsOut": 577027027,
    "weightedAverageShsOutDil": 578000000,
    "link": "https://www.sec.gov/Archives/edgar/data/1510295/000151029514000014/0001510295-14-000014-index.htm",
    "finalLink": "https://www.sec.gov/Archives/edgar/data/1510295/000151029514000014/mpc-20140630x10q.htm"
  },
  {
    "date": "2014-03-31",
    "symbol": "MPC",
    "reportedCurrency": "USD",
    "cik": "0001510295",
    "fillingDate": "2014-05-05",
    "acceptedDate": "2014-05-05 16:43:31",
    "calendarYear": "2014",
    "period": "Q1",
    "revenue": 21794000000,
    "costOfRevenue": 20699000000,
    "grossProfit": 1095000000,
    "grossProfitRatio": 0.0502431862,
    "researchAndDevelopmentExpenses": 0,
    "generalAndAdministrativeExpenses": 346000000,
    "sellingAndMarketingExpenses": 0,
    "sellingGeneralAndAdministrativeExpenses": 346000000,
    "otherExpenses": 393000000,
    "operatingExpenses": 739000000,
    "costAndExpenses": 21438000000,
    "interestIncome": 2000000,
    "interestExpense": 43000000,
    "depreciationAndAmortization": 320000000,
    "ebitda": 645000000,
    "ebitdaratio": 0.0295953015,
    "operatingIncome": 325000000,
    "operatingIncomeRatio": 0.0149123612,
    "totalOtherIncomeExpensesNet": -46000000,
    "incomeBeforeTax": 315000000,
    "incomeBeforeTaxRatio": 0.0144535193,
    "incomeTaxExpense": 108000000,
    "netIncome": 199000000,
    "netIncomeRatio": 0.0091309535,
    "eps": 0.34,
    "epsdiluted": 0.34,
    "weightedAverageShsOut": 590000000,
    "weightedAverageShsOutDil": 594029850,
    "link": "https://www.sec.gov/Archives/edgar/data/1510295/000151029514000009/0001510295-14-000009-index.htm",
    "finalLink": "https://www.sec.gov/Archives/edgar/data/1510295/000151029514000009/mpc-20140331x10q.htm"
  },
  {
    "date": "2013-12-31",
    "symbol": "MPC",
    "reportedCurrency": "USD",
    "cik": "0001510295",
    "fillingDate": "2014-02-28",
    "acceptedDate": "2014-02-28 14:59:24",
    "calendarYear": "2013",
    "period": "Q4",
    "revenue": 23331000000,
    "costOfRevenue": 21597000000,
    "grossProfit": 1734000000,
    "grossProfitRatio": 0.0743217179,
    "researchAndDevelopmentExpenses": 0,
    "generalAndAdministrativeExpenses": 336000000,
    "sellingAndMarketingExpenses": 0,
    "sellingGeneralAndAdministrativeExpenses": 336000000,
    "otherExpenses": 396000000,
    "operatingExpenses": 732000000,
    "costAndExpenses": 22329000000,
    "interestIncome": 3000000,
    "interestExpense": 42000000,
    "depreciationAndAmortization": 332000000,
    "ebitda": 1317000000,
    "ebitdaratio": 0.056448502,
    "operatingIncome": 985000000,
    "operatingIncomeRatio": 0.0422185076,
    "totalOtherIncomeExpensesNet": -39000000,
    "incomeBeforeTax": 969000000,
    "incomeBeforeTaxRatio": 0.0415327247,
    "incomeTaxExpense": 338000000,
    "netIncome": 624000000,
    "netIncomeRatio": 0.0267455317,
    "eps": 1.04,
    "epsdiluted": 1.03,
    "weightedAverageShsOut": 602000000,
    "weightedAverageShsOutDil": 606784315,
    "link": "https://www.sec.gov/Archives/edgar/data/1510295/000151029514000004/0001510295-14-000004-index.htm",
    "finalLink": "https://www.sec.gov/Archives/edgar/data/1510295/000151029514000004/mpc-20131231x10k.htm"
  },
  {
    "date": "2013-09-30",
    "symbol": "MPC",
    "reportedCurrency": "USD",
    "cik": "0001510295",
    "fillingDate": "2013-11-07",
    "acceptedDate": "2013-11-07 09:04:43",
    "calendarYear": "2013",
    "period": "Q3",
    "revenue": 24633000000,
    "costOfRevenue": 23656000000,
    "grossProfit": 977000000,
    "grossProfitRatio": 0.0396622417,
    "researchAndDevelopmentExpenses": 0,
    "generalAndAdministrativeExpenses": 305000000,
    "sellingAndMarketingExpenses": 0,
    "sellingGeneralAndAdministrativeExpenses": 305000000,
    "otherExpenses": 377000000,
    "operatingExpenses": 682000000,
    "costAndExpenses": 24338000000,
    "interestIncome": 2000000,
    "interestExpense": 43000000,
    "depreciationAndAmortization": 299000000,
    "ebitda": 590000000,
    "ebitdaratio": 0.0239516096,
    "operatingIncome": 291000000,
    "operatingIncomeRatio": 0.011813421,
    "totalOtherIncomeExpensesNet": -47000000,
    "incomeBeforeTax": 254000000,
    "incomeBeforeTaxRatio": 0.0103113709,
    "incomeTaxExpense": 81000000,
    "netIncome": 168000000,
    "netIncomeRatio": 0.0068201194,
    "eps": 0.27,
    "epsdiluted": 0.27,
    "weightedAverageShsOut": 622000000,
    "weightedAverageShsOutDil": 622222222,
    "link": "https://www.sec.gov/Archives/edgar/data/1510295/000151029513000003/0001510295-13-000003-index.htm",
    "finalLink": "https://www.sec.gov/Archives/edgar/data/1510295/000151029513000003/mpc-2013930x10q.htm"
  },
  {
    "date": "2013-06-30",
    "symbol": "MPC",
    "reportedCurrency": "USD",
    "cik": "0001510295",
    "fillingDate": "2013-08-08",
    "acceptedDate": "2013-08-08 11:29:11",
    "calendarYear": "2013",
    "period": "Q2",
    "revenue": 24099000000,
    "costOfRevenue": 22399000000,
    "grossProfit": 1700000000,
    "grossProfitRatio": 0.0705423462,
    "researchAndDevelopmentExpenses": 0,
    "generalAndAdministrativeExpenses": 358000000,
    "sellingAndMarketingExpenses": 0,
    "sellingGeneralAndAdministrativeExpenses": 358000000,
    "otherExpenses": 385000000,
    "operatingExpenses": 743000000,
    "costAndExpenses": 23142000000,
    "interestIncome": 3000000,
    "interestExpense": 45000000,
    "depreciationAndAmortization": 294000000,
    "ebitda": 1254000000,
    "ebitdaratio": 0.0520353542,
    "operatingIncome": 960000000,
    "operatingIncomeRatio": 0.0398356778,
    "totalOtherIncomeExpensesNet": -45000000,
    "incomeBeforeTax": 915000000,
    "incomeBeforeTaxRatio": 0.0379683804,
    "incomeTaxExpense": 316000000,
    "netIncome": 592000000,
    "netIncomeRatio": 0.0245653347,
    "eps": 0.92,
    "epsdiluted": 0.92,
    "weightedAverageShsOut": 646994535,
    "weightedAverageShsOutDil": 648000000,
    "link": "https://www.sec.gov/Archives/edgar/data/1510295/000119312513326060/0001193125-13-326060-index.htm",
    "finalLink": "https://www.sec.gov/Archives/edgar/data/1510295/000119312513326060/d543398d10q.htm"
  },
  {
    "date": "2013-03-31",
    "symbol": "MPC",
    "reportedCurrency": "USD",
    "cik": "0001510295",
    "fillingDate": "2013-05-09",
    "acceptedDate": "2013-05-09 16:01:13",
    "calendarYear": "2013",
    "period": "Q1",
    "revenue": 21886000000,
    "costOfRevenue": 20106000000,
    "grossProfit": 1780000000,
    "grossProfitRatio": 0.0813305309,
    "researchAndDevelopmentExpenses": 0,
    "generalAndAdministrativeExpenses": 249000000,
    "sellingAndMarketingExpenses": 0,
    "sellingGeneralAndAdministrativeExpenses": 249000000,
    "otherExpenses": 381000000,
    "operatingExpenses": 630000000,
    "costAndExpenses": 20736000000,
    "interestIncome": 2000000,
    "interestExpense": 44000000,
    "depreciationAndAmortization": 287000000,
    "ebitda": 1442000000,
    "ebitdaratio": 0.0658868683,
    "operatingIncome": 1155000000,
    "operatingIncomeRatio": 0.0527734625,
    "totalOtherIncomeExpensesNet": -48000000,
    "incomeBeforeTax": 1108000000,
    "incomeBeforeTaxRatio": 0.0506259709,
    "incomeTaxExpense": 378000000,
    "netIncome": 724000000,
    "netIncomeRatio": 0.0330805081,
    "eps": 1.09,
    "epsdiluted": 1.09,
    "weightedAverageShsOut": 666000000,
    "weightedAverageShsOutDil": 667281105,
    "link": "https://www.sec.gov/Archives/edgar/data/1510295/000119312513210939/0001193125-13-210939-index.htm",
    "finalLink": "https://www.sec.gov/Archives/edgar/data/1510295/000119312513210939/d499343d10q.htm"
  },
  {
    "date": "2012-12-31",
    "symbol": "MPC",
    "reportedCurrency": "USD",
    "cik": "0001510295",
    "fillingDate": "2013-02-28",
    "acceptedDate": "2013-02-28 17:04:19",
    "calendarYear": "2012",
    "period": "Q4",
    "revenue": 19266000000,
    "costOfRevenue": 17421000000,
    "grossProfit": 1845000000,
    "grossProfitRatio": 0.0957645593,
    "researchAndDevelopmentExpenses": 0,
    "generalAndAdministrativeExpenses": 279000000,
    "sellingAndMarketingExpenses": 35000000,
    "sellingGeneralAndAdministrativeExpenses": 314000000,
    "otherExpenses": 346000000,
    "operatingExpenses": 660000000,
    "costAndExpenses": 18081000000,
    "interestIncome": 0,
    "interestExpense": 0,
    "depreciationAndAmortization": 283000000,
    "ebitda": 1471000000,
    "ebitdaratio": 0.0763521229,
    "operatingIncome": 1182000000,
    "operatingIncomeRatio": 0.0613516039,
    "totalOtherIncomeExpensesNet": -38000000,
    "incomeBeforeTax": 1144000000,
    "incomeBeforeTaxRatio": 0.0593792173,
    "incomeTaxExpense": 385000000,
    "netIncome": 755000000,
    "netIncomeRatio": 0.0391882072,
    "eps": 1.13,
    "epsdiluted": 1.12,
    "weightedAverageShsOut": 672000000,
    "weightedAverageShsOutDil": 674882208,
    "link": "https://www.sec.gov/Archives/edgar/data/1510295/000119312513084698/0001193125-13-084698-index.htm",
    "finalLink": "https://www.sec.gov/Archives/edgar/data/1510295/000119312513084698/d445389d10k.htm"
  },
  {
    "date": "2012-09-30",
    "symbol": "MPC",
    "reportedCurrency": "USD",
    "cik": "0001510295",
    "fillingDate": "2012-11-09",
    "acceptedDate": "2012-11-09 13:29:30",
    "calendarYear": "2012",
    "period": "Q3",
    "revenue": 19592000000,
    "costOfRevenue": 17286000000,
    "grossProfit": 2306000000,
    "grossProfitRatio": 0.1177011025,
    "researchAndDevelopmentExpenses": 0,
    "generalAndAdministrativeExpenses": 305000000,
    "sellingAndMarketingExpenses": -12000000,
    "sellingGeneralAndAdministrativeExpenses": 293000000,
    "otherExpenses": 137000000,
    "operatingExpenses": 430000000,
    "costAndExpenses": 17716000000,
    "interestIncome": -6000000,
    "interestExpense": 18000000,
    "depreciationAndAmortization": 246000000,
    "ebitda": 2134000000,
    "ebitdaratio": 0.108922009,
    "operatingIncome": 1701000000,
    "operatingIncomeRatio": 0.0868211515,
    "totalOtherIncomeExpensesNet": -25000000,
    "incomeBeforeTax": 1870000000,
    "incomeBeforeTaxRatio": 0.0954471213,
    "incomeTaxExpense": 646000000,
    "netIncome": 1222000000,
    "netIncomeRatio": 0.0623723969,
    "eps": 1.81,
    "epsdiluted": 1.8,
    "weightedAverageShsOut": 680000000,
    "weightedAverageShsOutDil": 680779944,
    "link": "https://www.sec.gov/Archives/edgar/data/1510295/000119312512462694/0001193125-12-462694-index.htm",
    "finalLink": "https://www.sec.gov/Archives/edgar/data/1510295/000119312512462694/d415840d10q.htm"
  },
  {
    "date": "2012-06-30",
    "symbol": "MPC",
    "reportedCurrency": "USD",
    "cik": "0001510295",
    "fillingDate": "2012-08-08",
    "acceptedDate": "2012-08-08 16:34:14",
    "calendarYear": "2012",
    "period": "Q2",
    "revenue": 20248000000,
    "costOfRevenue": 18274000000,
    "grossProfit": 1974000000,
    "grossProfitRatio": 0.0974911102,
    "researchAndDevelopmentExpenses": 0,
    "generalAndAdministrativeExpenses": 376000000,
    "sellingAndMarketingExpenses": 0,
    "sellingGeneralAndAdministrativeExpenses": 376000000,
    "otherExpenses": 1785000000,
    "operatingExpenses": 676000000,
    "costAndExpenses": 18950000000,
    "interestIncome": 37000000,
    "interestExpense": 47000000,
    "depreciationAndAmortization": 236000000,
    "ebitda": 1536000000,
    "ebitdaratio": 0.0758593441,
    "operatingIncome": 1307000000,
    "operatingIncomeRatio": 0.0645495851,
    "totalOtherIncomeExpensesNet": -17000000,
    "incomeBeforeTax": 1290000000,
    "incomeBeforeTaxRatio": 0.063709996,
    "incomeTaxExpense": 476000000,
    "netIncome": 812000000,
    "netIncomeRatio": 0.0401027262,
    "eps": 1.2,
    "epsdiluted": 1.19,
    "weightedAverageShsOut": 680000000,
    "weightedAverageShsOutDil": 682000000,
    "link": "https://www.sec.gov/Archives/edgar/data/1510295/000119312512344150/0001193125-12-344150-index.htm",
    "finalLink": "https://www.sec.gov/Archives/edgar/data/1510295/000119312512344150/d373221d10q.htm"
  },
  {
    "date": "2012-03-31",
    "symbol": "MPC",
    "reportedCurrency": "USD",
    "cik": "0001510295",
    "fillingDate": "2012-05-09",
    "acceptedDate": "2012-05-09 16:47:15",
    "calendarYear": "2012",
    "period": "Q1",
    "revenue": 20273000000,
    "costOfRevenue": 18752000000,
    "grossProfit": 1521000000,
    "grossProfitRatio": 0.0750258965,
    "researchAndDevelopmentExpenses": 0,
    "generalAndAdministrativeExpenses": 263000000,
    "sellingAndMarketingExpenses": 0,
    "sellingGeneralAndAdministrativeExpenses": 263000000,
    "otherExpenses": 1747000000,
    "operatingExpenses": 567000000,
    "costAndExpenses": 19319000000,
    "interestIncome": 1000000,
    "interestExpense": 22000000,
    "depreciationAndAmortization": 230000000,
    "ebitda": 1179000000,
    "ebitdaratio": 0.0581561683,
    "operatingIncome": 956000000,
    "operatingIncomeRatio": 0.0471563163,
    "totalOtherIncomeExpensesNet": -22000000,
    "incomeBeforeTax": 934000000,
    "incomeBeforeTaxRatio": 0.0460711291,
    "incomeTaxExpense": 338000000,
    "netIncome": 595000000,
    "netIncomeRatio": 0.029349381,
    "eps": 0.86,
    "epsdiluted": 0.85,
    "weightedAverageShsOut": 696000000,
    "weightedAverageShsOutDil": 700000000,
    "link": "https://www.sec.gov/Archives/edgar/data/1510295/000119312512222274/0001193125-12-222274-index.htm",
    "finalLink": "https://www.sec.gov/Archives/edgar/data/1510295/000119312512222274/d320613d10q.htm"
  },
  {
    "date": "2011-12-31",
    "symbol": "MPC",
    "reportedCurrency": "USD",
    "cik": "0001510295",
    "fillingDate": "2012-02-29",
    "acceptedDate": "2012-02-29 15:01:51",
    "calendarYear": "2011",
    "period": "Q4",
    "revenue": 19432000000,
    "costOfRevenue": 19018000000,
    "grossProfit": 414000000,
    "grossProfitRatio": 0.0213050638,
    "researchAndDevelopmentExpenses": 0,
    "generalAndAdministrativeExpenses": 302000000,
    "sellingAndMarketingExpenses": 0,
    "sellingGeneralAndAdministrativeExpenses": 302000000,
    "otherExpenses": 0,
    "operatingExpenses": 581000000,
    "costAndExpenses": 19599000000,
    "interestIncome": 0,
    "interestExpense": 22000000,
    "depreciationAndAmortization": 230000000,
    "ebitda": 72000000,
    "ebitdaratio": 0.0037052285,
    "operatingIncome": -158000000,
    "operatingIncomeRatio": -0.0081309181,
    "totalOtherIncomeExpensesNet": -22000000,
    "incomeBeforeTax": -180000000,
    "incomeBeforeTaxRatio": -0.0092630712,
    "incomeTaxExpense": -105000000,
    "netIncome": -75000000,
    "netIncomeRatio": -0.003859613,
    "eps": -0.11,
    "epsdiluted": -0.11,
    "weightedAverageShsOut": 696000000,
    "weightedAverageShsOutDil": 696000000,
    "link": "https://www.sec.gov/Archives/edgar/data/1510295/000119312512088690/0001193125-12-088690-index.htm",
    "finalLink": "https://www.sec.gov/Archives/edgar/data/1510295/000119312512088690/d260652d10k.htm"
  },
  {
    "date": "2011-09-30",
    "symbol": "MPC",
    "reportedCurrency": "USD",
    "cik": "0001510295",
    "fillingDate": "2011-11-09",
    "acceptedDate": "2011-11-09 13:57:07",
    "calendarYear": "2011",
    "period": "Q3",
    "revenue": 20638000000,
    "costOfRevenue": 18305000000,
    "grossProfit": 2333000000,
    "grossProfitRatio": 0.1130438996,
    "researchAndDevelopmentExpenses": 0,
    "generalAndAdministrativeExpenses": 299000000,
    "sellingAndMarketingExpenses": 0,
    "sellingGeneralAndAdministrativeExpenses": 299000000,
    "otherExpenses": 1699000000,
    "operatingExpenses": 589000000,
    "costAndExpenses": 18894000000,
    "interestIncome": 0,
    "interestExpense": 15000000,
    "depreciationAndAmortization": 227000000,
    "ebitda": 1971000000,
    "ebitdaratio": 0.0955034403,
    "operatingIncome": 1759000000,
    "operatingIncomeRatio": 0.085231127,
    "totalOtherIncomeExpensesNet": -15000000,
    "incomeBeforeTax": 1744000000,
    "incomeBeforeTaxRatio": 0.0845043124,
    "incomeTaxExpense": 611000000,
    "netIncome": 1133000000,
    "netIncomeRatio": 0.0548987305,
    "eps": 1.59,
    "epsdiluted": 1.58,
    "weightedAverageShsOut": 712000000,
    "weightedAverageShsOutDil": 714000000,
    "link": "https://www.sec.gov/Archives/edgar/data/1510295/000119312511304146/0001193125-11-304146-index.htm",
    "finalLink": "https://www.sec.gov/Archives/edgar/data/1510295/000119312511304146/d231601d10q.htm"
  },
  {
    "date": "2011-06-30",
    "symbol": "MPC",
    "reportedCurrency": "USD",
    "cik": "0001510295",
    "fillingDate": "2011-08-09",
    "acceptedDate": "2011-08-09 13:42:12",
    "calendarYear": "2011",
    "period": "Q2",
    "revenue": 20777000000,
    "costOfRevenue": 18904000000,
    "grossProfit": 1873000000,
    "grossProfitRatio": 0.0901477595,
    "researchAndDevelopmentExpenses": 0,
    "generalAndAdministrativeExpenses": 288000000,
    "sellingAndMarketingExpenses": 0,
    "sellingGeneralAndAdministrativeExpenses": 288000000,
    "otherExpenses": 0,
    "operatingExpenses": 565000000,
    "costAndExpenses": 19469000000,
    "interestIncome": 29000000,
    "interestExpense": 42000000,
    "depreciationAndAmortization": 218000000,
    "ebitda": 1508000000,
    "ebitdaratio": 0.072580257,
    "operatingIncome": 1325000000,
    "operatingIncomeRatio": 0.0637724407,
    "totalOtherIncomeExpensesNet": 8000000,
    "incomeBeforeTax": 1333000000,
    "incomeBeforeTaxRatio": 0.0641574818,
    "incomeTaxExpense": 531000000,
    "netIncome": 802000000,
    "netIncomeRatio": 0.0386003754,
    "eps": 1.13,
    "epsdiluted": 1.12,
    "weightedAverageShsOut": 712000000,
    "weightedAverageShsOutDil": 716000000,
    "link": "https://www.sec.gov/Archives/edgar/data/1510295/000119312511216086/0001193125-11-216086-index.htm",
    "finalLink": "https://www.sec.gov/Archives/edgar/data/1510295/000119312511216086/d10q.htm"
  },
  {
    "date": "2011-03-31",
    "symbol": "MPC",
    "reportedCurrency": "USD",
    "cik": "0001510295",
    "fillingDate": "2011-03-31",
    "acceptedDate": "2011-03-30 20:00:00",
    "calendarYear": "2011",
    "period": "Q1",
    "revenue": 17871000000,
    "costOfRevenue": 15342000000,
    "grossProfit": 2529000000,
    "grossProfitRatio": 0.141514185,
    "researchAndDevelopmentExpenses": 0,
    "generalAndAdministrativeExpenses": 217000000,
    "sellingAndMarketingExpenses": 0,
    "sellingGeneralAndAdministrativeExpenses": 217000000,
    "otherExpenses": 0,
    "operatingExpenses": 501000000,
    "costAndExpenses": 15843000000,
    "interestIncome": 0,
    "interestExpense": 14000000,
    "depreciationAndAmortization": 216000000,
    "ebitda": 1035000000,
    "ebitdaratio": 0.0579150579,
    "operatingIncome": 819000000,
    "operatingIncomeRatio": 0.0458284371,
    "totalOtherIncomeExpensesNet": 3000000,
    "incomeBeforeTax": 822000000,
    "incomeBeforeTaxRatio": 0.0459963069,
    "incomeTaxExpense": 293000000,
    "netIncome": 529000000,
    "netIncomeRatio": 0.0296010296,
    "eps": 0.75,
    "epsdiluted": 0.74,
    "weightedAverageShsOut": 712000000,
    "weightedAverageShsOutDil": 716000000,
    "link": "",
    "finalLink": ""
  },
  {
    "date": "2010-12-31",
    "symbol": "MPC",
    "reportedCurrency": "USD",
    "cik": "0001510295",
    "fillingDate": "2010-12-31",
    "acceptedDate": "2010-12-30 19:00:00",
    "calendarYear": "2010",
    "period": "Q4",
    "revenue": 17461000000,
    "costOfRevenue": 15238000000,
    "grossProfit": 2223000000,
    "grossProfitRatio": 0.127312296,
    "researchAndDevelopmentExpenses": 0,
    "generalAndAdministrativeExpenses": 0,
    "sellingAndMarketingExpenses": 0,
    "sellingGeneralAndAdministrativeExpenses": 260000000,
    "otherExpenses": 0,
    "operatingExpenses": 535000000,
    "costAndExpenses": 15773000000,
    "interestIncome": 0,
    "interestExpense": 0,
    "depreciationAndAmortization": 218000000,
    "ebitda": 577000000,
    "ebitdaratio": 0.0330450719,
    "operatingIncome": 351000000,
    "operatingIncomeRatio": 0.0201019415,
    "totalOtherIncomeExpensesNet": 10000000,
    "incomeBeforeTax": 361000000,
    "incomeBeforeTaxRatio": 0.0206746464,
    "incomeTaxExpense": 131000000,
    "netIncome": 230000000,
    "netIncomeRatio": 0.0131722124,
    "eps": 0.32,
    "epsdiluted": 0.32,
    "weightedAverageShsOut": 712000000,
    "weightedAverageShsOutDil": 712000000,
    "link": "",
    "finalLink": ""
  },
  {
    "date": "2010-09-30",
    "symbol": "MPC",
    "reportedCurrency": "USD",
    "cik": "0001510295",
    "fillingDate": "2010-09-30",
    "acceptedDate": "2010-09-29 20:00:00",
    "calendarYear": "2010",
    "period": "Q3",
    "revenue": 15928000000,
    "costOfRevenue": 13615000000,
    "grossProfit": 2313000000,
    "grossProfitRatio": 0.1452159719,
    "researchAndDevelopmentExpenses": 0,
    "generalAndAdministrativeExpenses": 0,
    "sellingAndMarketingExpenses": 0,
    "sellingGeneralAndAdministrativeExpenses": 226000000,
    "otherExpenses": 0,
    "operatingExpenses": 519000000,
    "costAndExpenses": 14134000000,
    "interestIncome": 0,
    "interestExpense": 6000000,
    "depreciationAndAmortization": 234000000,
    "ebitda": 677000000,
    "ebitdaratio": 0.042503767,
    "operatingIncome": 443000000,
    "operatingIncomeRatio": 0.027812657,
    "totalOtherIncomeExpensesNet": -4000000,
    "incomeBeforeTax": 439000000,
    "incomeBeforeTaxRatio": 0.0275615269,
    "incomeTaxExpense": 162000000,
    "netIncome": 277000000,
    "netIncomeRatio": 0.0173907584,
    "eps": 0.39,
    "epsdiluted": 0.39,
    "weightedAverageShsOut": 712000000,
    "weightedAverageShsOutDil": 716000000,
    "link": "",
    "finalLink": ""
  },
  {
    "date": "2010-06-30",
    "symbol": "MPC",
    "reportedCurrency": "USD",
    "cik": "0001510295",
    "fillingDate": "2010-06-30",
    "acceptedDate": "2010-06-29 20:00:00",
    "calendarYear": "2010",
    "period": "Q2",
    "revenue": 15807000000,
    "costOfRevenue": 14629000000,
    "grossProfit": 1178000000,
    "grossProfitRatio": 0.0745239451,
    "researchAndDevelopmentExpenses": 0,
    "generalAndAdministrativeExpenses": 0,
    "sellingAndMarketingExpenses": 0,
    "sellingGeneralAndAdministrativeExpenses": 228000000,
    "otherExpenses": 0,
    "operatingExpenses": 560000000,
    "costAndExpenses": 15189000000,
    "interestIncome": 0,
    "interestExpense": 0,
    "depreciationAndAmortization": 269000000,
    "ebitda": 887000000,
    "ebitdaratio": 0.0561143797,
    "operatingIncome": 636000000,
    "operatingIncomeRatio": 0.0402353388,
    "totalOtherIncomeExpensesNet": 4000000,
    "incomeBeforeTax": 640000000,
    "incomeBeforeTaxRatio": 0.0404883912,
    "incomeTaxExpense": 235000000,
    "netIncome": 405000000,
    "netIncomeRatio": 0.0256215601,
    "eps": 0.57,
    "epsdiluted": 0.56,
    "weightedAverageShsOut": 712000000,
    "weightedAverageShsOutDil": 716000000,
    "link": "",
    "finalLink": ""
  },
  {
    "date": "2010-03-31",
    "symbol": "MPC",
    "reportedCurrency": "USD",
    "cik": "0001510295",
    "fillingDate": "2010-03-31",
    "acceptedDate": "2010-03-30 20:00:00",
    "calendarYear": "2010",
    "period": "Q1",
    "revenue": 13391000000,
    "costOfRevenue": 12104000000,
    "grossProfit": 1287000000,
    "grossProfitRatio": 0.0961093272,
    "researchAndDevelopmentExpenses": 0,
    "generalAndAdministrativeExpenses": 0,
    "sellingAndMarketingExpenses": 0,
    "sellingGeneralAndAdministrativeExpenses": 206000000,
    "otherExpenses": 0,
    "operatingExpenses": 494000000,
    "costAndExpenses": 12598000000,
    "interestIncome": 0,
    "interestExpense": 4000000,
    "depreciationAndAmortization": 220000000,
    "ebitda": -199000000,
    "ebitdaratio": -0.0148607274,
    "operatingIncome": -419000000,
    "operatingIncomeRatio": -0.0312896722,
    "totalOtherIncomeExpensesNet": 2000000,
    "incomeBeforeTax": -417000000,
    "incomeBeforeTaxRatio": -0.0311403181,
    "incomeTaxExpense": -128000000,
    "netIncome": -289000000,
    "netIncomeRatio": -0.0215816593,
    "eps": -0.41,
    "epsdiluted": -0.4,
    "weightedAverageShsOut": 712000000,
    "weightedAverageShsOutDil": 716000000,
    "link": "",
    "finalLink": ""
  },
  {
    "date": "2009-12-31",
    "symbol": "MPC",
    "reportedCurrency": "USD",
    "cik": "0001510295",
    "fillingDate": "2009-12-31",
    "acceptedDate": "2009-12-30 19:00:00",
    "calendarYear": "2009",
    "period": "Q4",
    "revenue": 13421000000,
    "costOfRevenue": 11817000000,
    "grossProfit": 1604000000,
    "grossProfitRatio": 0.1195141942,
    "researchAndDevelopmentExpenses": 0,
    "generalAndAdministrativeExpenses": 0,
    "sellingAndMarketingExpenses": 0,
    "sellingGeneralAndAdministrativeExpenses": 219000000,
    "otherExpenses": 0,
    "operatingExpenses": 460000000,
    "costAndExpenses": 12277000000,
    "interestIncome": 0,
    "interestExpense": 0,
    "depreciationAndAmortization": 194000000,
    "ebitda": 76000000,
    "ebitdaratio": 0.0056627673,
    "operatingIncome": -122000000,
    "operatingIncomeRatio": -0.0090902317,
    "totalOtherIncomeExpensesNet": 6000000,
    "incomeBeforeTax": -116000000,
    "incomeBeforeTaxRatio": -0.0086431711,
    "incomeTaxExpense": -64000000,
    "netIncome": -52000000,
    "netIncomeRatio": -0.003874525,
    "eps": -0.073,
    "epsdiluted": -0.073,
    "weightedAverageShsOut": 712000000,
    "weightedAverageShsOutDil": 712000000,
    "link": "",
    "finalLink": ""
  },
  {
    "date": "2009-09-30",
    "symbol": "MPC",
    "reportedCurrency": "USD",
    "cik": "0001510295",
    "fillingDate": "2009-09-30",
    "acceptedDate": "2009-09-29 20:00:00",
    "calendarYear": "2009",
    "period": "Q3",
    "revenue": 12438000000,
    "costOfRevenue": 10467000000,
    "grossProfit": 1971000000,
    "grossProfitRatio": 0.1584659913,
    "researchAndDevelopmentExpenses": 0,
    "generalAndAdministrativeExpenses": 0,
    "sellingAndMarketingExpenses": 0,
    "sellingGeneralAndAdministrativeExpenses": 220000000,
    "otherExpenses": 0,
    "operatingExpenses": 448000000,
    "costAndExpenses": 10915000000,
    "interestIncome": 0,
    "interestExpense": 7000000,
    "depreciationAndAmortization": 167000000,
    "ebitda": 432000000,
    "ebitdaratio": 0.0347322721,
    "operatingIncome": 265000000,
    "operatingIncomeRatio": 0.0213056762,
    "totalOtherIncomeExpensesNet": 6000000,
    "incomeBeforeTax": 271000000,
    "incomeBeforeTaxRatio": 0.0217880688,
    "incomeTaxExpense": 103000000,
    "netIncome": 168000000,
    "netIncomeRatio": 0.0135069947,
    "eps": 0.24,
    "epsdiluted": 0.23,
    "weightedAverageShsOut": 712000000,
    "weightedAverageShsOutDil": 716000000,
    "link": "",
    "finalLink": ""
  }
]