[
  {
    "date": "2024-12-31",
    "symbol": "MPC",
    "reportedCurrency": "USD",
    "cik": "0001510295",
    "fillingDate": "2025-02-27",
    "acceptedDate": "2025-02-27 12:01:38",
    "calendarYear": "2024",
    "period": "FY",
    "revenue": 138517000000,
    "costOfRevenue": 129483000000,
    "grossProfit": 9034000000,
    "grossProfitRatio": 0.0652194315,
    "researchAndDevelopmentExpenses": 0,
    "generalAndAdministrativeExpenses": 3221000000,
    "sellingAndMarketingExpenses": 0,
    "sellingGeneralAndAdministrativeExpenses": 3221000000,
    "otherExpenses": 0,
    "operatingExpenses": 3221000000,
    "costAndExpenses": 132704000000,
    "interestIncome": 467000000,
    "interestExpense": 1344000000,
    "depreciationAndAmortization": 3417000000,
    "ebitda": 10718000000,
    "ebitdaratio": 0.0773767841,
    "operatingIncome": 5813000000,
    "operatingIncomeRatio": 0.0419659681,
    "totalOtherIncomeExpensesNet": 144000000,
    "incomeBeforeTax": 5957000000,
    "incomeBeforeTaxRatio": 0.0430055517,
    "incomeTaxExpense": 890000000,
    "netIncome": 3442000000,
    "netIncomeRatio": 0.0248489355,
    "eps": 10.12,
    "epsdiluted": 10.09,
    "weightedAverageShsOut": 341000000,
    "weightedAverageShsOutDil": 341000000,
    "link": "https://www.sec.gov/Archives/edgar/data/1510295/000151029525000012/0001510295-25-000012-index.htm",
    "finalLink": "https://www.sec.gov/Archives/edgar/data/1510295/000151029525000012/mpc-20241231.htm"
  },
  {
    "date": "2023-12-31",
    "symbol": "MPC",
    "reportedCurrency": "USD",
    "cik": "0001510295",
    "fillingDate": "2024-02-28",
    "acceptedDate": "2024-02-28 14:31:30",
    "calendarYear": "2023",
    "period": "FY",
    "revenue": 148460000000,
    "costOfRevenue": 131858000000,
    "grossProfit": 16602000000,
    "grossProfitRatio": 0.1118281018,
    "researchAndDevelopmentExpenses": 0,
    "generalAndAdministrativeExpenses": 0,
    "sellingAndMarketingExpenses": 0,
    "sellingGeneralAndAdministrativeExpenses": 3039000000,
    "otherExpenses": 0,
    "operatingExpenses": 3039000000,
    "costAndExpenses": 134897000000,
    "interestIncome": 672000000,
    "interestExpense": 1277000000,
    "depreciationAndAmortization": 3380000000,
    "ebitda": 18646000000,
    "ebitdaratio": 0.1255961202,
    "operatingIncome": 13563000000,
    "operatingIncomeRatio": 0.0913579415,
    "totalOtherIncomeExpensesNet": 426000000,
    "incomeBeforeTax": 13989000000,
    "incomeBeforeTaxRatio": 0.0942274013,
    "incomeTaxExpense": 2817000000,
    "netIncome": 9674000000,
    "netIncomeRatio": 0.0651623333,
    "eps": 23.7641,
    "epsdiluted": 23.6479,
    "weightedAverageShsOut": 407000000,
    "weightedAverageShsOutDil": 409000000,
    "link": "https://www.sec.gov/Archives/edgar/data/1510295/000151029524000015/0001510295-24-000015-index.htm",
    "finalLink": "https://www.sec.gov/Archives/edgar/data/1510295/000151029524000015/mpc-20231231.htm"
  },
  {
    "date": "2022-12-31",
    "symbol": "MPC",
    "reportedCurrency": "USD",
    "cik": "0001510295",
    "fillingDate": "2023-02-23",
    "acceptedDate": "2023-02-23 13:32:52",
    "calendarYear": "2022",
    "period": "FY",
    "revenue": 177411000000,
    "costOfRevenue": 154861000000,
    "grossProfit": 22550000000,
    "grossProfitRatio": 0.1271059855,
    "researchAndDevelopmentExpenses": 0,
    "generalAndAdministrativeExpenses": 0,
    "sellingAndMarketingExpenses": 0,
    "sellingGeneralAndAdministrativeExpenses": 2772000000,
    "otherExpenses": 0,
    "operatingExpenses": 2772000000,
    "costAndExpenses": 157633000000,
    "interestIncome": 221000000,
    "interestExpense": 1216000000,
    "depreciationAndAmortization": 3215000000,
    "ebitda": 24900000000,
    "ebitdaratio": 0.1403520639,
    "operatingIncome": 19778000000,
    "operatingIncomeRatio": 0.1114812498,
    "totalOtherIncomeExpensesNet": 691000000,
    "incomeBeforeTax": 20469000000,
    "incomeBeforeTaxRatio": 0.1153761604,
    "incomeTaxExpense": 4491000000,
    "netIncome": 14508000000,
    "netIncomeRatio": 0.0817762146,
    "eps": 28.3359,
    "epsdiluted": 28.1163,
    "weightedAverageShsOut": 512000000,
    "weightedAverageShsOutDil": 516000000,
    "link": "https://www.sec.gov/Archives/edgar/data/1510295/000151029523000012/0001510295-23-000012-index.htm",
    "finalLink": "https://www.sec.gov/Archives/edgar/data/1510295/000151029523000012/mpc-20221231.htm"
  },
  {
    "date": "2021-12-31",
    "symbol": "MPC",
    "reportedCurrency": "USD",
    "cik": "0001510295",
    "fillingDate": "2022-02-24",
    "acceptedDate": "2022-02-24 13:07:50",
    "calendarYear": "2021",
    "period": "FY",
    "revenue": 119777000000,
    "costOfRevenue": 112936000000,
    "grossProfit": 6841000000,
    "grossProfitRatio": 0.0571144711,
    "researchAndDevelopmentExpenses": 0,
    "generalAndAdministrativeExpenses": 0,
    "sellingAndMarketingExpenses": 0,
    "sellingGeneralAndAdministrativeExpenses": 2537000000,
    "otherExpenses": 0,
    "operatingExpenses": 2537000000,
    "costAndExpenses": 115473000000,
    "interestIncome": 14000000,
    "interestExpense": 1300000000,
    "depreciationAndAmortization": 3308000000,
    "ebitda": 7425000000,
    "ebitdaratio": 0.0619901985,
    "operatingIncome": 4304000000,
    "operatingIncomeRatio": 0.035933443,
    "totalOtherIncomeExpensesNet": -1487000000,
    "incomeBeforeTax": 2817000000,
    "incomeBeforeTaxRatio": 0.0235187056,
    "incomeTaxExpense": 264000000,
    "netIncome": 1716000000,
    "netIncomeRatio": 0.0143266236,
    "eps": 2.7066,
    "epsdiluted": 2.6897,
    "weightedAverageShsOut": 634000000,
    "weightedAverageShsOutDil": 638000000,
    "link": "https://www.sec.gov/Archives/edgar/data/1510295/000151029522000011/0001510295-22-000011-index.htm",
    "finalLink": "https://www.sec.gov/Archives/edgar/data/1510295/000151029522000011/mpc-20211231.htm"
  },
  {
    "date": "2020-12-31",
    "symbol": "MPC",
    "reportedCurrency": "USD",
    "cik": "0001510295",
    "fillingDate": "2021-02-26",
    "acceptedDate": "2021-02-26 08:25:25",
    "calendarYear": "2020",
    "period": "FY",
    "revenue": 69157000000,
    "costOfRevenue": 69142000000,
    "grossProfit": 15000000,
    "grossProfitRatio": 0.0002168978,
    "researchAndDevelopmentExpenses": 0,
    "generalAndAdministrativeExpenses": 0,
    "sellingAndMarketingExpenses": 0,
    "sellingGeneralAndAdministrativeExpenses": 2786000000,
    "otherExpenses": 0,
    "operatingExpenses": 2786000000,
    "costAndExpenses": 71928000000,
    "interestIncome": 9000000,
    "interestExpense": 1372000000,
    "depreciationAndAmortization": 3375000000,
    "ebitda": -8865000000,
    "ebitdaratio": -0.1281865899,
    "operatingIncome": -2771000000,
    "operatingIncomeRatio": -0.0400682505,
    "totalOtherIncomeExpensesNet": -10841000000,
    "incomeBeforeTax": -13612000000,
    "incomeBeforeTaxRatio": -0.1968275084,
    "incomeTaxExpense": -2430000000,
    "netIncome": -9827000000,
    "netIncomeRatio": -0.1420969678,
    "eps": -15.1418,
    "epsdiluted": -15.1418,
    "weightedAverageShsOut": 649000000,
    "weightedAverageShsOutDil": 649000000,
    "link": "https://www.sec.gov/Archives/edgar/data/1510295/000151029521000027/0001510295-21-000027-index.htm",
    "finalLink": "https://www.sec.gov/Archives/edgar/data/1510295/000151029521000027/mpc-20201231.htm"
  },
  {
    "date": "2019-12-31",
    "symbol": "MPC",
    "reportedCurrency": "USD",
    "cik": "0001510295",
    "fillingDate": "2020-02-28",
    "acceptedDate": "2020-02-28 16:23:56",
    "calendarYear": "2019",
    "period": "FY",
    "revenue": 110474000000,
    "costOfRevenue": 102376000000,
    "grossProfit": 8098000000,
    "grossProfitRatio": 0.0733023155,
    "researchAndDevelopmentExpenses": 0,
    "generalAndAdministrativeExpenses": 0,
    "sellingAndMarketingExpenses": 0,
    "sellingGeneralAndAdministrativeExpenses": 3017000000,
    "otherExpenses": 0,
    "operatingExpenses": 3017000000,
    "costAndExpenses": 105393000000,
    "interestIncome": 40000000,
    "interestExpense": 1265000000,
    "depreciationAndAmortization": 3225000000,
    "ebitda": 7723000000,
    "ebitdaratio": 0.0699078516,
    "operatingIncome": 5081000000,
    "operatingIncomeRatio": 0.0459927223,
    "totalOtherIncomeExpensesNet": -1848000000,
    "incomeBeforeTax": 3233000000,
    "incomeBeforeTaxRatio": 0.0292648044,
    "incomeTaxExpense": 784000000,
    "netIncome": 2636000000,
    "netIncomeRatio": 0.0238608179,
    "eps": 4,
    "epsdiluted": 3.9699,
    "weightedAverageShsOut": 659000000,
    "weightedAverageShsOutDil": 664000000,
    "link": "https://www.sec.gov/Archives/edgar/data/1510295/000151029520000006/0001510295-20-000006-index.htm",
    "finalLink": "https://www.sec.gov/Archives/edgar/data/1510295/000151029520000006/mpc-20191231x10k.htm"
  },
  {
    "date": "2018-12-31",
    "symbol": "MPC",
    "reportedCurrency": "USD",
    "cik": "0001510295",
    "fillingDate": "2019-02-28",
    "acceptedDate": "2019-02-28 14:17:56",
    "calendarYear": "2018",
    "period": "FY",
    "revenue": 96136000000,
    "costOfRevenue": 88494000000,
    "grossProfit": 7642000000,
    "grossProfitRatio": 0.0794915536,
    "researchAndDevelopmentExpenses": 0,
    "generalAndAdministrativeExpenses": 0,
    "sellingAndMarketingExpenses": 0,
    "sellingGeneralAndAdministrativeExpenses": 2371000000,
    "otherExpenses": 0,
    "operatingExpenses": 2371000000,
    "costAndExpenses": 90865000000,
    "interestIncome": 87000000,
    "interestExpense": 973000000,
    "depreciationAndAmortization": 2490000000,
    "ebitda": 8031000000,
    "ebitdaratio": 0.0835379046,
    "operatingIncome": 5271000000,
    "operatingIncomeRatio": 0.0548285762,
    "totalOtherIncomeExpensesNet": -703000000,
    "incomeBeforeTax": 3697000000,
    "incomeBeforeTaxRatio": 0.0384559374,
    "incomeTaxExpense": 962000000,
    "netIncome": 2779000000,
    "netIncomeRatio": 0.0289069651,
    "eps": 5.3649,
    "epsdiluted": 5.2833,
    "weightedAverageShsOut": 518000000,
    "weightedAverageShsOutDil": 526000000,
    "link": "https://www.sec.gov/Archives/edgar/data/1510295/000151029519000014/0001510295-19-000014-index.htm",
    "finalLink": "https://www.sec.gov/Archives/edgar/data/1510295/000151029519000014/mpc-20181231x10k.htm"
  },
  {
    "date": "2017-12-31",
    "symbol": "MPC",
    "reportedCurrency": "USD",
    "cik": "0001510295",
    "fillingDate": "2018-02-28",
    "acceptedDate": "2018-02-28 15:37:13",
    "calendarYear": "2017",
    "period": "FY",
    "revenue": 74594000000,
    "costOfRevenue": 69152000000,
    "grossProfit": 5442000000,
    "grossProfitRatio": 0.0729549294,
    "researchAndDevelopmentExpenses": 0,
    "generalAndAdministrativeExpenses": 0,
    "sellingAndMarketingExpenses": 0,
    "sellingGeneralAndAdministrativeExpenses": 1665000000,
    "otherExpenses": 0,
    "operatingExpenses": 1665000000,
    "costAndExpenses": 70817000000,
    "interestIncome": 27000000,
    "interestExpense": 652000000,
    "depreciationAndAmortization": 2114000000,
    "ebitda": 6110000000,
    "ebitdaratio": 0.0819100732,
    "operatingIncome": 3777000000,
    "operatingIncomeRatio": 0.0506340993,
    "totalOtherIncomeExpensesNet": -433000000,
    "incomeBeforeTax": 3344000000,
    "incomeBeforeTaxRatio": 0.0448293428,
    "incomeTaxExpense": -460000000,
    "netIncome": 3430000000,
    "netIncomeRatio": 0.0459822506,
    "eps": 6.7653,
    "epsdiluted": 6.6992,
    "weightedAverageShsOut": 511940298,
    "weightedAverageShsOutDil": 512000000,
    "link": "https://www.sec.gov/Archives/edgar/data/1510295/000151029518000024/0001510295-18-000024-index.htm",
    "finalLink": "https://www.sec.gov/Archives/edgar/data/1510295/000151029518000024/mpc-20171231x10k.htm"
  },
  {
    "date": "2016-12-31",
    "symbol": "MPC",
    "reportedCurrency": "USD",
    "cik": "0001510295",
    "fillingDate": "2017-02-24",
    "acceptedDate": "2017-02-24 14:17:13",
    "calendarYear": "2016",
    "period": "FY",
    "revenue": 56024000000,
    "costOfRevenue": 51558000000,
    "grossProfit": 4466000000,
    "grossProfitRatio": 0.0797158361,
    "researchAndDevelopmentExpenses": 0,
    "generalAndAdministrativeExpenses": 0,
    "sellingAndMarketingExpenses": 0,
    "sellingGeneralAndAdministrativeExpenses": 1605000000,
    "otherExpenses": -65000000,
    "operatingExpenses": 1670000000,
    "costAndExpenses": 53228000000,
    "interestIncome": 6000000,
    "interestExpense": 562000000,
    "depreciationAndAmortization": 2001000000,
    "ebitda": 4385000000,
    "ebitdaratio": 0.0782700271,
    "operatingIncome": 2796000000,
    "operatingIncomeRatio": 0.0499071826,
    "totalOtherIncomeExpensesNet": -974000000,
    "incomeBeforeTax": 1822000000,
    "incomeBeforeTaxRatio": 0.0325217764,
    "incomeTaxExpense": 609000000,
    "netIncome": 1173000000,
    "netIncomeRatio": 0.0209374554,
    "eps": 2.22,
    "epsdiluted": 2.21,
    "weightedAverageShsOut": 530000000,
    "weightedAverageShsOutDil": 530769230,
    "link": "https://www.sec.gov/Archives/edgar/data/1510295/000151029517000017/0001510295-17-000017-index.htm",
    "finalLink": "https://www.sec.gov/Archives/edgar/data/1510295/000151029517000017/mpc-20161231x10k.htm"
  },
  {
    "date": "2015-12-31",
    "symbol": "MPC",
    "reportedCurrency": "USD",
    "cik": "0001510295",
    "fillingDate": "2016-02-26",
    "acceptedDate": "2016-02-26 14:59:20",
    "calendarYear": "2015",
    "period": "FY",
    "revenue": 64452000000,
    "costOfRevenue": 57708000000,
    "grossProfit": 6744000000,
    "grossProfitRatio": 0.1046360082,
    "researchAndDevelopmentExpenses": 0,
    "generalAndAdministrativeExpenses": 0,
    "sellingAndMarketingExpenses": 0,
    "sellingGeneralAndAdministrativeExpenses": 1576000000,
    "otherExpenses": -761000000,
    "operatingExpenses": 2337000000,
    "costAndExpenses": 60045000000,
    "interestIncome": 6000000,
    "interestExpense": 319000000,
    "depreciationAndAmortization": 1502000000,
    "ebitda": 6195000000,
    "ebitdaratio": 0.0961180413,
    "operatingIncome": 4407000000,
    "operatingIncomeRatio": 0.0683764662,
    "totalOtherIncomeExpensesNet": -33000000,
    "incomeBeforeTax": 4374000000,
    "incomeBeforeTaxRatio": 0.0678644573,
    "incomeTaxExpense": 1506000000,
    "netIncome": 2848000000,
    "netIncomeRatio": 0.0441879228,
    "eps": 5.29,
    "epsdiluted": 5.2546,
    "weightedAverageShsOut": 541444866,
    "weightedAverageShsOutDil": 542000000,
    "link": "https://www.sec.gov/Archives/edgar/data/1510295/000151029516000078/0001510295-16-000078-index.htm",
    "finalLink": "https://www.sec.gov/Archives/edgar/data/1510295/000151029516000078/mpc-20151231x10k.htm"
  },
  {
    "date": "2014-12-31",
    "symbol": "MPC",
    "reportedCurrency": "USD",
    "cik": "0001510295",
    "fillingDate": "2015-02-27",
    "acceptedDate": "2015-02-27 13:44:04",
    "calendarYear": "2014",
    "period": "FY",
    "revenue": 91217000000,
    "costOfRevenue": 86024000000,
    "grossProfit": 5193000000,
    "grossProfitRatio": 0.0569301775,
    "researchAndDevelopmentExpenses": 0,
    "generalAndAdministrativeExpenses": 0,
    "sellingAndMarketingExpenses": 0,
    "sellingGeneralAndAdministrativeExpenses": 1361000000,
    "otherExpenses": -390000000,
    "operatingExpenses": 1751000000,
    "costAndExpenses": 87775000000,
    "interestIncome": 7000000,
    "interestExpense": 223000000,
    "depreciationAndAmortization": 1326000000,
    "ebitda": 5384000000,
    "ebitdaratio": 0.0590240854,
    "operatingIncome": 3442000000,
    "operatingIncomeRatio": 0.0377341943,
    "totalOtherIncomeExpensesNet": 393000000,
    "incomeBeforeTax": 3835000000,
    "incomeBeforeTaxRatio": 0.0420426017,
    "incomeTaxExpense": 1280000000,
    "netIncome": 2520000000,
    "netIncomeRatio": 0.0276264293,
    "eps": 4.42,
    "epsdiluted": 4.39,
    "weightedAverageShsOut": 574000000,
    "weightedAverageShsOutDil": 574031890,
    "link": "https://www.sec.gov/Archives/edgar/data/1510295/000151029515000007/0001510295-15-000007-index.htm",
    "finalLink": "https://www.sec.gov/Archives/edgar/data/1510295/000151029515000007/mpc-20141231x10k.htm"
  },
  {
    "date": "2013-12-31",
    "symbol": "MPC",
    "reportedCurrency": "USD",
    "cik": "0001510295",
    "fillingDate": "2014-02-28",
    "acceptedDate": "2014-02-28 14:59:24",
    "calendarYear": "2013",
    "period": "FY",
    "revenue": 93937000000,
    "costOfRevenue": 88765000000,
    "grossProfit": 5172000000,
    "grossProfitRatio": 0.0550581773,
    "researchAndDevelopmentExpenses": 0,
    "generalAndAdministrativeExpenses": 0,
    "sellingAndMarketingExpenses": 0,
    "sellingGeneralAndAdministrativeExpenses": 1241000000,
    "otherExpenses": -340000000,
    "operatingExpenses": 1581000000,
    "costAndExpenses": 90346000000,
    "interestIncome": 9000000,
    "interestExpense": 188000000,
    "depreciationAndAmortization": 1212000000,
    "ebitda": 4646000000,
    "ebitdaratio": 0.0494586798,
    "operatingIncome": 3591000000,
    "operatingIncomeRatio": 0.0382277484,
    "totalOtherIncomeExpensesNet": -345000000,
    "incomeBeforeTax": 3246000000,
    "incomeBeforeTaxRatio": 0.0345550741,
    "incomeTaxExpense": 1113000000,
    "netIncome": 2108000000,
    "netIncomeRatio": 0.0224405719,
    "eps": 3.345,
    "epsdiluted": 3.3249,
    "weightedAverageShsOut": 634000000,
    "weightedAverageShsOutDil": 634939759,
    "link": "https://www.sec.gov/Archives/edgar/data/1510295/000151029514000004/0001510295-14-000004-index.htm",
    "finalLink": "https://www.sec.gov/Archives/edgar/data/1510295/000151029514000004/mpc-20131231x10k.htm"
  },
  {
    "date": "2012-12-31",
    "symbol": "MPC",
    "reportedCurrency": "USD",
    "cik": "0001510295",
    "fillingDate": "2013-02-28",
    "acceptedDate": "2013-02-28 17:04:19",
    "calendarYear": "2012",
    "period": "FY",
    "revenue": 76572000000,
    "costOfRevenue": 70008000000,
    "grossProfit": 6564000000,
    "grossProfitRatio": 0.0857232409,
    "researchAndDevelopmentExpenses": 0,
    "generalAndAdministrativeExpenses": 0,
    "sellingAndMarketingExpenses": 0,
    "sellingGeneralAndAdministrativeExpenses": 1223000000,
    "otherExpenses": -270000000,
    "operatingExpenses": 1493000000,
    "costAndExpenses": 71501000000,
    "interestIncome": 6000000,
    "interestExpense": 115000000,
    "depreciationAndAmortization": 995000000,
    "ebitda": 6348000000,
    "ebitdaratio": 0.0829023664,
    "operatingIncome": 5071000000,
    "operatingIncomeRatio": 0.0662252521,
    "totalOtherIncomeExpensesNet": 167000000,
    "incomeBeforeTax": 5238000000,
    "incomeBeforeTaxRatio": 0.0684062059,
    "incomeTaxExpense": 1845000000,
    "netIncome": 3383000000,
    "netIncomeRatio": 0.0441806404,
    "eps": 4.975,
    "epsdiluted": 4.945,
    "weightedAverageShsOut": 684000000,
    "weightedAverageShsOutDil": 684125379,
    "link": "https://www.sec.gov/Archives/edgar/data/1510295/000119312513084698/0001193125-13-084698-index.htm",
    "finalLink": "https://www.sec.gov/Archives/edgar/data/1510295/000119312513084698/d445389d10k.htm"
  },
  {
    "date": "2011-12-31",
    "symbol": "MPC",
    "reportedCurrency": "USD",
    "cik": "0001510295",
    "fillingDate": "2012-02-29",
    "acceptedDate": "2012-02-29 15:01:51",
    "calendarYear": "2011",
    "period": "FY",
    "revenue": 73616000000,
    "costOfRevenue": 68737000000,
    "grossProfit": 4879000000,
    "grossProfitRatio": 0.066276353,
    "researchAndDevelopmentExpenses": 0,
    "generalAndAdministrativeExpenses": 0,
    "sellingAndMarketingExpenses": 0,
    "sellingGeneralAndAdministrativeExpenses": 1080000000,
    "otherExpenses": -239000000,
    "operatingExpenses": 1319000000,
    "costAndExpenses": 70056000000,
    "interestIncome": 3000000,
    "interestExpense": 76000000,
    "depreciationAndAmortization": 891000000,
    "ebitda": 4686000000,
    "ebitdaratio": 0.0636546403,
    "operatingIncome": 3560000000,
    "operatingIncomeRatio": 0.0483590524,
    "totalOtherIncomeExpensesNet": 159000000,
    "incomeBeforeTax": 3719000000,
    "incomeBeforeTaxRatio": 0.0505189089,
    "incomeTaxExpense": 1330000000,
    "netIncome": 2385000000,
    "netIncomeRatio": 0.0323978483,
    "eps": 3.35,
    "epsdiluted": 3.3403,
    "weightedAverageShsOut": 712000000,
    "weightedAverageShsOutDil": 714000000,
    "link": "https://www.sec.gov/Archives/edgar/data/1510295/000119312512088690/0001193125-12-088690-index.htm",
    "finalLink": "https://www.sec.gov/Archives/edgar/data/1510295/000119312512088690/d260652d10k.htm"
  },
  {
    "date": "2010-12-31",
    "symbol": "MPC",
    "reportedCurrency": "USD",
    "cik": "0001510295",
    "fillingDate": "2010-12-31",
    "acceptedDate": "2010-12-30 19:00:00",
    "calendarYear": "2010",
    "period": "FY",
    "revenue": 57279000000,
    "costOfRevenue": 55219000000,
    "grossProfit": 2060000000,
    "grossProfitRatio": 0.035964315,
    "researchAndDevelopmentExpenses": 0,
    "generalAndAdministrativeExpenses": 0,
    "sellingAndMarketingExpenses": 0,
    "sellingGeneralAndAdministrativeExpenses": 920000000,
    "otherExpenses": -247000000,
    "operatingExpenses": 1167000000,
    "costAndExpenses": 56386000000,
    "interestIncome": 2000000,
    "interestExpense": 7000000,
    "depreciationAndAmortization": 941000000,
    "ebitda": 1971000000,
    "ebitdaratio": 0.0344105169,
    "operatingIncome": 893000000,
    "operatingIncomeRatio": 0.015590356,
    "totalOtherIncomeExpensesNet": 130000000,
    "incomeBeforeTax": 1023000000,
    "incomeBeforeTaxRatio": 0.0178599487,
    "incomeTaxExpense": 400000000,
    "netIncome": 623000000,
    "netIncomeRatio": 0.0108765865,
    "eps": 0.875,
    "epsdiluted": 0.875,
    "weightedAverageShsOut": 712000000,
    "weightedAverageShsOutDil": 716000000,
    "link": "",
    "finalLink": ""
  },
  {
    "date": "2009-12-31",
    "symbol": "MPC",
    "reportedCurrency": "USD",
    "cik": "0001510295",
    "fillingDate": "2009-12-31",
    "acceptedDate": "2009-12-30 19:00:00",
    "calendarYear": "2009",
    "period": "FY",
    "revenue": 40606000000,
    "costOfRevenue": 38990000000,
    "grossProfit": 1616000000,
    "grossProfitRatio": 0.0397970743,
    "researchAndDevelopmentExpenses": 0,
    "generalAndAdministrativeExpenses": 0,
    "sellingAndMarketingExpenses": 0,
    "sellingGeneralAndAdministrativeExpenses": 842000000,
    "otherExpenses": -229000000,
    "operatingExpenses": 1071000000,
    "costAndExpenses": 40061000000,
    "interestIncome": 3000000,
    "interestExpense": 8000000,
    "depreciationAndAmortization": 670000000,
    "ebitda": 1363000000,
    "ebitdaratio": 0.033566468,
    "operatingIncome": 545000000,
    "operatingIncomeRatio": 0.0134216618,
    "totalOtherIncomeExpensesNet": 140000000,
    "incomeBeforeTax": 685000000,
    "incomeBeforeTaxRatio": 0.0168694282,
    "incomeTaxExpense": 236000000,
    "netIncome": 449000000,
    "netIncomeRatio": 0.0110574792,
    "eps": 0.63,
    "epsdiluted": 0.63,
    "weightedAverageShsOut": 712000000,
    "weightedAverageShsOutDil": 716000000,
    "link": "",
    "finalLink": ""
  },
  {
    "date": "2008-12-31",
    "symbol": "MPC",
    "reportedCurrency": "USD",
    "cik": "0001510295",
    "fillingDate": "2008-12-31",
    "acceptedDate": "2008-12-30 19:00:00",
    "calendarYear": "2008",
    "period": "FY",
    "revenue": 59874000000,
    "costOfRevenue": 57133000000,
    "grossProfit": 2741000000,
    "grossProfitRatio": 0.0457794702,
    "researchAndDevelopmentExpenses": 0,
    "generalAndAdministrativeExpenses": 0,
    "sellingAndMarketingExpenses": 0,
    "sellingGeneralAndAdministrativeExpenses": 961000000,
    "otherExpenses": -244000000,
    "operatingExpenses": 1205000000,
    "costAndExpenses": 58338000000,
    "interestIncome": 6000000,
    "interestExpense": 8000000,
    "depreciationAndAmortization": 606000000,
    "ebitda": 2499000000,
    "ebitdaratio": 0.0417376491,
    "operatingIncome": 1536000000,
    "operatingIncomeRatio": 0.0256538731,
    "totalOtherIncomeExpensesNet": 349000000,
    "incomeBeforeTax": 1885000000,
    "incomeBeforeTaxRatio": 0.0314827805,
    "incomeTaxExpense": 670000000,
    "netIncome": 1215000000,
    "netIncomeRatio": 0.0202926145,
    "eps": 1.705,
    "epsdiluted": 1.705,
    "weightedAverageShsOut": 712000000,
    "weightedAverageShsOutDil": 716000000,
    "link": "",
    "finalLink": ""
  }
]