[
  {
    "date": "2024-12-31",
    "symbol": "MPWR",
    "reportedCurrency": "USD",
    "cik": "0001280452",
    "fillingDate": "2025-03-03",
    "acceptedDate": "2025-03-03 15:14:51",
    "calendarYear": "2024",
    "period": "FY",
    "revenue": 2207100000,
    "costOfRevenue": 986230000,
    "grossProfit": 1220870000,
    "grossProfitRatio": 0.5531557247,
    "researchAndDevelopmentExpenses": 324748000,
    "generalAndAdministrativeExpenses": 0,
    "sellingAndMarketingExpenses": 0,
    "sellingGeneralAndAdministrativeExpenses": 356764000,
    "otherExpenses": 0,
    "operatingExpenses": 681512000,
    "costAndExpenses": 1667742000,
    "interestIncome": 27093000,
    "interestExpense": 0,
    "depreciationAndAmortization": 36430000,
    "ebitda": 575788000,
    "ebitdaratio": 0.2608798876,
    "operatingIncome": 539358000,
    "operatingIncomeRatio": 0.2443740655,
    "totalOtherIncomeExpensesNet": 33554000,
    "incomeBeforeTax": 572912000,
    "incomeBeforeTaxRatio": 0.2595768203,
    "incomeTaxExpense": -1213788000,
    "netIncome": 1786700000,
    "netIncomeRatio": 0.8095238095,
    "eps": 36.76,
    "epsdiluted": 36.59,
    "weightedAverageShsOut": 48599000,
    "weightedAverageShsOutDil": 48835000,
    "link": "https://www.sec.gov/Archives/edgar/data/1280452/000143774925005903/0001437749-25-005903-index.htm",
    "finalLink": "https://www.sec.gov/Archives/edgar/data/1280452/000143774925005903/mpwr20241231_10k.htm"
  },
  {
    "date": "2023-12-31",
    "symbol": "MPWR",
    "reportedCurrency": "USD",
    "cik": "0001280452",
    "fillingDate": "2024-02-29",
    "acceptedDate": "2024-02-29 16:55:31",
    "calendarYear": "2023",
    "period": "FY",
    "revenue": 1821072000,
    "costOfRevenue": 799953000,
    "grossProfit": 1021119000,
    "grossProfitRatio": 0.5607241229,
    "researchAndDevelopmentExpenses": 263643000,
    "generalAndAdministrativeExpenses": 0,
    "sellingAndMarketingExpenses": 0,
    "sellingGeneralAndAdministrativeExpenses": 275740000,
    "otherExpenses": 0,
    "operatingExpenses": 539383000,
    "costAndExpenses": 1339336000,
    "interestIncome": 23363000,
    "interestExpense": 0,
    "depreciationAndAmortization": 40168000,
    "ebitda": 521904000,
    "ebitdaratio": 0.2865916339,
    "operatingIncome": 481736000,
    "operatingIncomeRatio": 0.2645342963,
    "totalOtherIncomeExpensesNet": 24105000,
    "incomeBeforeTax": 505841000,
    "incomeBeforeTaxRatio": 0.2777710052,
    "incomeTaxExpense": 78467000,
    "netIncome": 427374000,
    "netIncomeRatio": 0.2346826485,
    "eps": 8.98,
    "epsdiluted": 8.76,
    "weightedAverageShsOut": 47610000,
    "weightedAverageShsOutDil": 48771000,
    "link": "https://www.sec.gov/Archives/edgar/data/1280452/000143774924006133/0001437749-24-006133-index.htm",
    "finalLink": "https://www.sec.gov/Archives/edgar/data/1280452/000143774924006133/mpwr20231231_10k.htm"
  },
  {
    "date": "2022-12-31",
    "symbol": "MPWR",
    "reportedCurrency": "USD",
    "cik": "0001280452",
    "fillingDate": "2023-02-24",
    "acceptedDate": "2023-02-24 16:16:51",
    "calendarYear": "2022",
    "period": "FY",
    "revenue": 1794148000,
    "costOfRevenue": 745596000,
    "grossProfit": 1048552000,
    "grossProfitRatio": 0.5844289323,
    "researchAndDevelopmentExpenses": 240171000,
    "generalAndAdministrativeExpenses": 0,
    "sellingAndMarketingExpenses": 0,
    "sellingGeneralAndAdministrativeExpenses": 281596000,
    "otherExpenses": 0,
    "operatingExpenses": 521767000,
    "costAndExpenses": 1267363000,
    "interestIncome": 14369000,
    "interestExpense": 0,
    "depreciationAndAmortization": 37114000,
    "ebitda": 563899000,
    "ebitdaratio": 0.3142990433,
    "operatingIncome": 526785000,
    "operatingIncomeRatio": 0.2936129015,
    "totalOtherIncomeExpensesNet": -1848000,
    "incomeBeforeTax": 524937000,
    "incomeBeforeTaxRatio": 0.2925828861,
    "incomeTaxExpense": 87265000,
    "netIncome": 437672000,
    "netIncomeRatio": 0.2439442008,
    "eps": 9.37,
    "epsdiluted": 9.05,
    "weightedAverageShsOut": 46727000,
    "weightedAverageShsOutDil": 48358000,
    "link": "https://www.sec.gov/Archives/edgar/data/1280452/000143774923004540/0001437749-23-004540-index.htm",
    "finalLink": "https://www.sec.gov/Archives/edgar/data/1280452/000143774923004540/mpwr20221231_10k.htm"
  },
  {
    "date": "2021-12-31",
    "symbol": "MPWR",
    "reportedCurrency": "USD",
    "cik": "0001280452",
    "fillingDate": "2022-02-25",
    "acceptedDate": "2022-02-25 16:03:32",
    "calendarYear": "2021",
    "period": "FY",
    "revenue": 1207798000,
    "costOfRevenue": 522339000,
    "grossProfit": 685459000,
    "grossProfitRatio": 0.5675278482,
    "researchAndDevelopmentExpenses": 190627000,
    "generalAndAdministrativeExpenses": 0,
    "sellingAndMarketingExpenses": 0,
    "sellingGeneralAndAdministrativeExpenses": 232415000,
    "otherExpenses": 0,
    "operatingExpenses": 423042000,
    "costAndExpenses": 945381000,
    "interestIncome": 11637000,
    "interestExpense": 0,
    "depreciationAndAmortization": 28699000,
    "ebitda": 291116000,
    "ebitdaratio": 0.241030371,
    "operatingIncome": 262417000,
    "operatingIncomeRatio": 0.2172689473,
    "totalOtherIncomeExpensesNet": 9802000,
    "incomeBeforeTax": 272219000,
    "incomeBeforeTaxRatio": 0.2253845428,
    "incomeTaxExpense": 30196000,
    "netIncome": 242023000,
    "netIncomeRatio": 0.2003836734,
    "eps": 5.28,
    "epsdiluted": 5.05,
    "weightedAverageShsOut": 45851000,
    "weightedAverageShsOutDil": 47889000,
    "link": "https://www.sec.gov/Archives/edgar/data/1280452/000143774922004460/0001437749-22-004460-index.htm",
    "finalLink": "https://www.sec.gov/Archives/edgar/data/1280452/000143774922004460/mpwr20211231_10k.htm"
  },
  {
    "date": "2020-12-31",
    "symbol": "MPWR",
    "reportedCurrency": "USD",
    "cik": "0001280452",
    "fillingDate": "2021-03-01",
    "acceptedDate": "2021-03-01 16:36:04",
    "calendarYear": "2020",
    "period": "FY",
    "revenue": 844452000,
    "costOfRevenue": 378498000,
    "grossProfit": 465954000,
    "grossProfitRatio": 0.5517826946,
    "researchAndDevelopmentExpenses": 137598000,
    "generalAndAdministrativeExpenses": 0,
    "sellingAndMarketingExpenses": 0,
    "sellingGeneralAndAdministrativeExpenses": 161670000,
    "otherExpenses": 7804000,
    "operatingExpenses": 307072000,
    "costAndExpenses": 685570000,
    "interestIncome": 9327000,
    "interestExpense": 0,
    "depreciationAndAmortization": 19186000,
    "ebitda": 185872000,
    "ebitdaratio": 0.2201096095,
    "operatingIncome": 158882000,
    "operatingIncomeRatio": 0.1881480534,
    "totalOtherIncomeExpensesNet": 10460000,
    "incomeBeforeTax": 169342000,
    "incomeBeforeTaxRatio": 0.2005347847,
    "incomeTaxExpense": 4967000,
    "netIncome": 164375000,
    "netIncomeRatio": 0.1946528636,
    "eps": 3.67,
    "epsdiluted": 3.5,
    "weightedAverageShsOut": 44840000,
    "weightedAverageShsOutDil": 47014000,
    "link": "https://www.sec.gov/Archives/edgar/data/1280452/000143774921004587/0001437749-21-004587-index.htm",
    "finalLink": "https://www.sec.gov/Archives/edgar/data/1280452/000143774921004587/mpwr20201231_10k.htm"
  },
  {
    "date": "2019-12-31",
    "symbol": "MPWR",
    "reportedCurrency": "USD",
    "cik": "0001280452",
    "fillingDate": "2020-02-28",
    "acceptedDate": "2020-02-28 16:59:17",
    "calendarYear": "2019",
    "period": "FY",
    "revenue": 627921000,
    "costOfRevenue": 281596000,
    "grossProfit": 346325000,
    "grossProfitRatio": 0.5515423119,
    "researchAndDevelopmentExpenses": 107757000,
    "generalAndAdministrativeExpenses": 0,
    "sellingAndMarketingExpenses": 0,
    "sellingGeneralAndAdministrativeExpenses": 133542000,
    "otherExpenses": 2464000,
    "operatingExpenses": 243763000,
    "costAndExpenses": 525359000,
    "interestIncome": 7305000,
    "interestExpense": 0,
    "depreciationAndAmortization": 14867000,
    "ebitda": 119893000,
    "ebitdaratio": 0.1909364395,
    "operatingIncome": 102562000,
    "operatingIncomeRatio": 0.1633358336,
    "totalOtherIncomeExpensesNet": 10558000,
    "incomeBeforeTax": 113120000,
    "incomeBeforeTaxRatio": 0.1801500507,
    "incomeTaxExpense": 4281000,
    "netIncome": 108839000,
    "netIncomeRatio": 0.1733323141,
    "eps": 2.52,
    "epsdiluted": 2.38,
    "weightedAverageShsOut": 43165000,
    "weightedAverageShsOutDil": 45763000,
    "link": "https://www.sec.gov/Archives/edgar/data/1280452/000143774920003943/0001437749-20-003943-index.htm",
    "finalLink": "https://www.sec.gov/Archives/edgar/data/1280452/000143774920003943/mpwr20191231_10k.htm"
  },
  {
    "date": "2018-12-31",
    "symbol": "MPWR",
    "reportedCurrency": "USD",
    "cik": "0001280452",
    "fillingDate": "2019-03-01",
    "acceptedDate": "2019-03-01 17:19:31",
    "calendarYear": "2018",
    "period": "FY",
    "revenue": 582382000,
    "costOfRevenue": 259714000,
    "grossProfit": 322668000,
    "grossProfitRatio": 0.5540487172,
    "researchAndDevelopmentExpenses": 93455000,
    "generalAndAdministrativeExpenses": 113803000,
    "sellingAndMarketingExpenses": 0,
    "sellingGeneralAndAdministrativeExpenses": 113803000,
    "otherExpenses": 1922000,
    "operatingExpenses": 209180000,
    "costAndExpenses": 468894000,
    "interestIncome": 6321000,
    "interestExpense": 0,
    "depreciationAndAmortization": 12311000,
    "ebitda": 127721000,
    "ebitdaratio": 0.2193079456,
    "operatingIncome": 113488000,
    "operatingIncomeRatio": 0.1948686601,
    "totalOtherIncomeExpensesNet": 4994000,
    "incomeBeforeTax": 118482000,
    "incomeBeforeTaxRatio": 0.2034437878,
    "incomeTaxExpense": 13214000,
    "netIncome": 105268000,
    "netIncomeRatio": 0.1807542129,
    "eps": 2.36,
    "epsdiluted": 2.36,
    "weightedAverageShsOut": 44602000,
    "weightedAverageShsOutDil": 44602000,
    "link": "https://www.sec.gov/Archives/edgar/data/1280452/000143774919003798/0001437749-19-003798-index.htm",
    "finalLink": "https://www.sec.gov/Archives/edgar/data/1280452/000143774919003798/mpwr20181231_10k.htm"
  },
  {
    "date": "2017-12-31",
    "symbol": "MPWR",
    "reportedCurrency": "USD",
    "cik": "0001280452",
    "fillingDate": "2018-03-01",
    "acceptedDate": "2018-03-01 16:20:03",
    "calendarYear": "2017",
    "period": "FY",
    "revenue": 470929000,
    "costOfRevenue": 212646000,
    "grossProfit": 258283000,
    "grossProfitRatio": 0.5484542256,
    "researchAndDevelopmentExpenses": 82359000,
    "generalAndAdministrativeExpenses": 97257000,
    "sellingAndMarketingExpenses": 0,
    "sellingGeneralAndAdministrativeExpenses": 97257000,
    "otherExpenses": 1243000,
    "operatingExpenses": 180859000,
    "costAndExpenses": 393505000,
    "interestIncome": 5353000,
    "interestExpense": 0,
    "depreciationAndAmortization": 16101000,
    "ebitda": 94768000,
    "ebitdaratio": 0.2012362798,
    "operatingIncome": 77424000,
    "operatingIncomeRatio": 0.1644069488,
    "totalOtherIncomeExpensesNet": 5520000,
    "incomeBeforeTax": 82944000,
    "incomeBeforeTaxRatio": 0.176128461,
    "incomeTaxExpense": 17741000,
    "netIncome": 65203000,
    "netIncomeRatio": 0.1384561155,
    "eps": 1.58,
    "epsdiluted": 1.5,
    "weightedAverageShsOut": 41350000,
    "weightedAverageShsOutDil": 43578000,
    "link": "https://www.sec.gov/Archives/edgar/data/1280452/000143774918003639/0001437749-18-003639-index.htm",
    "finalLink": "https://www.sec.gov/Archives/edgar/data/1280452/000143774918003639/mpwr20171231_10k.htm"
  },
  {
    "date": "2016-12-31",
    "symbol": "MPWR",
    "reportedCurrency": "USD",
    "cik": "0001280452",
    "fillingDate": "2017-03-01",
    "acceptedDate": "2017-03-01 16:49:20",
    "calendarYear": "2016",
    "period": "FY",
    "revenue": 388665000,
    "costOfRevenue": 177792000,
    "grossProfit": 210873000,
    "grossProfitRatio": 0.5425572151,
    "researchAndDevelopmentExpenses": 73643000,
    "generalAndAdministrativeExpenses": 83012000,
    "sellingAndMarketingExpenses": 0,
    "sellingGeneralAndAdministrativeExpenses": 83012000,
    "otherExpenses": -229000,
    "operatingExpenses": 156426000,
    "costAndExpenses": 334218000,
    "interestIncome": 2488000,
    "interestExpense": 0,
    "depreciationAndAmortization": 14674000,
    "ebitda": 68892000,
    "ebitdaratio": 0.1772529042,
    "operatingIncome": 54447000,
    "operatingIncomeRatio": 0.1400872216,
    "totalOtherIncomeExpensesNet": 2817000,
    "incomeBeforeTax": 57264000,
    "incomeBeforeTaxRatio": 0.1473351086,
    "incomeTaxExpense": 4544000,
    "netIncome": 52720000,
    "netIncomeRatio": 0.1356438064,
    "eps": 1.3,
    "epsdiluted": 1.26,
    "weightedAverageShsOut": 40436000,
    "weightedAverageShsOutDil": 41915000,
    "link": "https://www.sec.gov/Archives/edgar/data/1280452/000143774917003558/0001437749-17-003558-index.htm",
    "finalLink": "https://www.sec.gov/Archives/edgar/data/1280452/000143774917003558/mpwr20161231_10k.htm"
  },
  {
    "date": "2015-12-31",
    "symbol": "MPWR",
    "reportedCurrency": "USD",
    "cik": "0001280452",
    "fillingDate": "2016-02-29",
    "acceptedDate": "2016-02-29 16:21:23",
    "calendarYear": "2015",
    "period": "FY",
    "revenue": 333067000,
    "costOfRevenue": 152898000,
    "grossProfit": 180169000,
    "grossProfitRatio": 0.5409392104,
    "researchAndDevelopmentExpenses": 65787000,
    "generalAndAdministrativeExpenses": 72312000,
    "sellingAndMarketingExpenses": 0,
    "sellingGeneralAndAdministrativeExpenses": 72312000,
    "otherExpenses": 1000000,
    "operatingExpenses": 139099000,
    "costAndExpenses": 291997000,
    "interestIncome": 1608000,
    "interestExpense": 0,
    "depreciationAndAmortization": 13783000,
    "ebitda": 55853000,
    "ebitdaratio": 0.1676929867,
    "operatingIncome": 41070000,
    "operatingIncomeRatio": 0.1233085235,
    "totalOtherIncomeExpensesNet": 1421000,
    "incomeBeforeTax": 42491000,
    "incomeBeforeTaxRatio": 0.1275749324,
    "incomeTaxExpense": 7319000,
    "netIncome": 35172000,
    "netIncomeRatio": 0.1056003747,
    "eps": 0.89,
    "epsdiluted": 0.86,
    "weightedAverageShsOut": 39470000,
    "weightedAverageShsOutDil": 40869000,
    "link": "https://www.sec.gov/Archives/edgar/data/1280452/000143774916026344/0001437749-16-026344-index.htm",
    "finalLink": "https://www.sec.gov/Archives/edgar/data/1280452/000143774916026344/mpwr20151119_10k.htm"
  },
  {
    "date": "2014-12-31",
    "symbol": "MPWR",
    "reportedCurrency": "USD",
    "cik": "0001280452",
    "fillingDate": "2015-03-02",
    "acceptedDate": "2015-03-02 16:15:34",
    "calendarYear": "2014",
    "period": "FY",
    "revenue": 282535000,
    "costOfRevenue": 129917000,
    "grossProfit": 152618000,
    "grossProfitRatio": 0.5401737838,
    "researchAndDevelopmentExpenses": 58590000,
    "generalAndAdministrativeExpenses": 66755000,
    "sellingAndMarketingExpenses": 0,
    "sellingGeneralAndAdministrativeExpenses": 66755000,
    "otherExpenses": -8027000,
    "operatingExpenses": 117318000,
    "costAndExpenses": 247235000,
    "interestIncome": 1112000,
    "interestExpense": 0,
    "depreciationAndAmortization": 13130000,
    "ebitda": 40403000,
    "ebitdaratio": 0.143001752,
    "operatingIncome": 35300000,
    "operatingIncomeRatio": 0.1249402729,
    "totalOtherIncomeExpensesNet": 1092000,
    "incomeBeforeTax": 36392000,
    "incomeBeforeTaxRatio": 0.1288052808,
    "incomeTaxExpense": 897000,
    "netIncome": 35495000,
    "netIncomeRatio": 0.1256304529,
    "eps": 0.92,
    "epsdiluted": 0.89,
    "weightedAverageShsOut": 38686000,
    "weightedAverageShsOutDil": 39793000,
    "link": "https://www.sec.gov/Archives/edgar/data/1280452/000143774915003820/0001437749-15-003820-index.htm",
    "finalLink": "https://www.sec.gov/Archives/edgar/data/1280452/000143774915003820/mpwr20141231_10k.htm"
  },
  {
    "date": "2013-12-31",
    "symbol": "MPWR",
    "reportedCurrency": "USD",
    "cik": "0001280452",
    "fillingDate": "2014-03-10",
    "acceptedDate": "2014-03-10 16:14:49",
    "calendarYear": "2013",
    "period": "FY",
    "revenue": 238091000,
    "costOfRevenue": 110190000,
    "grossProfit": 127901000,
    "grossProfitRatio": 0.537193762,
    "researchAndDevelopmentExpenses": 49733000,
    "generalAndAdministrativeExpenses": 54624000,
    "sellingAndMarketingExpenses": 0,
    "sellingGeneralAndAdministrativeExpenses": 54624000,
    "otherExpenses": -371000,
    "operatingExpenses": 103986000,
    "costAndExpenses": 214176000,
    "interestIncome": 92000,
    "interestExpense": 0,
    "depreciationAndAmortization": 12160000,
    "ebitda": 35704000,
    "ebitdaratio": 0.1499594693,
    "operatingIncome": 23915000,
    "operatingIncomeRatio": 0.1004447879,
    "totalOtherIncomeExpensesNet": 92000,
    "incomeBeforeTax": 24007000,
    "incomeBeforeTaxRatio": 0.1008311948,
    "incomeTaxExpense": 1109000,
    "netIncome": 22898000,
    "netIncomeRatio": 0.0961733119,
    "eps": 0.61,
    "epsdiluted": 0.59,
    "weightedAverageShsOut": 37387000,
    "weightedAverageShsOutDil": 38620000,
    "link": "https://www.sec.gov/Archives/edgar/data/1280452/000143774914003761/0001437749-14-003761-index.htm",
    "finalLink": "https://www.sec.gov/Archives/edgar/data/1280452/000143774914003761/mpwr20131231_10k.htm"
  },
  {
    "date": "2012-12-31",
    "symbol": "MPWR",
    "reportedCurrency": "USD",
    "cik": "0001280452",
    "fillingDate": "2013-03-05",
    "acceptedDate": "2013-03-05 16:57:35",
    "calendarYear": "2012",
    "period": "FY",
    "revenue": 213813000,
    "costOfRevenue": 100665000,
    "grossProfit": 113148000,
    "grossProfitRatio": 0.5291913962,
    "researchAndDevelopmentExpenses": 48796000,
    "generalAndAdministrativeExpenses": 50018000,
    "sellingAndMarketingExpenses": 0,
    "sellingGeneralAndAdministrativeExpenses": 50018000,
    "otherExpenses": -2945000,
    "operatingExpenses": 95869000,
    "costAndExpenses": 196534000,
    "interestIncome": 611000,
    "interestExpense": 0,
    "depreciationAndAmortization": 9332000,
    "ebitda": 23666000,
    "ebitdaratio": 0.1106855056,
    "operatingIncome": 17279000,
    "operatingIncomeRatio": 0.0808136082,
    "totalOtherIncomeExpensesNet": 611000,
    "incomeBeforeTax": 17890000,
    "incomeBeforeTaxRatio": 0.0836712454,
    "incomeTaxExpense": 2134000,
    "netIncome": 15756000,
    "netIncomeRatio": 0.0736905614,
    "eps": 0.45,
    "epsdiluted": 0.43,
    "weightedAverageShsOut": 34871000,
    "weightedAverageShsOutDil": 36247000,
    "link": "https://www.sec.gov/Archives/edgar/data/1280452/000143774913002333/0001437749-13-002333-index.htm",
    "finalLink": "https://www.sec.gov/Archives/edgar/data/1280452/000143774913002333/monolithic_10k-123112.htm"
  },
  {
    "date": "2011-12-31",
    "symbol": "MPWR",
    "reportedCurrency": "USD",
    "cik": "0001280452",
    "fillingDate": "2012-03-12",
    "acceptedDate": "2012-03-12 06:33:23",
    "calendarYear": "2011",
    "period": "FY",
    "revenue": 196519000,
    "costOfRevenue": 94925000,
    "grossProfit": 101594000,
    "grossProfitRatio": 0.516967825,
    "researchAndDevelopmentExpenses": 44518000,
    "generalAndAdministrativeExpenses": 40280000,
    "sellingAndMarketingExpenses": 0,
    "sellingGeneralAndAdministrativeExpenses": 40280000,
    "otherExpenses": 3379000,
    "operatingExpenses": 88177000,
    "costAndExpenses": 183102000,
    "interestIncome": 671000,
    "interestExpense": 362000,
    "depreciationAndAmortization": 8732000,
    "ebitda": 25528000,
    "ebitdaratio": 0.1299009256,
    "operatingIncome": 13417000,
    "operatingIncomeRatio": 0.0682732967,
    "totalOtherIncomeExpensesNet": 309000,
    "incomeBeforeTax": 13726000,
    "incomeBeforeTaxRatio": 0.0698456638,
    "incomeTaxExpense": 425000,
    "netIncome": 13301000,
    "netIncomeRatio": 0.067683023,
    "eps": 0.39,
    "epsdiluted": 0.38,
    "weightedAverageShsOut": 34050000,
    "weightedAverageShsOutDil": 35160000,
    "link": "https://www.sec.gov/Archives/edgar/data/1280452/000143774912002162/0001437749-12-002162-index.htm",
    "finalLink": "https://www.sec.gov/Archives/edgar/data/1280452/000143774912002162/mps_10k-123111.htm"
  },
  {
    "date": "2010-12-31",
    "symbol": "MPWR",
    "reportedCurrency": "USD",
    "cik": "0001280452",
    "fillingDate": "2011-03-04",
    "acceptedDate": "2011-03-04 16:26:56",
    "calendarYear": "2010",
    "period": "FY",
    "revenue": 218840000,
    "costOfRevenue": 97383000,
    "grossProfit": 121457000,
    "grossProfitRatio": 0.5550036556,
    "researchAndDevelopmentExpenses": 44372000,
    "generalAndAdministrativeExpenses": 46587000,
    "sellingAndMarketingExpenses": 0,
    "sellingGeneralAndAdministrativeExpenses": 41169000,
    "otherExpenses": 5418000,
    "operatingExpenses": 90959000,
    "costAndExpenses": 188342000,
    "interestIncome": 1156000,
    "interestExpense": 234000,
    "depreciationAndAmortization": 8016000,
    "ebitda": 43932000,
    "ebitdaratio": 0.200749406,
    "operatingIncome": 30498000,
    "operatingIncomeRatio": 0.139362091,
    "totalOtherIncomeExpensesNet": 922000,
    "incomeBeforeTax": 31420000,
    "incomeBeforeTaxRatio": 0.1435752148,
    "incomeTaxExpense": 1857000,
    "netIncome": 29563000,
    "netIncomeRatio": 0.1350895632,
    "eps": 0.83,
    "epsdiluted": 0.78,
    "weightedAverageShsOut": 35830000,
    "weightedAverageShsOutDil": 37826000,
    "link": "https://www.sec.gov/Archives/edgar/data/1280452/000143774911001307/0001437749-11-001307-index.htm",
    "finalLink": "https://www.sec.gov/Archives/edgar/data/1280452/000143774911001307/monolithic_10k-123110.htm"
  },
  {
    "date": "2009-12-31",
    "symbol": "MPWR",
    "reportedCurrency": "USD",
    "cik": "0001280452",
    "fillingDate": "2010-02-16",
    "acceptedDate": "2010-02-12 20:17:47",
    "calendarYear": "2009",
    "period": "FY",
    "revenue": 165008000,
    "costOfRevenue": 67330000,
    "grossProfit": 97678000,
    "grossProfitRatio": 0.5919591777,
    "researchAndDevelopmentExpenses": 38295000,
    "generalAndAdministrativeExpenses": 39853000,
    "sellingAndMarketingExpenses": 0,
    "sellingGeneralAndAdministrativeExpenses": 39853000,
    "otherExpenses": 0,
    "operatingExpenses": 78148000,
    "costAndExpenses": 145478000,
    "interestIncome": 1047000,
    "interestExpense": 429000,
    "depreciationAndAmortization": 6573000,
    "ebitda": 26103000,
    "ebitdaratio": 0.1581923301,
    "operatingIncome": 19530000,
    "operatingIncomeRatio": 0.1183578978,
    "totalOtherIncomeExpensesNet": 618000,
    "incomeBeforeTax": 20148000,
    "incomeBeforeTaxRatio": 0.1221031708,
    "incomeTaxExpense": 474000,
    "netIncome": 19674000,
    "netIncomeRatio": 0.1192305828,
    "eps": 0.57,
    "epsdiluted": 0.54,
    "weightedAverageShsOut": 34310000,
    "weightedAverageShsOutDil": 36634000,
    "link": "https://www.sec.gov/Archives/edgar/data/1280452/000119312510030881/0001193125-10-030881-index.htm",
    "finalLink": "https://www.sec.gov/Archives/edgar/data/1280452/000119312510030881/d10k.htm"
  },
  {
    "date": "2008-12-31",
    "symbol": "MPWR",
    "reportedCurrency": "USD",
    "cik": "0001280452",
    "fillingDate": "2009-02-27",
    "acceptedDate": "2009-02-27 12:48:34",
    "calendarYear": "2008",
    "period": "FY",
    "revenue": 160511000,
    "costOfRevenue": 61184000,
    "grossProfit": 99327000,
    "grossProfitRatio": 0.6188174019,
    "researchAndDevelopmentExpenses": 34850000,
    "generalAndAdministrativeExpenses": 35256000,
    "sellingAndMarketingExpenses": 0,
    "sellingGeneralAndAdministrativeExpenses": 41970000,
    "otherExpenses": 0,
    "operatingExpenses": 76820000,
    "costAndExpenses": 138004000,
    "interestIncome": 3587000,
    "interestExpense": 652000,
    "depreciationAndAmortization": 5725000,
    "ebitda": 28232000,
    "ebitdaratio": 0.1758882569,
    "operatingIncome": 22507000,
    "operatingIncomeRatio": 0.1402209194,
    "totalOtherIncomeExpensesNet": 2935000,
    "incomeBeforeTax": 25442000,
    "incomeBeforeTaxRatio": 0.1585062706,
    "incomeTaxExpense": 1216000,
    "netIncome": 24226000,
    "netIncomeRatio": 0.1509304658,
    "eps": 0.72,
    "epsdiluted": 0.67,
    "weightedAverageShsOut": 33509000,
    "weightedAverageShsOutDil": 36120000,
    "link": "https://www.sec.gov/Archives/edgar/data/1280452/000119312509040534/0001193125-09-040534-index.htm",
    "finalLink": "https://www.sec.gov/Archives/edgar/data/1280452/000119312509040534/d10k.htm"
  },
  {
    "date": "2007-12-31",
    "symbol": "MPWR",
    "reportedCurrency": "USD",
    "cik": "0001280452",
    "fillingDate": "2008-03-11",
    "acceptedDate": "2008-03-11 16:16:50",
    "calendarYear": "2007",
    "period": "FY",
    "revenue": 134004000,
    "costOfRevenue": 48781000,
    "grossProfit": 85223000,
    "grossProfitRatio": 0.635973553,
    "researchAndDevelopmentExpenses": 27342000,
    "generalAndAdministrativeExpenses": 29537000,
    "sellingAndMarketingExpenses": 0,
    "sellingGeneralAndAdministrativeExpenses": 29537000,
    "otherExpenses": 18674000,
    "operatingExpenses": 75553000,
    "costAndExpenses": 124334000,
    "interestIncome": 0,
    "interestExpense": 0,
    "depreciationAndAmortization": 4184000,
    "ebitda": 13854000,
    "ebitdaratio": 0.1033849736,
    "operatingIncome": 9670000,
    "operatingIncomeRatio": 0.072162025,
    "totalOtherIncomeExpensesNet": 4602000,
    "incomeBeforeTax": 14272000,
    "incomeBeforeTaxRatio": 0.1065042835,
    "incomeTaxExpense": 4981000,
    "netIncome": 9291000,
    "netIncomeRatio": 0.0693337512,
    "eps": 0.37,
    "epsdiluted": 0.33,
    "weightedAverageShsOut": 31703000,
    "weightedAverageShsOutDil": 35090000,
    "link": "https://www.sec.gov/Archives/edgar/data/1280452/000119312508052915/0001193125-08-052915-index.htm",
    "finalLink": "https://www.sec.gov/Archives/edgar/data/1280452/000119312508052915/d10k.htm"
  },
  {
    "date": "2006-12-31",
    "symbol": "MPWR",
    "reportedCurrency": "USD",
    "cik": "0001280452",
    "fillingDate": "2007-03-16",
    "acceptedDate": "2007-03-16 11:27:51",
    "calendarYear": "2006",
    "period": "FY",
    "revenue": 105015000,
    "costOfRevenue": 38107000,
    "grossProfit": 66908000,
    "grossProfitRatio": 0.6371280293,
    "researchAndDevelopmentExpenses": 22301000,
    "generalAndAdministrativeExpenses": 27594000,
    "sellingAndMarketingExpenses": 0,
    "sellingGeneralAndAdministrativeExpenses": 27594000,
    "otherExpenses": 15778000,
    "operatingExpenses": 65673000,
    "costAndExpenses": 103780000,
    "interestIncome": 0,
    "interestExpense": 0,
    "depreciationAndAmortization": 14248000,
    "ebitda": 15483000,
    "ebitdaratio": 0.1474360806,
    "operatingIncome": 1235000,
    "operatingIncomeRatio": 0.0117602247,
    "totalOtherIncomeExpensesNet": 2364000,
    "incomeBeforeTax": 3599000,
    "incomeBeforeTaxRatio": 0.0342712946,
    "incomeTaxExpense": 6462000,
    "netIncome": -2863000,
    "netIncomeRatio": -0.027262772,
    "eps": -0.097,
    "epsdiluted": -0.097,
    "weightedAverageShsOut": 29502000,
    "weightedAverageShsOutDil": 29502000,
    "link": "https://www.sec.gov/Archives/edgar/data/1280452/000119312507056647/0001193125-07-056647-index.htm",
    "finalLink": "https://www.sec.gov/Archives/edgar/data/1280452/000119312507056647/d10k.htm"
  },
  {
    "date": "2005-12-31",
    "symbol": "MPWR",
    "reportedCurrency": "USD",
    "cik": "0001280452",
    "fillingDate": "2006-03-28",
    "acceptedDate": "2006-03-28 16:55:32",
    "calendarYear": "2005",
    "period": "FY",
    "revenue": 99131000,
    "costOfRevenue": 36003000,
    "grossProfit": 63128000,
    "grossProfitRatio": 0.6368139129,
    "researchAndDevelopmentExpenses": 14826000,
    "generalAndAdministrativeExpenses": 41838000,
    "sellingAndMarketingExpenses": 0,
    "sellingGeneralAndAdministrativeExpenses": 18434000,
    "otherExpenses": 23404000,
    "operatingExpenses": 56664000,
    "costAndExpenses": 92667000,
    "interestIncome": 0,
    "interestExpense": 0,
    "depreciationAndAmortization": 7103000,
    "ebitda": 13567000,
    "ebitdaratio": 0.1368593074,
    "operatingIncome": 6464000,
    "operatingIncomeRatio": 0.0652066458,
    "totalOtherIncomeExpensesNet": 1592000,
    "incomeBeforeTax": 8056000,
    "incomeBeforeTaxRatio": 0.0812662033,
    "incomeTaxExpense": 2949000,
    "netIncome": 5107000,
    "netIncomeRatio": 0.0515176887,
    "eps": 0.18,
    "epsdiluted": 0.17,
    "weightedAverageShsOut": 27998000,
    "weightedAverageShsOutDil": 30871000,
    "link": "https://www.sec.gov/Archives/edgar/data/1280452/000119312506065261/0001193125-06-065261-index.htm",
    "finalLink": "https://www.sec.gov/Archives/edgar/data/1280452/000119312506065261/d10k.htm"
  },
  {
    "date": "2004-12-31",
    "symbol": "MPWR",
    "reportedCurrency": "USD",
    "cik": "0001280452",
    "fillingDate": "2005-03-31",
    "acceptedDate": "2005-03-31 15:59:09",
    "calendarYear": "2004",
    "period": "FY",
    "revenue": 47595039,
    "costOfRevenue": 19490867,
    "grossProfit": 28104172,
    "grossProfitRatio": 0.5904853235,
    "researchAndDevelopmentExpenses": 7688494,
    "generalAndAdministrativeExpenses": 25945423,
    "sellingAndMarketingExpenses": 0,
    "sellingGeneralAndAdministrativeExpenses": 12549000,
    "otherExpenses": 7833000,
    "operatingExpenses": 33236000,
    "costAndExpenses": 52830000,
    "interestIncome": 0,
    "interestExpense": 0,
    "depreciationAndAmortization": 13160000,
    "ebitda": 7925000,
    "ebitdaratio": 0.1665089506,
    "operatingIncome": -5529745,
    "operatingIncomeRatio": -0.1161832224,
    "totalOtherIncomeExpensesNet": -7755214,
    "incomeBeforeTax": -5452025,
    "incomeBeforeTaxRatio": -0.1145502791,
    "incomeTaxExpense": -1001000,
    "netIncome": -4451025,
    "netIncomeRatio": -0.0935186753,
    "eps": -0.49,
    "epsdiluted": -0.49,
    "weightedAverageShsOut": 9132000,
    "weightedAverageShsOutDil": 9132000,
    "link": "https://www.sec.gov/Archives/edgar/data/1280452/000119312505067039/0001193125-05-067039-index.htm",
    "finalLink": "https://www.sec.gov/Archives/edgar/data/1280452/000119312505067039/d10k.htm"
  },
  {
    "date": "2003-12-31",
    "symbol": "MPWR",
    "reportedCurrency": "USD",
    "cik": "0001280452",
    "fillingDate": "2003-12-31",
    "acceptedDate": "2003-12-30 19:00:00",
    "calendarYear": "2003",
    "period": "FY",
    "revenue": 24204331,
    "costOfRevenue": 10929935,
    "grossProfit": 13274396,
    "grossProfitRatio": 0.5484306094,
    "researchAndDevelopmentExpenses": 5493747,
    "generalAndAdministrativeExpenses": 10986751,
    "sellingAndMarketingExpenses": 0,
    "sellingGeneralAndAdministrativeExpenses": 10986751,
    "otherExpenses": 0,
    "operatingExpenses": 16480498,
    "costAndExpenses": 27410433,
    "interestIncome": 0,
    "interestExpense": 0,
    "depreciationAndAmortization": 4074371,
    "ebitda": 868269,
    "ebitdaratio": 0.0358724643,
    "operatingIncome": -3206102,
    "operatingIncomeRatio": -0.1324598478,
    "totalOtherIncomeExpensesNet": 0,
    "incomeBeforeTax": 0,
    "incomeBeforeTaxRatio": 0,
    "incomeTaxExpense": -169892,
    "netIncome": -3036210,
    "netIncomeRatio": -0.1254407734,
    "eps": -0.49,
    "epsdiluted": -0.49,
    "weightedAverageShsOut": 6143000,
    "weightedAverageShsOutDil": 6143000,
    "link": "",
    "finalLink": ""
  },
  {
    "date": "2002-12-31",
    "symbol": "MPWR",
    "reportedCurrency": "USD",
    "cik": "0001280452",
    "fillingDate": "2002-12-31",
    "acceptedDate": "2002-12-30 19:00:00",
    "calendarYear": "2002",
    "period": "FY",
    "revenue": 12205601,
    "costOfRevenue": 6831070,
    "grossProfit": 5374531,
    "grossProfitRatio": 0.4403331716,
    "researchAndDevelopmentExpenses": 4459264,
    "generalAndAdministrativeExpenses": 4209946,
    "sellingAndMarketingExpenses": 0,
    "sellingGeneralAndAdministrativeExpenses": 4209946,
    "otherExpenses": 0,
    "operatingExpenses": 8669210,
    "costAndExpenses": 15500280,
    "interestIncome": 0,
    "interestExpense": 0,
    "depreciationAndAmortization": 809105,
    "ebitda": -2485574,
    "ebitdaratio": -0.203642082,
    "operatingIncome": -3294679,
    "operatingIncomeRatio": -0.2699317305,
    "totalOtherIncomeExpensesNet": 0,
    "incomeBeforeTax": 0,
    "incomeBeforeTaxRatio": 0,
    "incomeTaxExpense": -57151,
    "netIncome": -3237528,
    "netIncomeRatio": -0.265249372,
    "eps": -0.55,
    "epsdiluted": -0.55,
    "weightedAverageShsOut": 5862814,
    "weightedAverageShsOutDil": 5862814,
    "link": "",
    "finalLink": ""
  },
  {
    "date": "2001-12-31",
    "symbol": "MPWR",
    "reportedCurrency": "USD",
    "cik": "0001280452",
    "fillingDate": "2001-12-31",
    "acceptedDate": "2001-12-30 19:00:00",
    "calendarYear": "2001",
    "period": "FY",
    "revenue": 8130355,
    "costOfRevenue": 5974798,
    "grossProfit": 2155557,
    "grossProfitRatio": 0.2651245856,
    "researchAndDevelopmentExpenses": 2610048,
    "generalAndAdministrativeExpenses": 0,
    "sellingAndMarketingExpenses": 0,
    "sellingGeneralAndAdministrativeExpenses": 0,
    "otherExpenses": 2946284,
    "operatingExpenses": 5556332,
    "costAndExpenses": 11531130,
    "interestIncome": 0,
    "interestExpense": 0,
    "depreciationAndAmortization": 0,
    "ebitda": -454491,
    "ebitdaratio": -0.0559005111,
    "operatingIncome": -3400775,
    "operatingIncomeRatio": -0.4182812436,
    "totalOtherIncomeExpensesNet": 3400775,
    "incomeBeforeTax": 0,
    "incomeBeforeTaxRatio": 0,
    "incomeTaxExpense": 2818112,
    "netIncome": -3572603,
    "netIncomeRatio": -0.4394153761,
    "eps": -0.63,
    "epsdiluted": -0.63,
    "weightedAverageShsOut": 5681787,
    "weightedAverageShsOutDil": 5681787,
    "link": "",
    "finalLink": ""
  },
  {
    "date": "2000-12-31",
    "symbol": "MPWR",
    "reportedCurrency": "USD",
    "cik": "0001280452",
    "fillingDate": "2000-12-31",
    "acceptedDate": "2000-12-30 19:00:00",
    "calendarYear": "2000",
    "period": "FY",
    "revenue": 5252000,
    "costOfRevenue": 3853000,
    "grossProfit": 1399000,
    "grossProfitRatio": 0.2663747144,
    "researchAndDevelopmentExpenses": 1435000,
    "generalAndAdministrativeExpenses": 1102000,
    "sellingAndMarketingExpenses": 0,
    "sellingGeneralAndAdministrativeExpenses": 1102000,
    "otherExpenses": 494000,
    "operatingExpenses": 3031000,
    "costAndExpenses": 6884000,
    "interestIncome": 0,
    "interestExpense": 0,
    "depreciationAndAmortization": 0,
    "ebitda": -1632000,
    "ebitdaratio": -0.3107387662,
    "operatingIncome": -1632000,
    "operatingIncomeRatio": -0.3107387662,
    "totalOtherIncomeExpensesNet": 29000,
    "incomeBeforeTax": -1603000,
    "incomeBeforeTaxRatio": -0.3052170602,
    "incomeTaxExpense": 0,
    "netIncome": -1603000,
    "netIncomeRatio": -0.3052170602,
    "eps": -0.33,
    "epsdiluted": -0.33,
    "weightedAverageShsOut": 4846000,
    "weightedAverageShsOutDil": 4846000,
    "link": "",
    "finalLink": ""
  },
  {
    "date": "1999-12-31",
    "symbol": "MPWR",
    "reportedCurrency": "USD",
    "cik": "0001280452",
    "fillingDate": "1999-12-31",
    "acceptedDate": "1999-12-30 19:00:00",
    "calendarYear": "1999",
    "period": "FY",
    "revenue": 600000,
    "costOfRevenue": 500000,
    "grossProfit": 100000,
    "grossProfitRatio": 0.1666666667,
    "researchAndDevelopmentExpenses": 1200000,
    "generalAndAdministrativeExpenses": 200000,
    "sellingAndMarketingExpenses": 0,
    "sellingGeneralAndAdministrativeExpenses": 200000,
    "otherExpenses": 0,
    "operatingExpenses": 1400000,
    "costAndExpenses": 1900000,
    "interestIncome": 0,
    "interestExpense": 0,
    "depreciationAndAmortization": 0,
    "ebitda": -1300000,
    "ebitdaratio": -2.1666666667,
    "operatingIncome": -1300000,
    "operatingIncomeRatio": -2.1666666667,
    "totalOtherIncomeExpensesNet": 0,
    "incomeBeforeTax": -1300000,
    "incomeBeforeTaxRatio": -2.1666666667,
    "incomeTaxExpense": 0,
    "netIncome": -1300000,
    "netIncomeRatio": -2.1666666667,
    "eps": -0.28,
    "epsdiluted": -0.28,
    "weightedAverageShsOut": 4700000,
    "weightedAverageShsOutDil": 4700000,
    "link": "",
    "finalLink": ""
  }
]