[
  {
    "date": "2025-06-30",
    "symbol": "MRNA",
    "reportedCurrency": "USD",
    "cik": "0001682852",
    "fillingDate": "2025-08-01",
    "acceptedDate": "2025-08-01 16:03:34",
    "calendarYear": "2025",
    "period": "Q2",
    "revenue": 142000000,
    "costOfRevenue": 119000000,
    "grossProfit": 23000000,
    "grossProfitRatio": 0.161971831,
    "researchAndDevelopmentExpenses": 700000000,
    "generalAndAdministrativeExpenses": 0,
    "sellingAndMarketingExpenses": 0,
    "sellingGeneralAndAdministrativeExpenses": 230000000,
    "otherExpenses": 0,
    "operatingExpenses": 930000000,
    "costAndExpenses": 1049000000,
    "interestIncome": 81000000,
    "interestExpense": 1000000,
    "depreciationAndAmortization": 57000000,
    "ebitda": -760000000,
    "ebitdaratio": -5.3521126761,
    "operatingIncome": -907000000,
    "operatingIncomeRatio": -6.3873239437,
    "totalOtherIncomeExpensesNet": 89000000,
    "incomeBeforeTax": -818000000,
    "incomeBeforeTaxRatio": -5.7605633803,
    "incomeTaxExpense": 7000000,
    "netIncome": -825000000,
    "netIncomeRatio": -5.8098591549,
    "eps": -2.13,
    "epsdiluted": -2.13,
    "weightedAverageShsOut": 388000000,
    "weightedAverageShsOutDil": 388000000,
    "link": "https://www.sec.gov/Archives/edgar/data/1682852/000168285225000044/0001682852-25-000044-index.htm",
    "finalLink": "https://www.sec.gov/Archives/edgar/data/1682852/000168285225000044/mrna-20250630.htm"
  },
  {
    "date": "2025-03-31",
    "symbol": "MRNA",
    "reportedCurrency": "USD",
    "cik": "0001682852",
    "fillingDate": "2025-05-01",
    "acceptedDate": "2025-05-01 16:02:14",
    "calendarYear": "2025",
    "period": "Q1",
    "revenue": 107000000,
    "costOfRevenue": 90000000,
    "grossProfit": 17000000,
    "grossProfitRatio": 0.1588785047,
    "researchAndDevelopmentExpenses": 856000000,
    "generalAndAdministrativeExpenses": 0,
    "sellingAndMarketingExpenses": 0,
    "sellingGeneralAndAdministrativeExpenses": 212000000,
    "otherExpenses": -1000000,
    "operatingExpenses": 1067000000,
    "costAndExpenses": 1157000000,
    "interestIncome": 90000000,
    "interestExpense": 1000000,
    "depreciationAndAmortization": 39000000,
    "ebitda": -924000000,
    "ebitdaratio": -8.6355140187,
    "operatingIncome": -1050000000,
    "operatingIncomeRatio": -9.8130841121,
    "totalOtherIncomeExpensesNet": 86000000,
    "incomeBeforeTax": -964000000,
    "incomeBeforeTaxRatio": -9.0093457944,
    "incomeTaxExpense": 7000000,
    "netIncome": -971000000,
    "netIncomeRatio": -9.0747663551,
    "eps": -2.52,
    "epsdiluted": -2.52,
    "weightedAverageShsOut": 386000000,
    "weightedAverageShsOutDil": 386000000,
    "link": "https://www.sec.gov/Archives/edgar/data/1682852/000168285225000034/0001682852-25-000034-index.htm",
    "finalLink": "https://www.sec.gov/Archives/edgar/data/1682852/000168285225000034/mrna-20250331.htm"
  },
  {
    "date": "2024-12-31",
    "symbol": "MRNA",
    "reportedCurrency": "USD",
    "cik": "0001682852",
    "fillingDate": "2025-02-21",
    "acceptedDate": "2025-02-21 07:11:05",
    "calendarYear": "2024",
    "period": "Q4",
    "revenue": 956000000,
    "costOfRevenue": 739000000,
    "grossProfit": 217000000,
    "grossProfitRatio": 0.2269874477,
    "researchAndDevelopmentExpenses": 1122000000,
    "generalAndAdministrativeExpenses": 0,
    "sellingAndMarketingExpenses": 0,
    "sellingGeneralAndAdministrativeExpenses": 351000000,
    "otherExpenses": -10000000,
    "operatingExpenses": 1463000000,
    "costAndExpenses": 2202000000,
    "interestIncome": 91000000,
    "interestExpense": 6000000,
    "depreciationAndAmortization": 60000000,
    "ebitda": -1118000000,
    "ebitdaratio": -1.1694560669,
    "operatingIncome": -1246000000,
    "operatingIncomeRatio": -1.3033472803,
    "totalOtherIncomeExpensesNet": 62000000,
    "incomeBeforeTax": -1184000000,
    "incomeBeforeTaxRatio": -1.2384937238,
    "incomeTaxExpense": -64000000,
    "netIncome": -1120000000,
    "netIncomeRatio": -1.1715481172,
    "eps": -2.91,
    "epsdiluted": -2.91,
    "weightedAverageShsOut": 385000000,
    "weightedAverageShsOutDil": 385000000,
    "link": "https://www.sec.gov/Archives/edgar/data/1682852/000168285225000022/0001682852-25-000022-index.htm",
    "finalLink": "https://www.sec.gov/Archives/edgar/data/1682852/000168285225000022/mrna-20241231.htm"
  },
  {
    "date": "2024-09-30",
    "symbol": "MRNA",
    "reportedCurrency": "USD",
    "cik": "0001682852",
    "fillingDate": "2024-11-07",
    "acceptedDate": "2024-11-07 16:03:09",
    "calendarYear": "2024",
    "period": "Q3",
    "revenue": 1855000000,
    "costOfRevenue": 514000000,
    "grossProfit": 1341000000,
    "grossProfitRatio": 0.7229110512,
    "researchAndDevelopmentExpenses": 1137000000,
    "generalAndAdministrativeExpenses": 0,
    "sellingAndMarketingExpenses": 0,
    "sellingGeneralAndAdministrativeExpenses": 281000000,
    "otherExpenses": -7000000,
    "operatingExpenses": 1411000000,
    "costAndExpenses": 1925000000,
    "interestIncome": 103000000,
    "interestExpense": 6000000,
    "depreciationAndAmortization": 52000000,
    "ebitda": 79000000,
    "ebitdaratio": 0.0425876011,
    "operatingIncome": -70000000,
    "operatingIncomeRatio": -0.0377358491,
    "totalOtherIncomeExpensesNet": 91000000,
    "incomeBeforeTax": 21000000,
    "incomeBeforeTaxRatio": 0.0113207547,
    "incomeTaxExpense": 8000000,
    "netIncome": 13000000,
    "netIncomeRatio": 0.0070080863,
    "eps": 0.0338,
    "epsdiluted": 0.0326,
    "weightedAverageShsOut": 385000000,
    "weightedAverageShsOutDil": 399000000,
    "link": "https://www.sec.gov/Archives/edgar/data/1682852/000168285224000060/0001682852-24-000060-index.htm",
    "finalLink": "https://www.sec.gov/Archives/edgar/data/1682852/000168285224000060/mrna-20240930.htm"
  },
  {
    "date": "2024-06-30",
    "symbol": "MRNA",
    "reportedCurrency": "USD",
    "cik": "0001682852",
    "fillingDate": "2024-08-01",
    "acceptedDate": "2024-08-01 16:02:28",
    "calendarYear": "2024",
    "period": "Q2",
    "revenue": 221000000,
    "costOfRevenue": 115000000,
    "grossProfit": 106000000,
    "grossProfitRatio": 0.479638009,
    "researchAndDevelopmentExpenses": 1221000000,
    "generalAndAdministrativeExpenses": 0,
    "sellingAndMarketingExpenses": 0,
    "sellingGeneralAndAdministrativeExpenses": 268000000,
    "otherExpenses": -20000000,
    "operatingExpenses": 1469000000,
    "costAndExpenses": 1584000000,
    "interestIncome": 111000000,
    "interestExpense": 6000000,
    "depreciationAndAmortization": 41000000,
    "ebitda": -1232000000,
    "ebitdaratio": -5.5746606335,
    "operatingIncome": -1363000000,
    "operatingIncomeRatio": -6.1674208145,
    "totalOtherIncomeExpensesNet": 84000000,
    "incomeBeforeTax": -1279000000,
    "incomeBeforeTaxRatio": -5.7873303167,
    "incomeTaxExpense": 0,
    "netIncome": -1279000000,
    "netIncomeRatio": -5.7873303167,
    "eps": -3.33,
    "epsdiluted": -3.33,
    "weightedAverageShsOut": 384000000,
    "weightedAverageShsOutDil": 384000000,
    "link": "https://www.sec.gov/Archives/edgar/data/1682852/000168285224000046/0001682852-24-000046-index.htm",
    "finalLink": "https://www.sec.gov/Archives/edgar/data/1682852/000168285224000046/mrna-20240630.htm"
  },
  {
    "date": "2024-03-31",
    "symbol": "MRNA",
    "reportedCurrency": "USD",
    "cik": "0001682852",
    "fillingDate": "2024-05-02",
    "acceptedDate": "2024-05-02 16:03:11",
    "calendarYear": "2024",
    "period": "Q1",
    "revenue": 167000000,
    "costOfRevenue": 96000000,
    "grossProfit": 71000000,
    "grossProfitRatio": 0.4251497006,
    "researchAndDevelopmentExpenses": 1027000000,
    "generalAndAdministrativeExpenses": 0,
    "sellingAndMarketingExpenses": 0,
    "sellingGeneralAndAdministrativeExpenses": 274000000,
    "otherExpenses": 36000000,
    "operatingExpenses": 1337000000,
    "costAndExpenses": 1433000000,
    "interestIncome": 120000000,
    "interestExpense": 6000000,
    "depreciationAndAmortization": 36000000,
    "ebitda": -1123000000,
    "ebitdaratio": -6.7245508982,
    "operatingIncome": -1266000000,
    "operatingIncomeRatio": -7.5808383234,
    "totalOtherIncomeExpensesNet": 101000000,
    "incomeBeforeTax": -1165000000,
    "incomeBeforeTaxRatio": -6.9760479042,
    "incomeTaxExpense": 10000000,
    "netIncome": -1175000000,
    "netIncomeRatio": -7.0359281437,
    "eps": -3.08,
    "epsdiluted": -3.08,
    "weightedAverageShsOut": 382000000,
    "weightedAverageShsOutDil": 382000000,
    "link": "https://www.sec.gov/Archives/edgar/data/1682852/000168285224000027/0001682852-24-000027-index.htm",
    "finalLink": "https://www.sec.gov/Archives/edgar/data/1682852/000168285224000027/mrna-20240331.htm"
  },
  {
    "date": "2023-12-31",
    "symbol": "MRNA",
    "reportedCurrency": "USD",
    "cik": "0001682852",
    "fillingDate": "2024-02-23",
    "acceptedDate": "2024-02-23 16:03:10",
    "calendarYear": "2023",
    "period": "Q4",
    "revenue": 2813000000,
    "costOfRevenue": 929000000,
    "grossProfit": 1884000000,
    "grossProfitRatio": 0.6697476004,
    "researchAndDevelopmentExpenses": 1406000000,
    "generalAndAdministrativeExpenses": 266000000,
    "sellingAndMarketingExpenses": 204000000,
    "sellingGeneralAndAdministrativeExpenses": 470000000,
    "otherExpenses": 2000000,
    "operatingExpenses": 1878000000,
    "costAndExpenses": 2807000000,
    "interestIncome": 103000000,
    "interestExpense": 6000000,
    "depreciationAndAmortization": 202000000,
    "ebitda": 278000000,
    "ebitdaratio": 0.0988268752,
    "operatingIncome": 6000000,
    "operatingIncomeRatio": 0.0021329541,
    "totalOtherIncomeExpensesNet": 64000000,
    "incomeBeforeTax": 70000000,
    "incomeBeforeTaxRatio": 0.024884465,
    "incomeTaxExpense": -147000000,
    "netIncome": 217000000,
    "netIncomeRatio": 0.0771418415,
    "eps": 0.57,
    "epsdiluted": 0.55,
    "weightedAverageShsOut": 381000000,
    "weightedAverageShsOutDil": 395000000,
    "link": "https://www.sec.gov/Archives/edgar/data/1682852/000168285224000015/0001682852-24-000015-index.htm",
    "finalLink": "https://www.sec.gov/Archives/edgar/data/1682852/000168285224000015/mrna-20231231.htm"
  },
  {
    "date": "2023-09-30",
    "symbol": "MRNA",
    "reportedCurrency": "USD",
    "cik": "0001682852",
    "fillingDate": "2023-11-03",
    "acceptedDate": "2023-11-03 16:02:21",
    "calendarYear": "2023",
    "period": "Q3",
    "revenue": 1831000000,
    "costOfRevenue": 2241000000,
    "grossProfit": -410000000,
    "grossProfitRatio": -0.2239213545,
    "researchAndDevelopmentExpenses": 1160000000,
    "generalAndAdministrativeExpenses": 0,
    "sellingAndMarketingExpenses": 0,
    "sellingGeneralAndAdministrativeExpenses": 442000000,
    "otherExpenses": 0,
    "operatingExpenses": 1602000000,
    "costAndExpenses": 3843000000,
    "interestIncome": 105000000,
    "interestExpense": 10000000,
    "depreciationAndAmortization": 249000000,
    "ebitda": -1699000000,
    "ebitdaratio": -0.9279082469,
    "operatingIncome": -2012000000,
    "operatingIncomeRatio": -1.0988530857,
    "totalOtherIncomeExpensesNet": 54000000,
    "incomeBeforeTax": -1958000000,
    "incomeBeforeTaxRatio": -1.0693610049,
    "incomeTaxExpense": 1672000000,
    "netIncome": -3630000000,
    "netIncomeRatio": -1.9825232114,
    "eps": -9.53,
    "epsdiluted": -9.53,
    "weightedAverageShsOut": 381000000,
    "weightedAverageShsOutDil": 381000000,
    "link": "https://www.sec.gov/Archives/edgar/data/1682852/000168285223000042/0001682852-23-000042-index.htm",
    "finalLink": "https://www.sec.gov/Archives/edgar/data/1682852/000168285223000042/mrna-20230930.htm"
  },
  {
    "date": "2023-06-30",
    "symbol": "MRNA",
    "reportedCurrency": "USD",
    "cik": "0001682852",
    "fillingDate": "2023-08-03",
    "acceptedDate": "2023-08-03 16:04:10",
    "calendarYear": "2023",
    "period": "Q2",
    "revenue": 344000000,
    "costOfRevenue": 731000000,
    "grossProfit": -387000000,
    "grossProfitRatio": -1.125,
    "researchAndDevelopmentExpenses": 1148000000,
    "generalAndAdministrativeExpenses": 0,
    "sellingAndMarketingExpenses": 0,
    "sellingGeneralAndAdministrativeExpenses": 332000000,
    "otherExpenses": 0,
    "operatingExpenses": 1480000000,
    "costAndExpenses": 2211000000,
    "interestIncome": 104000000,
    "interestExpense": 13000000,
    "depreciationAndAmortization": 90000000,
    "ebitda": -1646000000,
    "ebitdaratio": -4.7848837209,
    "operatingIncome": -1867000000,
    "operatingIncomeRatio": -5.4273255814,
    "totalOtherIncomeExpensesNet": 118000000,
    "incomeBeforeTax": -1749000000,
    "incomeBeforeTaxRatio": -5.0843023256,
    "incomeTaxExpense": -369000000,
    "netIncome": -1380000000,
    "netIncomeRatio": -4.011627907,
    "eps": -3.62,
    "epsdiluted": -3.62,
    "weightedAverageShsOut": 381000000,
    "weightedAverageShsOutDil": 381000000,
    "link": "https://www.sec.gov/Archives/edgar/data/1682852/000168285223000027/0001682852-23-000027-index.htm",
    "finalLink": "https://www.sec.gov/Archives/edgar/data/1682852/000168285223000027/mrna-20230630.htm"
  },
  {
    "date": "2023-03-31",
    "symbol": "MRNA",
    "reportedCurrency": "USD",
    "cik": "0001682852",
    "fillingDate": "2023-05-04",
    "acceptedDate": "2023-05-04 16:03:31",
    "calendarYear": "2023",
    "period": "Q1",
    "revenue": 1838000000,
    "costOfRevenue": 792000000,
    "grossProfit": 1046000000,
    "grossProfitRatio": 0.5690968444,
    "researchAndDevelopmentExpenses": 1131000000,
    "generalAndAdministrativeExpenses": 0,
    "sellingAndMarketingExpenses": 0,
    "sellingGeneralAndAdministrativeExpenses": 305000000,
    "otherExpenses": -24000000,
    "operatingExpenses": 1412000000,
    "costAndExpenses": 2204000000,
    "interestIncome": 109000000,
    "interestExpense": 9000000,
    "depreciationAndAmortization": 78000000,
    "ebitda": -218000000,
    "ebitdaratio": -0.1186071817,
    "operatingIncome": -366000000,
    "operatingIncomeRatio": -0.1991294886,
    "totalOtherIncomeExpensesNet": 61000000,
    "incomeBeforeTax": -305000000,
    "incomeBeforeTaxRatio": -0.1659412405,
    "incomeTaxExpense": -384000000,
    "netIncome": 79000000,
    "netIncomeRatio": 0.0429815016,
    "eps": 0.2,
    "epsdiluted": 0.2,
    "weightedAverageShsOut": 386000000,
    "weightedAverageShsOutDil": 405000000,
    "link": "https://www.sec.gov/Archives/edgar/data/1682852/000168285223000021/0001682852-23-000021-index.htm",
    "finalLink": "https://www.sec.gov/Archives/edgar/data/1682852/000168285223000021/mrna-20230331.htm"
  },
  {
    "date": "2022-12-31",
    "symbol": "MRNA",
    "reportedCurrency": "USD",
    "cik": "0001682852",
    "fillingDate": "2023-02-24",
    "acceptedDate": "2023-02-24 16:03:35",
    "calendarYear": "2022",
    "period": "Q4",
    "revenue": 5149000000,
    "costOfRevenue": 1918000000,
    "grossProfit": 3231000000,
    "grossProfitRatio": 0.6275004855,
    "researchAndDevelopmentExpenses": 1211000000,
    "generalAndAdministrativeExpenses": 254000000,
    "sellingAndMarketingExpenses": 121000000,
    "sellingGeneralAndAdministrativeExpenses": 375000000,
    "otherExpenses": 65000000,
    "operatingExpenses": 1651000000,
    "costAndExpenses": 3569000000,
    "interestIncome": 87000000,
    "interestExpense": 10000000,
    "depreciationAndAmortization": 80000000,
    "ebitda": 1745000000,
    "ebitdaratio": 0.3389007574,
    "operatingIncome": 1580000000,
    "operatingIncomeRatio": 0.3068557001,
    "totalOtherIncomeExpensesNet": 75000000,
    "incomeBeforeTax": 1655000000,
    "incomeBeforeTaxRatio": 0.3214216353,
    "incomeTaxExpense": 190000000,
    "netIncome": 1465000000,
    "netIncomeRatio": 0.2845212663,
    "eps": 3.81,
    "epsdiluted": 3.62,
    "weightedAverageShsOut": 385000000,
    "weightedAverageShsOutDil": 405000000,
    "link": "https://www.sec.gov/Archives/edgar/data/1682852/000168285223000011/0001682852-23-000011-index.htm",
    "finalLink": "https://www.sec.gov/Archives/edgar/data/1682852/000168285223000011/mrna-20221231.htm"
  },
  {
    "date": "2022-09-30",
    "symbol": "MRNA",
    "reportedCurrency": "USD",
    "cik": "0001682852",
    "fillingDate": "2022-11-03",
    "acceptedDate": "2022-11-03 16:05:50",
    "calendarYear": "2022",
    "period": "Q3",
    "revenue": 3220000000,
    "costOfRevenue": 1100000000,
    "grossProfit": 2120000000,
    "grossProfitRatio": 0.6583850932,
    "researchAndDevelopmentExpenses": 820000000,
    "generalAndAdministrativeExpenses": 0,
    "sellingAndMarketingExpenses": 0,
    "sellingGeneralAndAdministrativeExpenses": 278000000,
    "otherExpenses": -144000000,
    "operatingExpenses": 954000000,
    "costAndExpenses": 2054000000,
    "interestIncome": 58000000,
    "interestExpense": 8000000,
    "depreciationAndAmortization": 113000000,
    "ebitda": 1338000000,
    "ebitdaratio": 0.4155279503,
    "operatingIncome": 1166000000,
    "operatingIncomeRatio": 0.3621118012,
    "totalOtherIncomeExpensesNet": 51000000,
    "incomeBeforeTax": 1217000000,
    "incomeBeforeTaxRatio": 0.3779503106,
    "incomeTaxExpense": 174000000,
    "netIncome": 1043000000,
    "netIncomeRatio": 0.3239130435,
    "eps": 2.67,
    "epsdiluted": 2.53,
    "weightedAverageShsOut": 390000000,
    "weightedAverageShsOutDil": 412000000,
    "link": "https://www.sec.gov/Archives/edgar/data/1682852/000168285222000051/0001682852-22-000051-index.htm",
    "finalLink": "https://www.sec.gov/Archives/edgar/data/1682852/000168285222000051/mrna-20220930.htm"
  },
  {
    "date": "2022-06-30",
    "symbol": "MRNA",
    "reportedCurrency": "USD",
    "cik": "0001682852",
    "fillingDate": "2022-08-03",
    "acceptedDate": "2022-08-03 16:01:52",
    "calendarYear": "2022",
    "period": "Q2",
    "revenue": 4566000000,
    "costOfRevenue": 1381000000,
    "grossProfit": 3185000000,
    "grossProfitRatio": 0.6975470872,
    "researchAndDevelopmentExpenses": 710000000,
    "generalAndAdministrativeExpenses": 0,
    "sellingAndMarketingExpenses": 0,
    "sellingGeneralAndAdministrativeExpenses": 211000000,
    "otherExpenses": -183000000,
    "operatingExpenses": 738000000,
    "costAndExpenses": 2119000000,
    "interestIncome": 40000000,
    "interestExpense": 5000000,
    "depreciationAndAmortization": 76000000,
    "ebitda": 2555000000,
    "ebitdaratio": 0.5595707403,
    "operatingIncome": 2447000000,
    "operatingIncomeRatio": 0.5359176522,
    "totalOtherIncomeExpensesNet": 27000000,
    "incomeBeforeTax": 2474000000,
    "incomeBeforeTaxRatio": 0.5418309242,
    "incomeTaxExpense": 277000000,
    "netIncome": 2197000000,
    "netIncomeRatio": 0.4811651336,
    "eps": 5.55,
    "epsdiluted": 5.24,
    "weightedAverageShsOut": 396000000,
    "weightedAverageShsOutDil": 419000000,
    "link": "https://www.sec.gov/Archives/edgar/data/1682852/000168285222000042/0001682852-22-000042-index.htm",
    "finalLink": "https://www.sec.gov/Archives/edgar/data/1682852/000168285222000042/mrna-20220630.htm"
  },
  {
    "date": "2022-03-31",
    "symbol": "MRNA",
    "reportedCurrency": "USD",
    "cik": "0001682852",
    "fillingDate": "2022-05-04",
    "acceptedDate": "2022-05-04 16:07:23",
    "calendarYear": "2022",
    "period": "Q1",
    "revenue": 5940000000,
    "costOfRevenue": 1017000000,
    "grossProfit": 4923000000,
    "grossProfitRatio": 0.8287878788,
    "researchAndDevelopmentExpenses": 554000000,
    "generalAndAdministrativeExpenses": 0,
    "sellingAndMarketingExpenses": 0,
    "sellingGeneralAndAdministrativeExpenses": 268000000,
    "otherExpenses": -126000000,
    "operatingExpenses": 696000000,
    "costAndExpenses": 1713000000,
    "interestIncome": 15000000,
    "interestExpense": 6000000,
    "depreciationAndAmortization": 79000000,
    "ebitda": 4306000000,
    "ebitdaratio": 0.7249158249,
    "operatingIncome": 4227000000,
    "operatingIncomeRatio": 0.7116161616,
    "totalOtherIncomeExpensesNet": 2000000,
    "incomeBeforeTax": 4229000000,
    "incomeBeforeTaxRatio": 0.711952862,
    "incomeTaxExpense": 572000000,
    "netIncome": 3657000000,
    "netIncomeRatio": 0.6156565657,
    "eps": 9.09,
    "epsdiluted": 8.58,
    "weightedAverageShsOut": 402000000,
    "weightedAverageShsOutDil": 426000000,
    "link": "https://www.sec.gov/Archives/edgar/data/1682852/000168285222000025/0001682852-22-000025-index.htm",
    "finalLink": "https://www.sec.gov/Archives/edgar/data/1682852/000168285222000025/mrna-20220331.htm"
  },
  {
    "date": "2021-12-31",
    "symbol": "MRNA",
    "reportedCurrency": "USD",
    "cik": "0001682852",
    "fillingDate": "2022-02-25",
    "acceptedDate": "2022-02-25 08:07:15",
    "calendarYear": "2021",
    "period": "Q4",
    "revenue": 6949000000,
    "costOfRevenue": 952000000,
    "grossProfit": 5997000000,
    "grossProfitRatio": 0.8630018708,
    "researchAndDevelopmentExpenses": 648000000,
    "generalAndAdministrativeExpenses": 0,
    "sellingAndMarketingExpenses": 0,
    "sellingGeneralAndAdministrativeExpenses": 201000000,
    "otherExpenses": -262000000,
    "operatingExpenses": 587000000,
    "costAndExpenses": 1539000000,
    "interestIncome": 7000000,
    "interestExpense": 6000000,
    "depreciationAndAmortization": 78000000,
    "ebitda": 5488000000,
    "ebitdaratio": 0.7897539214,
    "operatingIncome": 5410000000,
    "operatingIncomeRatio": 0.7785292848,
    "totalOtherIncomeExpensesNet": 0,
    "incomeBeforeTax": 5410000000,
    "incomeBeforeTaxRatio": 0.7785292848,
    "incomeTaxExpense": 542000000,
    "netIncome": 4868000000,
    "netIncomeRatio": 0.7005324507,
    "eps": 12.03,
    "epsdiluted": 11.29,
    "weightedAverageShsOut": 405000000,
    "weightedAverageShsOutDil": 431000000,
    "link": "https://www.sec.gov/Archives/edgar/data/1682852/000168285222000012/0001682852-22-000012-index.htm",
    "finalLink": "https://www.sec.gov/Archives/edgar/data/1682852/000168285222000012/mrna-20211231.htm"
  },
  {
    "date": "2021-09-30",
    "symbol": "MRNA",
    "reportedCurrency": "USD",
    "cik": "0001682852",
    "fillingDate": "2021-11-04",
    "acceptedDate": "2021-11-04 16:48:35",
    "calendarYear": "2021",
    "period": "Q3",
    "revenue": 4829000000,
    "costOfRevenue": 722000000,
    "grossProfit": 4107000000,
    "grossProfitRatio": 0.8504866432,
    "researchAndDevelopmentExpenses": 521000000,
    "generalAndAdministrativeExpenses": 0,
    "sellingAndMarketingExpenses": 0,
    "sellingGeneralAndAdministrativeExpenses": 168000000,
    "otherExpenses": -140000000,
    "operatingExpenses": 549000000,
    "costAndExpenses": 1271000000,
    "interestIncome": 4000000,
    "interestExpense": 4000000,
    "depreciationAndAmortization": 70000000,
    "ebitda": 3626000000,
    "ebitdaratio": 0.7508800994,
    "operatingIncome": 3558000000,
    "operatingIncomeRatio": 0.736798509,
    "totalOtherIncomeExpensesNet": -6000000,
    "incomeBeforeTax": 3552000000,
    "incomeBeforeTaxRatio": 0.7355560157,
    "incomeTaxExpense": 219000000,
    "netIncome": 3333000000,
    "netIncomeRatio": 0.6902050114,
    "eps": 8.27,
    "epsdiluted": 7.7,
    "weightedAverageShsOut": 404000000,
    "weightedAverageShsOutDil": 434000000,
    "link": "https://www.sec.gov/Archives/edgar/data/1682852/000168285221000027/0001682852-21-000027-index.htm",
    "finalLink": "https://www.sec.gov/Archives/edgar/data/1682852/000168285221000027/mrna-20210930.htm"
  },
  {
    "date": "2021-06-30",
    "symbol": "MRNA",
    "reportedCurrency": "USD",
    "cik": "0001682852",
    "fillingDate": "2021-08-05",
    "acceptedDate": "2021-08-05 16:14:19",
    "calendarYear": "2021",
    "period": "Q2",
    "revenue": 4215000000,
    "costOfRevenue": 750000000,
    "grossProfit": 3465000000,
    "grossProfitRatio": 0.8220640569,
    "researchAndDevelopmentExpenses": 421000000,
    "generalAndAdministrativeExpenses": 0,
    "sellingAndMarketingExpenses": 0,
    "sellingGeneralAndAdministrativeExpenses": 121000000,
    "otherExpenses": -139000000,
    "operatingExpenses": 403000000,
    "costAndExpenses": 1153000000,
    "interestIncome": 3000000,
    "interestExpense": 5000000,
    "depreciationAndAmortization": 69000000,
    "ebitda": 3137000000,
    "ebitdaratio": 0.7442467378,
    "operatingIncome": 3062000000,
    "operatingIncomeRatio": 0.7264531435,
    "totalOtherIncomeExpensesNet": 1000000,
    "incomeBeforeTax": 3063000000,
    "incomeBeforeTaxRatio": 0.7266903915,
    "incomeTaxExpense": 283000000,
    "netIncome": 2780000000,
    "netIncomeRatio": 0.6595492289,
    "eps": 6.93,
    "epsdiluted": 6.46,
    "weightedAverageShsOut": 402000000,
    "weightedAverageShsOutDil": 431000000,
    "link": "https://www.sec.gov/Archives/edgar/data/1682852/000168285221000022/0001682852-21-000022-index.htm",
    "finalLink": "https://www.sec.gov/Archives/edgar/data/1682852/000168285221000022/mrna-20210630.htm"
  },
  {
    "date": "2021-03-31",
    "symbol": "MRNA",
    "reportedCurrency": "USD",
    "cik": "0001682852",
    "fillingDate": "2021-05-06",
    "acceptedDate": "2021-05-06 16:30:56",
    "calendarYear": "2021",
    "period": "Q1",
    "revenue": 1743000000,
    "costOfRevenue": 193000000,
    "grossProfit": 1550000000,
    "grossProfitRatio": 0.8892713712,
    "researchAndDevelopmentExpenses": 401000000,
    "generalAndAdministrativeExpenses": 0,
    "sellingAndMarketingExpenses": 0,
    "sellingGeneralAndAdministrativeExpenses": 77000000,
    "otherExpenses": -194000000,
    "operatingExpenses": 284000000,
    "costAndExpenses": 477000000,
    "interestIncome": 4000000,
    "interestExpense": 3000000,
    "depreciationAndAmortization": 15000000,
    "ebitda": 1278000000,
    "ebitdaratio": 0.7332185886,
    "operatingIncome": 1266000000,
    "operatingIncomeRatio": 0.7263339071,
    "totalOtherIncomeExpensesNet": -6000000,
    "incomeBeforeTax": 1260000000,
    "incomeBeforeTaxRatio": 0.7228915663,
    "incomeTaxExpense": 39000000,
    "netIncome": 1221000000,
    "netIncomeRatio": 0.7005163511,
    "eps": 3.05,
    "epsdiluted": 2.84,
    "weightedAverageShsOut": 400000000,
    "weightedAverageShsOutDil": 430000000,
    "link": "https://www.sec.gov/Archives/edgar/data/1682852/000168285221000017/0001682852-21-000017-index.htm",
    "finalLink": "https://www.sec.gov/Archives/edgar/data/1682852/000168285221000017/mrna-20210331.htm"
  },
  {
    "date": "2020-12-31",
    "symbol": "MRNA",
    "reportedCurrency": "USD",
    "cik": "0001682852",
    "fillingDate": "2021-02-26",
    "acceptedDate": "2021-02-26 16:30:28",
    "calendarYear": "2020",
    "period": "Q4",
    "revenue": 570745000,
    "costOfRevenue": 15639000,
    "grossProfit": 555106000,
    "grossProfitRatio": 0.9725989715,
    "researchAndDevelopmentExpenses": 758860000,
    "generalAndAdministrativeExpenses": 78990000,
    "sellingAndMarketingExpenses": 0,
    "sellingGeneralAndAdministrativeExpenses": 78990000,
    "otherExpenses": -7706000,
    "operatingExpenses": 830144000,
    "costAndExpenses": 845783000,
    "interestIncome": 4200000,
    "interestExpense": 3508000,
    "depreciationAndAmortization": 7706000,
    "ebitda": -259798000,
    "ebitdaratio": -0.4551910223,
    "operatingIncome": -275038000,
    "operatingIncomeRatio": -0.4818929645,
    "totalOtherIncomeExpensesNet": 4026000,
    "incomeBeforeTax": -271012000,
    "incomeBeforeTaxRatio": -0.4748390262,
    "incomeTaxExpense": 1473000,
    "netIncome": -272485000,
    "netIncomeRatio": -0.4774198635,
    "eps": -0.69,
    "epsdiluted": -0.69,
    "weightedAverageShsOut": 396000000,
    "weightedAverageShsOutDil": 396697168,
    "link": "https://www.sec.gov/Archives/edgar/data/1682852/000168285221000006/0001682852-21-000006-index.htm",
    "finalLink": "https://www.sec.gov/Archives/edgar/data/1682852/000168285221000006/mrna-20201231.htm"
  },
  {
    "date": "2020-09-30",
    "symbol": "MRNA",
    "reportedCurrency": "USD",
    "cik": "0001682852",
    "fillingDate": "2020-10-30",
    "acceptedDate": "2020-10-30 08:24:43",
    "calendarYear": "2020",
    "period": "Q3",
    "revenue": 157910000,
    "costOfRevenue": 8500000,
    "grossProfit": 149410000,
    "grossProfitRatio": 0.9461718701,
    "researchAndDevelopmentExpenses": 344486000,
    "generalAndAdministrativeExpenses": 48541000,
    "sellingAndMarketingExpenses": -541000,
    "sellingGeneralAndAdministrativeExpenses": 48000000,
    "otherExpenses": -7959000,
    "operatingExpenses": 384527000,
    "costAndExpenses": 393027000,
    "interestIncome": 5571000,
    "interestExpense": 2834000,
    "depreciationAndAmortization": 8500000,
    "ebitda": -221438000,
    "ebitdaratio": -1.4023051105,
    "operatingIncome": -235117000,
    "operatingIncomeRatio": -1.4889304034,
    "totalOtherIncomeExpensesNet": 2345000,
    "incomeBeforeTax": -232772000,
    "incomeBeforeTaxRatio": -1.4740801723,
    "incomeTaxExpense": 864000,
    "netIncome": -233636000,
    "netIncomeRatio": -1.4795516433,
    "eps": -0.59,
    "epsdiluted": -0.59,
    "weightedAverageShsOut": 394915254,
    "weightedAverageShsOutDil": 395000000,
    "link": "https://www.sec.gov/Archives/edgar/data/1682852/000168285220000023/0001682852-20-000023-index.htm",
    "finalLink": "https://www.sec.gov/Archives/edgar/data/1682852/000168285220000023/mrna-20200930.htm"
  },
  {
    "date": "2020-06-30",
    "symbol": "MRNA",
    "reportedCurrency": "USD",
    "cik": "0001682852",
    "fillingDate": "2020-08-06",
    "acceptedDate": "2020-08-06 16:28:31",
    "calendarYear": "2020",
    "period": "Q2",
    "revenue": 66351000,
    "costOfRevenue": 7600000,
    "grossProfit": 58751000,
    "grossProfitRatio": 0.8854576419,
    "researchAndDevelopmentExpenses": 151856000,
    "generalAndAdministrativeExpenses": 36622000,
    "sellingAndMarketingExpenses": 378000,
    "sellingGeneralAndAdministrativeExpenses": 37000000,
    "otherExpenses": -7978000,
    "operatingExpenses": 180878000,
    "costAndExpenses": 188478000,
    "interestIncome": 7092000,
    "interestExpense": 1878000,
    "depreciationAndAmortization": 7596000,
    "ebitda": -107087000,
    "ebitdaratio": -1.6139470392,
    "operatingIncome": -122127000,
    "operatingIncomeRatio": -1.8406203373,
    "totalOtherIncomeExpensesNet": 5562000,
    "incomeBeforeTax": -116565000,
    "incomeBeforeTaxRatio": -1.7567934168,
    "incomeTaxExpense": 148000,
    "netIncome": -116713000,
    "netIncomeRatio": -1.7590239785,
    "eps": -0.31,
    "epsdiluted": -0.31,
    "weightedAverageShsOut": 377419354,
    "weightedAverageShsOutDil": 381000000,
    "link": "https://www.sec.gov/Archives/edgar/data/1682852/000168285220000017/0001682852-20-000017-index.htm",
    "finalLink": "https://www.sec.gov/Archives/edgar/data/1682852/000168285220000017/mrna-20200630.htm"
  },
  {
    "date": "2020-03-31",
    "symbol": "MRNA",
    "reportedCurrency": "USD",
    "cik": "0001682852",
    "fillingDate": "2020-05-07",
    "acceptedDate": "2020-05-07 16:03:56",
    "calendarYear": "2020",
    "period": "Q1",
    "revenue": 8389000,
    "costOfRevenue": 7449000,
    "grossProfit": 940000,
    "grossProfitRatio": 0.112051496,
    "researchAndDevelopmentExpenses": 115137000,
    "generalAndAdministrativeExpenses": 24114000,
    "sellingAndMarketingExpenses": 0,
    "sellingGeneralAndAdministrativeExpenses": 24114000,
    "otherExpenses": -7445000,
    "operatingExpenses": 131806000,
    "costAndExpenses": 139251000,
    "interestIncome": 7852000,
    "interestExpense": 1666000,
    "depreciationAndAmortization": 7449000,
    "ebitda": -115049000,
    "ebitdaratio": -13.7142686852,
    "operatingIncome": -130862000,
    "operatingIncomeRatio": -15.5992370962,
    "totalOtherIncomeExpensesNet": 6698000,
    "incomeBeforeTax": -124164000,
    "incomeBeforeTaxRatio": -14.8008105853,
    "incomeTaxExpense": 66000,
    "netIncome": -124230000,
    "netIncomeRatio": -14.8086780308,
    "eps": -0.35,
    "epsdiluted": -0.35,
    "weightedAverageShsOut": 353000000,
    "weightedAverageShsOutDil": 353000000,
    "link": "https://www.sec.gov/Archives/edgar/data/1682852/000168285220000010/0001682852-20-000010-index.htm",
    "finalLink": "https://www.sec.gov/Archives/edgar/data/1682852/000168285220000010/moderna10-q3312020.htm"
  },
  {
    "date": "2019-12-31",
    "symbol": "MRNA",
    "reportedCurrency": "USD",
    "cik": "0001682852",
    "fillingDate": "2020-02-27",
    "acceptedDate": "2020-02-27 16:33:58",
    "calendarYear": "2019",
    "period": "Q4",
    "revenue": 14055000,
    "costOfRevenue": 8939000,
    "grossProfit": 5116000,
    "grossProfitRatio": 0.363998577,
    "researchAndDevelopmentExpenses": 117523000,
    "generalAndAdministrativeExpenses": 25626000,
    "sellingAndMarketingExpenses": 0,
    "sellingGeneralAndAdministrativeExpenses": 25626000,
    "otherExpenses": -7477000,
    "operatingExpenses": 135672000,
    "costAndExpenses": 144611000,
    "interestIncome": 7984000,
    "interestExpense": 1995000,
    "depreciationAndAmortization": 8939000,
    "ebitda": -113475000,
    "ebitdaratio": -8.0736392743,
    "operatingIncome": -130556000,
    "operatingIncomeRatio": -9.2889363216,
    "totalOtherIncomeExpensesNet": 6147000,
    "incomeBeforeTax": -124409000,
    "incomeBeforeTaxRatio": -8.8515830665,
    "incomeTaxExpense": -169000,
    "netIncome": -123290000,
    "netIncomeRatio": -8.7719672714,
    "eps": -0.37,
    "epsdiluted": -0.37,
    "weightedAverageShsOut": 334392128,
    "weightedAverageShsOutDil": 334392128,
    "link": "https://www.sec.gov/Archives/edgar/data/1682852/000168285220000006/0001682852-20-000006-index.htm",
    "finalLink": "https://www.sec.gov/Archives/edgar/data/1682852/000168285220000006/moderna10-k12312019.htm"
  },
  {
    "date": "2019-09-30",
    "symbol": "MRNA",
    "reportedCurrency": "USD",
    "cik": "0001682852",
    "fillingDate": "2019-11-06",
    "acceptedDate": "2019-11-06 16:01:55",
    "calendarYear": "2019",
    "period": "Q3",
    "revenue": 17046000,
    "costOfRevenue": 7300000,
    "grossProfit": 9746000,
    "grossProfitRatio": 0.5717470374,
    "researchAndDevelopmentExpenses": 119715000,
    "generalAndAdministrativeExpenses": 28188000,
    "sellingAndMarketingExpenses": 0,
    "sellingGeneralAndAdministrativeExpenses": 28188000,
    "otherExpenses": -7393000,
    "operatingExpenses": 140510000,
    "costAndExpenses": 147810000,
    "interestIncome": 9252000,
    "interestExpense": 1657000,
    "depreciationAndAmortization": 7265000,
    "ebitda": -114529000,
    "ebitdaratio": -6.7188196644,
    "operatingIncome": -130764000,
    "operatingIncomeRatio": -7.6712425202,
    "totalOtherIncomeExpensesNet": 7371000,
    "incomeBeforeTax": -123393000,
    "incomeBeforeTaxRatio": -7.2388243576,
    "incomeTaxExpense": -178000,
    "netIncome": -123194000,
    "netIncomeRatio": -7.2271500645,
    "eps": -0.37,
    "epsdiluted": -0.37,
    "weightedAverageShsOut": 330769341,
    "weightedAverageShsOutDil": 330769341,
    "link": "https://www.sec.gov/Archives/edgar/data/1682852/000168285219000036/0001682852-19-000036-index.htm",
    "finalLink": "https://www.sec.gov/Archives/edgar/data/1682852/000168285219000036/moderna10-q9302019.htm"
  },
  {
    "date": "2019-06-30",
    "symbol": "MRNA",
    "reportedCurrency": "USD",
    "cik": "0001682852",
    "fillingDate": "2019-08-08",
    "acceptedDate": "2019-08-08 16:19:21",
    "calendarYear": "2019",
    "period": "Q2",
    "revenue": 13083000,
    "costOfRevenue": 7500000,
    "grossProfit": 5617000,
    "grossProfitRatio": 0.4293357793,
    "researchAndDevelopmentExpenses": 128496000,
    "generalAndAdministrativeExpenses": 28523000,
    "sellingAndMarketingExpenses": 0,
    "sellingGeneralAndAdministrativeExpenses": 28523000,
    "otherExpenses": -7727000,
    "operatingExpenses": 149292000,
    "costAndExpenses": 156792000,
    "interestIncome": 10322000,
    "interestExpense": 1765000,
    "depreciationAndAmortization": 7489000,
    "ebitda": -126337000,
    "ebitdaratio": -9.6565772376,
    "operatingIncome": -143709000,
    "operatingIncomeRatio": -10.984407246,
    "totalOtherIncomeExpensesNet": 8445000,
    "incomeBeforeTax": -135264000,
    "incomeBeforeTaxRatio": -10.3389130933,
    "incomeTaxExpense": -324000,
    "netIncome": -135054000,
    "netIncomeRatio": -10.322861729,
    "eps": -0.41,
    "epsdiluted": -0.41,
    "weightedAverageShsOut": 329176107,
    "weightedAverageShsOutDil": 329176107,
    "link": "https://www.sec.gov/Archives/edgar/data/1682852/000168285219000031/0001682852-19-000031-index.htm",
    "finalLink": "https://www.sec.gov/Archives/edgar/data/1682852/000168285219000031/moderna10-q6302019.htm"
  },
  {
    "date": "2019-03-31",
    "symbol": "MRNA",
    "reportedCurrency": "USD",
    "cik": "0001682852",
    "fillingDate": "2019-05-09",
    "acceptedDate": "2019-05-09 16:33:59",
    "calendarYear": "2019",
    "period": "Q1",
    "revenue": 16024999,
    "costOfRevenue": 7316000,
    "grossProfit": 8709000,
    "grossProfitRatio": 0.5434633724,
    "researchAndDevelopmentExpenses": 130575000,
    "generalAndAdministrativeExpenses": 27283000,
    "sellingAndMarketingExpenses": 0,
    "sellingGeneralAndAdministrativeExpenses": 27283000,
    "otherExpenses": -130605000,
    "operatingExpenses": 27252999,
    "costAndExpenses": 157666000,
    "interestIncome": 10972000,
    "interestExpense": 1533000,
    "depreciationAndAmortization": 7328000,
    "ebitda": -123820000,
    "ebitdaratio": -7.7266775492,
    "operatingIncome": -141641000,
    "operatingIncomeRatio": -8.8387525016,
    "totalOtherIncomeExpensesNet": 9041000,
    "incomeBeforeTax": -132600000,
    "incomeBeforeTaxRatio": -8.2745714992,
    "incomeTaxExpense": -24000,
    "netIncome": -132576000,
    "netIncomeRatio": -8.2730738392,
    "eps": -0.4,
    "epsdiluted": -0.4,
    "weightedAverageShsOut": 328809986,
    "weightedAverageShsOutDil": 328809986,
    "link": "https://www.sec.gov/Archives/edgar/data/1682852/000168285219000023/0001682852-19-000023-index.htm",
    "finalLink": "https://www.sec.gov/Archives/edgar/data/1682852/000168285219000023/moderna10-q3312019.htm"
  },
  {
    "date": "2018-12-31",
    "symbol": "MRNA",
    "reportedCurrency": "USD",
    "cik": "0001682852",
    "fillingDate": "2019-03-13",
    "acceptedDate": "2019-03-13 16:22:39",
    "calendarYear": "2018",
    "period": "Q4",
    "revenue": 35421000,
    "costOfRevenue": 7350000,
    "grossProfit": 28071000,
    "grossProfitRatio": 0.792495977,
    "researchAndDevelopmentExpenses": 150429000,
    "generalAndAdministrativeExpenses": 38023000,
    "sellingAndMarketingExpenses": 0,
    "sellingGeneralAndAdministrativeExpenses": 38023000,
    "otherExpenses": -7350000,
    "operatingExpenses": 181102000,
    "costAndExpenses": 188452000,
    "interestIncome": 8894000,
    "interestExpense": 1525000,
    "depreciationAndAmortization": 7350000,
    "ebitda": -132383000,
    "ebitdaratio": -3.7374156574,
    "operatingIncome": -153031000,
    "operatingIncomeRatio": -4.320346687,
    "totalOtherIncomeExpensesNet": 11773000,
    "incomeBeforeTax": -141258000,
    "incomeBeforeTaxRatio": -3.9879732362,
    "incomeTaxExpense": 168000,
    "netIncome": -141426000,
    "netIncomeRatio": -3.9927161853,
    "eps": -0.44,
    "epsdiluted": -0.44,
    "weightedAverageShsOut": 328798904,
    "weightedAverageShsOutDil": 328798904,
    "link": "https://www.sec.gov/Archives/edgar/data/1682852/000168285219000009/0001682852-19-000009-index.htm",
    "finalLink": "https://www.sec.gov/Archives/edgar/data/1682852/000168285219000009/moderna10-k12312018.htm"
  },
  {
    "date": "2018-09-30",
    "symbol": "MRNA",
    "reportedCurrency": "USD",
    "cik": "0001682852",
    "fillingDate": "2018-09-30",
    "acceptedDate": "2018-09-29 20:00:00",
    "calendarYear": "2018",
    "period": "Q3",
    "revenue": 41757000,
    "costOfRevenue": 6481000,
    "grossProfit": 35276000,
    "grossProfitRatio": 0.8447924899,
    "researchAndDevelopmentExpenses": 109050000,
    "generalAndAdministrativeExpenses": 18525000,
    "sellingAndMarketingExpenses": 0,
    "sellingGeneralAndAdministrativeExpenses": 18525000,
    "otherExpenses": -6481000,
    "operatingExpenses": 121094000,
    "costAndExpenses": 127575000,
    "interestIncome": 6519000,
    "interestExpense": 0,
    "depreciationAndAmortization": 6481000,
    "ebitda": -73850000,
    "ebitdaratio": -1.7685657495,
    "operatingIncome": -85818000,
    "operatingIncomeRatio": -2.0551763776,
    "totalOtherIncomeExpensesNet": 5487000,
    "incomeBeforeTax": -80331000,
    "incomeBeforeTaxRatio": -1.9237732596,
    "incomeTaxExpense": 0,
    "netIncome": -80331000,
    "netIncomeRatio": -1.9237732596,
    "eps": -0.27,
    "epsdiluted": -0.27,
    "weightedAverageShsOut": 324411226,
    "weightedAverageShsOutDil": 324411226,
    "link": "",
    "finalLink": ""
  },
  {
    "date": "2018-06-30",
    "symbol": "MRNA",
    "reportedCurrency": "USD",
    "cik": "0001682852",
    "fillingDate": "2018-06-30",
    "acceptedDate": "2018-06-30 00:00:00",
    "calendarYear": "2018",
    "period": "Q2",
    "revenue": 28851000,
    "costOfRevenue": 104479000,
    "grossProfit": -75628000,
    "grossProfitRatio": -2.6213302832,
    "researchAndDevelopmentExpenses": 104479000,
    "generalAndAdministrativeExpenses": 21387000,
    "sellingAndMarketingExpenses": 0,
    "sellingGeneralAndAdministrativeExpenses": 21387000,
    "otherExpenses": -104479000,
    "operatingExpenses": 21387000,
    "costAndExpenses": 125866000,
    "interestIncome": 6401000,
    "interestExpense": 0,
    "depreciationAndAmortization": 5878000,
    "ebitda": -84592000,
    "ebitdaratio": -2.9320300856,
    "operatingIncome": -97015000,
    "operatingIncomeRatio": -3.3626217462,
    "totalOtherIncomeExpensesNet": 6572000,
    "incomeBeforeTax": -90443000,
    "incomeBeforeTaxRatio": -3.1348306818,
    "incomeTaxExpense": 158000,
    "netIncome": -90601000,
    "netIncomeRatio": -3.1403070951,
    "eps": -0.24,
    "epsdiluted": -0.24,
    "weightedAverageShsOut": 395000000,
    "weightedAverageShsOutDil": 395000000,
    "link": "",
    "finalLink": ""
  },
  {
    "date": "2018-03-31",
    "symbol": "MRNA",
    "reportedCurrency": "USD",
    "cik": "0001682852",
    "fillingDate": "2018-03-31",
    "acceptedDate": "2018-03-31 00:00:00",
    "calendarYear": "2018",
    "period": "Q1",
    "revenue": 29039000,
    "costOfRevenue": 90124000,
    "grossProfit": -61085000,
    "grossProfitRatio": -2.1035503977,
    "researchAndDevelopmentExpenses": 90124000,
    "generalAndAdministrativeExpenses": 16317000,
    "sellingAndMarketingExpenses": 0,
    "sellingGeneralAndAdministrativeExpenses": 16317000,
    "otherExpenses": -90124000,
    "operatingExpenses": 16317000,
    "costAndExpenses": 106441000,
    "interestIncome": 5209000,
    "interestExpense": 27000,
    "depreciationAndAmortization": 5153000,
    "ebitda": -67196000,
    "ebitdaratio": -2.3139915286,
    "operatingIncome": -77402000,
    "operatingIncomeRatio": -2.6654499122,
    "totalOtherIncomeExpensesNet": 5026000,
    "incomeBeforeTax": -72376000,
    "incomeBeforeTaxRatio": -2.4923723269,
    "incomeTaxExpense": -187000,
    "netIncome": -72376000,
    "netIncomeRatio": -2.4923723269,
    "eps": -0.19,
    "epsdiluted": -0.19,
    "weightedAverageShsOut": 395000000,
    "weightedAverageShsOutDil": 395000000,
    "link": "",
    "finalLink": ""
  },
  {
    "date": "2017-12-31",
    "symbol": "MRNA",
    "reportedCurrency": "USD",
    "cik": "0001682852",
    "fillingDate": "2017-12-31",
    "acceptedDate": "2017-12-30 19:00:00",
    "calendarYear": "2017",
    "period": "Q4",
    "revenue": 91904000,
    "costOfRevenue": 5915000,
    "grossProfit": 85989000,
    "grossProfitRatio": 0.9356393628,
    "researchAndDevelopmentExpenses": 117827000,
    "generalAndAdministrativeExpenses": 15905000,
    "sellingAndMarketingExpenses": 0,
    "sellingGeneralAndAdministrativeExpenses": 15905000,
    "otherExpenses": -5915000,
    "operatingExpenses": 127817000,
    "costAndExpenses": 133732000,
    "interestIncome": 3783000,
    "interestExpense": 0,
    "depreciationAndAmortization": 5915000,
    "ebitda": -35913000,
    "ebitdaratio": -0.3907664519,
    "operatingIncome": -41828000,
    "operatingIncomeRatio": -0.4551270891,
    "totalOtherIncomeExpensesNet": 3713000,
    "incomeBeforeTax": -38115000,
    "incomeBeforeTaxRatio": -0.4147262361,
    "incomeTaxExpense": -171000,
    "netIncome": -37944000,
    "netIncomeRatio": -0.4128655989,
    "eps": -0.13,
    "epsdiluted": -0.13,
    "weightedAverageShsOut": 296680997,
    "weightedAverageShsOutDil": 296680997,
    "link": "",
    "finalLink": ""
  },
  {
    "date": "2017-09-30",
    "symbol": "MRNA",
    "reportedCurrency": "USD",
    "cik": "0001682852",
    "fillingDate": "2017-09-30",
    "acceptedDate": "2017-09-29 20:00:00",
    "calendarYear": "2017",
    "period": "Q3",
    "revenue": 42473000,
    "costOfRevenue": -184397000,
    "grossProfit": 37343000,
    "grossProfitRatio": 0.8792173852,
    "researchAndDevelopmentExpenses": 93613000,
    "generalAndAdministrativeExpenses": 16730000,
    "sellingAndMarketingExpenses": 0,
    "sellingGeneralAndAdministrativeExpenses": 16730000,
    "otherExpenses": 184397000,
    "operatingExpenses": 294740000,
    "costAndExpenses": 110343000,
    "interestIncome": 3872000,
    "interestExpense": 0,
    "depreciationAndAmortization": 5130000,
    "ebitda": -62740000,
    "ebitdaratio": -1.4771737339,
    "operatingIncome": -67870000,
    "operatingIncomeRatio": -1.5979563487,
    "totalOtherIncomeExpensesNet": 3085000,
    "incomeBeforeTax": -64785000,
    "incomeBeforeTaxRatio": -1.5253219693,
    "incomeTaxExpense": 2000,
    "netIncome": -68264000,
    "netIncomeRatio": -1.6072328303,
    "eps": -1.05,
    "epsdiluted": -1.05,
    "weightedAverageShsOut": 64715560,
    "weightedAverageShsOutDil": 64715560,
    "link": null,
    "finalLink": null
  },
  {
    "date": "2017-06-30",
    "symbol": "MRNA",
    "reportedCurrency": "USD",
    "cik": "0001682852",
    "fillingDate": "2017-06-30",
    "acceptedDate": "2017-06-29 20:00:00",
    "calendarYear": "2017",
    "period": "Q2",
    "revenue": 35724000,
    "costOfRevenue": 99509500,
    "grossProfit": -63785500,
    "grossProfitRatio": -1.7855083417,
    "researchAndDevelopmentExpenses": 99509500,
    "generalAndAdministrativeExpenses": 16043500,
    "sellingAndMarketingExpenses": 0,
    "sellingGeneralAndAdministrativeExpenses": 16043500,
    "otherExpenses": -99509500,
    "operatingExpenses": 16043500,
    "costAndExpenses": 115906500,
    "interestIncome": 3634500,
    "interestExpense": 0,
    "depreciationAndAmortization": 4746000,
    "ebitda": -75083000,
    "ebitdaratio": -2.1017523234,
    "operatingIncome": -79829000,
    "operatingIncomeRatio": -2.2346041877,
    "totalOtherIncomeExpensesNet": 3281000,
    "incomeBeforeTax": -76548000,
    "incomeBeforeTaxRatio": -2.142761169,
    "incomeTaxExpense": 46500,
    "netIncome": -80075500,
    "netIncomeRatio": -2.2415043108,
    "eps": -1.25,
    "epsdiluted": -1.25,
    "weightedAverageShsOut": 64093777,
    "weightedAverageShsOutDil": 64093777,
    "link": null,
    "finalLink": null
  },
  {
    "date": "2017-03-31",
    "symbol": "MRNA",
    "reportedCurrency": "USD",
    "cik": "0001682852",
    "fillingDate": "2017-03-31",
    "acceptedDate": "2017-03-30 20:00:00",
    "calendarYear": "2017",
    "period": "Q1",
    "revenue": 35724000,
    "costOfRevenue": 99509500,
    "grossProfit": -63785500,
    "grossProfitRatio": -1.7855083417,
    "researchAndDevelopmentExpenses": 99509500,
    "generalAndAdministrativeExpenses": 16043500,
    "sellingAndMarketingExpenses": 0,
    "sellingGeneralAndAdministrativeExpenses": 16043500,
    "otherExpenses": -99509500,
    "operatingExpenses": 16043500,
    "costAndExpenses": 115906500,
    "interestIncome": 3634500,
    "interestExpense": 0,
    "depreciationAndAmortization": 4746000,
    "ebitda": -75083000,
    "ebitdaratio": -2.1017523234,
    "operatingIncome": -79829000,
    "operatingIncomeRatio": -2.2346041877,
    "totalOtherIncomeExpensesNet": 3281000,
    "incomeBeforeTax": -76548000,
    "incomeBeforeTaxRatio": -2.142761169,
    "incomeTaxExpense": 46500,
    "netIncome": -80075500,
    "netIncomeRatio": -2.2415043108,
    "eps": -1.25,
    "epsdiluted": -1.25,
    "weightedAverageShsOut": 64093777,
    "weightedAverageShsOutDil": 64093777,
    "link": null,
    "finalLink": null
  }
]