[
  {
    "date": "2024-12-31",
    "symbol": "MRNA",
    "reportedCurrency": "USD",
    "cik": "0001682852",
    "fillingDate": "2025-02-21",
    "acceptedDate": "2025-02-21 07:11:05",
    "calendarYear": "2024",
    "period": "FY",
    "revenue": 3199000000,
    "costOfRevenue": 1464000000,
    "grossProfit": 1735000000,
    "grossProfitRatio": 0.5423569866,
    "researchAndDevelopmentExpenses": 4543000000,
    "generalAndAdministrativeExpenses": 1028000000,
    "sellingAndMarketingExpenses": 146000000,
    "sellingGeneralAndAdministrativeExpenses": 1174000000,
    "otherExpenses": -37000000,
    "operatingExpenses": 5680000000,
    "costAndExpenses": 7144000000,
    "interestIncome": 425000000,
    "interestExpense": 24000000,
    "depreciationAndAmortization": 189000000,
    "ebitda": -3394000000,
    "ebitdaratio": -1.0609565489,
    "operatingIncome": -3945000000,
    "operatingIncomeRatio": -1.2331978743,
    "totalOtherIncomeExpensesNet": 338000000,
    "incomeBeforeTax": -3607000000,
    "incomeBeforeTaxRatio": -1.1275398562,
    "incomeTaxExpense": -46000000,
    "netIncome": -3561000000,
    "netIncomeRatio": -1.1131603626,
    "eps": -9.27,
    "epsdiluted": -9.27,
    "weightedAverageShsOut": 384000000,
    "weightedAverageShsOutDil": 384000000,
    "link": "https://www.sec.gov/Archives/edgar/data/1682852/000168285225000022/0001682852-25-000022-index.htm",
    "finalLink": "https://www.sec.gov/Archives/edgar/data/1682852/000168285225000022/mrna-20241231.htm"
  },
  {
    "date": "2023-12-31",
    "symbol": "MRNA",
    "reportedCurrency": "USD",
    "cik": "0001682852",
    "fillingDate": "2024-02-23",
    "acceptedDate": "2024-02-23 16:03:10",
    "calendarYear": "2023",
    "period": "FY",
    "revenue": 6848000000,
    "costOfRevenue": 4693000000,
    "grossProfit": 2155000000,
    "grossProfitRatio": 0.3146904206,
    "researchAndDevelopmentExpenses": 4845000000,
    "generalAndAdministrativeExpenses": 1345000000,
    "sellingAndMarketingExpenses": 204000000,
    "sellingGeneralAndAdministrativeExpenses": 1549000000,
    "otherExpenses": 0,
    "operatingExpenses": 6394000000,
    "costAndExpenses": 11087000000,
    "interestIncome": 421000000,
    "interestExpense": 38000000,
    "depreciationAndAmortization": 621000000,
    "ebitda": -3283000000,
    "ebitdaratio": -0.4794100467,
    "operatingIncome": -4239000000,
    "operatingIncomeRatio": -0.6190128505,
    "totalOtherIncomeExpensesNet": 297000000,
    "incomeBeforeTax": -3942000000,
    "incomeBeforeTaxRatio": -0.5756425234,
    "incomeTaxExpense": 772000000,
    "netIncome": -4714000000,
    "netIncomeRatio": -0.6883761682,
    "eps": -12.34,
    "epsdiluted": -12.34,
    "weightedAverageShsOut": 382000000,
    "weightedAverageShsOutDil": 382000000,
    "link": "https://www.sec.gov/Archives/edgar/data/1682852/000168285224000015/0001682852-24-000015-index.htm",
    "finalLink": "https://www.sec.gov/Archives/edgar/data/1682852/000168285224000015/mrna-20231231.htm"
  },
  {
    "date": "2022-12-31",
    "symbol": "MRNA",
    "reportedCurrency": "USD",
    "cik": "0001682852",
    "fillingDate": "2023-02-24",
    "acceptedDate": "2023-02-24 16:03:35",
    "calendarYear": "2022",
    "period": "FY",
    "revenue": 18875000000,
    "costOfRevenue": 5416000000,
    "grossProfit": 13459000000,
    "grossProfitRatio": 0.7130596026,
    "researchAndDevelopmentExpenses": 3295000000,
    "generalAndAdministrativeExpenses": 1011000000,
    "sellingAndMarketingExpenses": 121000000,
    "sellingGeneralAndAdministrativeExpenses": 1132000000,
    "otherExpenses": -388000000,
    "operatingExpenses": 4039000000,
    "costAndExpenses": 9455000000,
    "interestIncome": 200000000,
    "interestExpense": 29000000,
    "depreciationAndAmortization": 348000000,
    "ebitda": 9768000000,
    "ebitdaratio": 0.5175099338,
    "operatingIncome": 9420000000,
    "operatingIncomeRatio": 0.4990728477,
    "totalOtherIncomeExpensesNet": 155000000,
    "incomeBeforeTax": 9575000000,
    "incomeBeforeTaxRatio": 0.5072847682,
    "incomeTaxExpense": 1213000000,
    "netIncome": 8362000000,
    "netIncomeRatio": 0.4430198675,
    "eps": 21.26,
    "epsdiluted": 20.1,
    "weightedAverageShsOut": 394000000,
    "weightedAverageShsOutDil": 416000000,
    "link": "https://www.sec.gov/Archives/edgar/data/1682852/000168285223000011/0001682852-23-000011-index.htm",
    "finalLink": "https://www.sec.gov/Archives/edgar/data/1682852/000168285223000011/mrna-20221231.htm"
  },
  {
    "date": "2021-12-31",
    "symbol": "MRNA",
    "reportedCurrency": "USD",
    "cik": "0001682852",
    "fillingDate": "2022-02-25",
    "acceptedDate": "2022-02-25 08:07:15",
    "calendarYear": "2021",
    "period": "FY",
    "revenue": 17736000000,
    "costOfRevenue": 2617000000,
    "grossProfit": 15119000000,
    "grossProfitRatio": 0.8524470005,
    "researchAndDevelopmentExpenses": 1991000000,
    "generalAndAdministrativeExpenses": 0,
    "sellingAndMarketingExpenses": 0,
    "sellingGeneralAndAdministrativeExpenses": 567000000,
    "otherExpenses": -735000000,
    "operatingExpenses": 1823000000,
    "costAndExpenses": 4440000000,
    "interestIncome": 18000000,
    "interestExpense": 18000000,
    "depreciationAndAmortization": 232000000,
    "ebitda": 13528000000,
    "ebitdaratio": 0.7627424447,
    "operatingIncome": 13296000000,
    "operatingIncomeRatio": 0.749661705,
    "totalOtherIncomeExpensesNet": -11000000,
    "incomeBeforeTax": 13285000000,
    "incomeBeforeTaxRatio": 0.7490414975,
    "incomeTaxExpense": 1083000000,
    "netIncome": 12202000000,
    "netIncomeRatio": 0.6879792512,
    "eps": 30.31,
    "epsdiluted": 28.29,
    "weightedAverageShsOut": 403000000,
    "weightedAverageShsOutDil": 431000000,
    "link": "https://www.sec.gov/Archives/edgar/data/1682852/000168285222000012/0001682852-22-000012-index.htm",
    "finalLink": "https://www.sec.gov/Archives/edgar/data/1682852/000168285222000012/mrna-20211231.htm"
  },
  {
    "date": "2020-12-31",
    "symbol": "MRNA",
    "reportedCurrency": "USD",
    "cik": "0001682852",
    "fillingDate": "2021-02-26",
    "acceptedDate": "2021-02-26 16:30:28",
    "calendarYear": "2020",
    "period": "FY",
    "revenue": 803395000,
    "costOfRevenue": 39184000,
    "grossProfit": 764211000,
    "grossProfitRatio": 0.9512269805,
    "researchAndDevelopmentExpenses": 1370339000,
    "generalAndAdministrativeExpenses": 0,
    "sellingAndMarketingExpenses": 0,
    "sellingGeneralAndAdministrativeExpenses": 188267000,
    "otherExpenses": -31251000,
    "operatingExpenses": 1527355000,
    "costAndExpenses": 1566539000,
    "interestIncome": 24715000,
    "interestExpense": 9886000,
    "depreciationAndAmortization": 31251000,
    "ebitda": -703376000,
    "ebitdaratio": -0.8755045774,
    "operatingIncome": -763144000,
    "operatingIncomeRatio": -0.9498988667,
    "totalOtherIncomeExpensesNet": 18631000,
    "incomeBeforeTax": -744513000,
    "incomeBeforeTaxRatio": -0.9267085307,
    "incomeTaxExpense": 2551000,
    "netIncome": -747064000,
    "netIncomeRatio": -0.9298838056,
    "eps": -1.96,
    "epsdiluted": -1.96,
    "weightedAverageShsOut": 381333059,
    "weightedAverageShsOutDil": 381333059,
    "link": "https://www.sec.gov/Archives/edgar/data/1682852/000168285221000006/0001682852-21-000006-index.htm",
    "finalLink": "https://www.sec.gov/Archives/edgar/data/1682852/000168285221000006/mrna-20201231.htm"
  },
  {
    "date": "2019-12-31",
    "symbol": "MRNA",
    "reportedCurrency": "USD",
    "cik": "0001682852",
    "fillingDate": "2020-02-27",
    "acceptedDate": "2020-02-27 16:33:58",
    "calendarYear": "2019",
    "period": "FY",
    "revenue": 60209000,
    "costOfRevenue": 31021000,
    "grossProfit": 29188000,
    "grossProfitRatio": 0.4847780232,
    "researchAndDevelopmentExpenses": 496309000,
    "generalAndAdministrativeExpenses": 109620000,
    "sellingAndMarketingExpenses": 0,
    "sellingGeneralAndAdministrativeExpenses": 109620000,
    "otherExpenses": -31021000,
    "operatingExpenses": 574908000,
    "costAndExpenses": 606000000,
    "interestIncome": 38530000,
    "interestExpense": 6612000,
    "depreciationAndAmortization": 31021000,
    "ebitda": -477083000,
    "ebitdaratio": -7.9237821588,
    "operatingIncome": -545720000,
    "operatingIncomeRatio": -9.0637612317,
    "totalOtherIncomeExpensesNet": 31004000,
    "incomeBeforeTax": -514716000,
    "incomeBeforeTaxRatio": -8.5488216047,
    "incomeTaxExpense": -695000,
    "netIncome": -514021000,
    "netIncomeRatio": -8.53727848,
    "eps": -1.55,
    "epsdiluted": -1.55,
    "weightedAverageShsOut": 330802136,
    "weightedAverageShsOutDil": 330802136,
    "link": "https://www.sec.gov/Archives/edgar/data/1682852/000168285220000006/0001682852-20-000006-index.htm",
    "finalLink": "https://www.sec.gov/Archives/edgar/data/1682852/000168285220000006/moderna10-k12312019.htm"
  },
  {
    "date": "2018-12-31",
    "symbol": "MRNA",
    "reportedCurrency": "USD",
    "cik": "0001682852",
    "fillingDate": "2019-03-13",
    "acceptedDate": "2019-03-13 16:22:39",
    "calendarYear": "2018",
    "period": "FY",
    "revenue": 135068000,
    "costOfRevenue": 24862000,
    "grossProfit": -319014000,
    "grossProfitRatio": -2.3618769805,
    "researchAndDevelopmentExpenses": 454082000,
    "generalAndAdministrativeExpenses": 94252000,
    "sellingAndMarketingExpenses": 0,
    "sellingGeneralAndAdministrativeExpenses": 94252000,
    "otherExpenses": -454082000,
    "operatingExpenses": 94252000,
    "costAndExpenses": 603934000,
    "interestIncome": 27023000,
    "interestExpense": 3096000,
    "depreciationAndAmortization": 24862000,
    "ebitda": -412050000,
    "ebitdaratio": -3.0506855806,
    "operatingIncome": -468866000,
    "operatingIncomeRatio": -3.4713329582,
    "totalOtherIncomeExpensesNet": 28858000,
    "incomeBeforeTax": -440008000,
    "incomeBeforeTaxRatio": -3.2576776142,
    "incomeTaxExpense": 326000,
    "netIncome": -384734000,
    "netIncomeRatio": -2.8484467083,
    "eps": -1.17,
    "epsdiluted": -1.17,
    "weightedAverageShsOut": 328804445,
    "weightedAverageShsOutDil": 328804445,
    "link": "https://www.sec.gov/Archives/edgar/data/1682852/000168285219000009/0001682852-19-000009-index.htm",
    "finalLink": "https://www.sec.gov/Archives/edgar/data/1682852/000168285219000009/moderna10-k12312018.htm"
  },
  {
    "date": "2017-12-31",
    "symbol": "MRNA",
    "reportedCurrency": "USD",
    "cik": "0001682852",
    "fillingDate": "2017-12-31",
    "acceptedDate": "2017-12-30 19:00:00",
    "calendarYear": "2017",
    "period": "FY",
    "revenue": 205825000,
    "costOfRevenue": 20537000,
    "grossProfit": 185288000,
    "grossProfitRatio": 0.9002210616,
    "researchAndDevelopmentExpenses": 410459000,
    "generalAndAdministrativeExpenses": 64722000,
    "sellingAndMarketingExpenses": 0,
    "sellingGeneralAndAdministrativeExpenses": 64722000,
    "otherExpenses": -20537000,
    "operatingExpenses": 454644000,
    "costAndExpenses": 475181000,
    "interestIncome": 15235000,
    "interestExpense": 132000,
    "depreciationAndAmortization": 20537000,
    "ebitda": -235327000,
    "ebitdaratio": -1.1433353577,
    "operatingIncome": -269356000,
    "operatingIncomeRatio": -1.3086651281,
    "totalOtherIncomeExpensesNet": 13360000,
    "incomeBeforeTax": -255996000,
    "incomeBeforeTaxRatio": -1.2437556176,
    "incomeTaxExpense": -80000,
    "netIncome": -255916000,
    "netIncomeRatio": -1.2433669379,
    "eps": -0.72,
    "epsdiluted": -0.72,
    "weightedAverageShsOut": 376000000,
    "weightedAverageShsOutDil": 376000000,
    "link": "",
    "finalLink": ""
  },
  {
    "date": "2016-12-31",
    "symbol": "MRNA",
    "reportedCurrency": "USD",
    "cik": "0001682852",
    "fillingDate": "2016-12-31",
    "acceptedDate": "2016-12-30 19:00:00",
    "calendarYear": "2016",
    "period": "FY",
    "revenue": 108396000,
    "costOfRevenue": 15114000,
    "grossProfit": 93282000,
    "grossProfitRatio": 0.8605668106,
    "researchAndDevelopmentExpenses": 274717000,
    "generalAndAdministrativeExpenses": 57450000,
    "sellingAndMarketingExpenses": 0,
    "sellingGeneralAndAdministrativeExpenses": 57450000,
    "otherExpenses": -15114000,
    "operatingExpenses": 317053000,
    "costAndExpenses": 332167000,
    "interestIncome": 11312000,
    "interestExpense": 0,
    "depreciationAndAmortization": 15114000,
    "ebitda": -208657000,
    "ebitdaratio": -1.9249511052,
    "operatingIncome": -223771000,
    "operatingIncomeRatio": -2.0643842946,
    "totalOtherIncomeExpensesNet": 8603000,
    "incomeBeforeTax": -215168000,
    "incomeBeforeTaxRatio": -1.9850178973,
    "incomeTaxExpense": 1043000,
    "netIncome": -216211000,
    "netIncomeRatio": -1.9946400236,
    "eps": -3.79,
    "epsdiluted": -3.79,
    "weightedAverageShsOut": 64093777,
    "weightedAverageShsOutDil": 64093777,
    "link": "",
    "finalLink": ""
  }
]