[
  {
    "date": "2025-06-30",
    "symbol": "MS",
    "reportedCurrency": "USD",
    "cik": "0000895421",
    "fillingDate": "2025-08-04",
    "acceptedDate": "2025-08-04 16:30:56",
    "calendarYear": "2025",
    "period": "Q2",
    "revenue": 28162000000,
    "costOfRevenue": 12754000000,
    "grossProfit": 15408000000,
    "grossProfitRatio": 0.5471202329,
    "researchAndDevelopmentExpenses": 0,
    "generalAndAdministrativeExpenses": 7190000000,
    "sellingAndMarketingExpenses": 297000000,
    "sellingGeneralAndAdministrativeExpenses": 7487000000,
    "otherExpenses": 3299000000,
    "operatingExpenses": 10786000000,
    "costAndExpenses": 23540000000,
    "interestIncome": 14905000000,
    "interestExpense": 12558000000,
    "depreciationAndAmortization": 1307000000,
    "ebitda": 5929000000,
    "ebitdaratio": 0.2105319224,
    "operatingIncome": 4622000000,
    "operatingIncomeRatio": 0.1641218663,
    "totalOtherIncomeExpensesNet": 0,
    "incomeBeforeTax": 4622000000,
    "incomeBeforeTaxRatio": 0.1641218663,
    "incomeTaxExpense": 1047000000,
    "netIncome": 3539000000,
    "netIncomeRatio": 0.1256657908,
    "eps": 2.15,
    "epsdiluted": 2.13,
    "weightedAverageShsOut": 1577000000,
    "weightedAverageShsOutDil": 1593000000,
    "link": "https://www.sec.gov/Archives/edgar/data/895421/000089542125000440/0000895421-25-000440-index.htm",
    "finalLink": "https://www.sec.gov/Archives/edgar/data/895421/000089542125000440/ms-20250630.htm"
  },
  {
    "date": "2025-03-31",
    "symbol": "MS",
    "reportedCurrency": "USD",
    "cik": "0000895421",
    "fillingDate": "2025-05-05",
    "acceptedDate": "2025-05-05 16:13:06",
    "calendarYear": "2025",
    "period": "Q1",
    "revenue": 27912000000,
    "costOfRevenue": 11530000000,
    "grossProfit": 16382000000,
    "grossProfitRatio": 0.5869160218,
    "researchAndDevelopmentExpenses": 0,
    "generalAndAdministrativeExpenses": 7377000000,
    "sellingAndMarketingExpenses": 238000000,
    "sellingGeneralAndAdministrativeExpenses": 7615000000,
    "otherExpenses": 3223000000,
    "operatingExpenses": 10838000000,
    "costAndExpenses": 22368000000,
    "interestIncome": 13748000000,
    "interestExpense": 11395000000,
    "depreciationAndAmortization": 865000000,
    "ebitda": 6409000000,
    "ebitdaratio": 0.2296145027,
    "operatingIncome": 5544000000,
    "operatingIncomeRatio": 0.1986242476,
    "totalOtherIncomeExpensesNet": 0,
    "incomeBeforeTax": 5544000000,
    "incomeBeforeTaxRatio": 0.1986242476,
    "incomeTaxExpense": 1173000000,
    "netIncome": 4315000000,
    "netIncomeRatio": 0.1545930066,
    "eps": 2.62,
    "epsdiluted": 2.6,
    "weightedAverageShsOut": 1584000000,
    "weightedAverageShsOutDil": 1600000000,
    "link": "https://www.sec.gov/Archives/edgar/data/895421/000089542125000343/0000895421-25-000343-index.htm",
    "finalLink": "https://www.sec.gov/Archives/edgar/data/895421/000089542125000343/ms-20250331.htm"
  },
  {
    "date": "2024-12-31",
    "symbol": "MS",
    "reportedCurrency": "USD",
    "cik": "0000895421",
    "fillingDate": "2025-02-21",
    "acceptedDate": "2025-02-21 16:25:14",
    "calendarYear": "2024",
    "period": "Q4",
    "revenue": 25982000000,
    "costOfRevenue": 11054000000,
    "grossProfit": 14928000000,
    "grossProfitRatio": 0.5745516127,
    "researchAndDevelopmentExpenses": 0,
    "generalAndAdministrativeExpenses": 6289000000,
    "sellingAndMarketingExpenses": 279000000,
    "sellingGeneralAndAdministrativeExpenses": 6568000000,
    "otherExpenses": 3454000000,
    "operatingExpenses": 10022000000,
    "costAndExpenses": 21076000000,
    "interestIncome": 13491000000,
    "interestExpense": 10939000000,
    "depreciationAndAmortization": 1645000000,
    "ebitda": 6551000000,
    "ebitdaratio": 0.2521360942,
    "operatingIncome": 4906000000,
    "operatingIncomeRatio": 0.1888230313,
    "totalOtherIncomeExpensesNet": 0,
    "incomeBeforeTax": 4906000000,
    "incomeBeforeTaxRatio": 0.1888230313,
    "incomeTaxExpense": 1182000000,
    "netIncome": 3714000000,
    "netIncomeRatio": 0.1429451158,
    "eps": 2.25,
    "epsdiluted": 2.22,
    "weightedAverageShsOut": 1583000000,
    "weightedAverageShsOutDil": 1608000000,
    "link": "https://www.sec.gov/Archives/edgar/data/895421/000089542125000304/0000895421-25-000304-index.htm",
    "finalLink": "https://www.sec.gov/Archives/edgar/data/895421/000089542125000304/ms-20241231.htm"
  },
  {
    "date": "2024-09-30",
    "symbol": "MS",
    "reportedCurrency": "USD",
    "cik": "0000895421",
    "fillingDate": "2024-11-04",
    "acceptedDate": "2024-11-04 16:10:41",
    "calendarYear": "2024",
    "period": "Q3",
    "revenue": 26328000000,
    "costOfRevenue": 12068000000,
    "grossProfit": 14260000000,
    "grossProfitRatio": 0.5416286843,
    "researchAndDevelopmentExpenses": 0,
    "generalAndAdministrativeExpenses": 6733000000,
    "sellingAndMarketingExpenses": 224000000,
    "sellingGeneralAndAdministrativeExpenses": 6957000000,
    "otherExpenses": 3082000000,
    "operatingExpenses": 10039000000,
    "costAndExpenses": 22107000000,
    "interestIncome": 14185000000,
    "interestExpense": 11989000000,
    "depreciationAndAmortization": 1270000000,
    "ebitda": 5491000000,
    "ebitdaratio": 0.2085612276,
    "operatingIncome": 4221000000,
    "operatingIncomeRatio": 0.1603236098,
    "totalOtherIncomeExpensesNet": 0,
    "incomeBeforeTax": 4221000000,
    "incomeBeforeTaxRatio": 0.1603236098,
    "incomeTaxExpense": 995000000,
    "netIncome": 3188000000,
    "netIncomeRatio": 0.1210878153,
    "eps": 1.91,
    "epsdiluted": 1.88,
    "weightedAverageShsOut": 1588000000,
    "weightedAverageShsOutDil": 1609000000,
    "link": "https://www.sec.gov/Archives/edgar/data/895421/000089542124000491/0000895421-24-000491-index.htm",
    "finalLink": "https://www.sec.gov/Archives/edgar/data/895421/000089542124000491/ms-20240930.htm"
  },
  {
    "date": "2024-06-30",
    "symbol": "MS",
    "reportedCurrency": "USD",
    "cik": "0000895421",
    "fillingDate": "2024-08-05",
    "acceptedDate": "2024-08-05 16:05:42",
    "calendarYear": "2024",
    "period": "Q2",
    "revenue": 25486000000,
    "costOfRevenue": 11538000000,
    "grossProfit": 13948000000,
    "grossProfitRatio": 0.5472808601,
    "researchAndDevelopmentExpenses": 0,
    "generalAndAdministrativeExpenses": 6460000000,
    "sellingAndMarketingExpenses": 245000000,
    "sellingGeneralAndAdministrativeExpenses": 6705000000,
    "otherExpenses": 3169000000,
    "operatingExpenses": 9874000000,
    "costAndExpenses": 21412000000,
    "interestIncome": 13529000000,
    "interestExpense": 11462000000,
    "depreciationAndAmortization": 1271000000,
    "ebitda": 5345000000,
    "ebitdaratio": 0.2097229852,
    "operatingIncome": 4074000000,
    "operatingIncomeRatio": 0.159852468,
    "totalOtherIncomeExpensesNet": 0,
    "incomeBeforeTax": 4074000000,
    "incomeBeforeTaxRatio": 0.159852468,
    "incomeTaxExpense": 957000000,
    "netIncome": 3076000000,
    "netIncomeRatio": 0.1206937142,
    "eps": 1.85,
    "epsdiluted": 1.82,
    "weightedAverageShsOut": 1594000000,
    "weightedAverageShsOutDil": 1611000000,
    "link": "https://www.sec.gov/Archives/edgar/data/895421/000089542124000403/0000895421-24-000403-index.htm",
    "finalLink": "https://www.sec.gov/Archives/edgar/data/895421/000089542124000403/ms-20240630.htm"
  },
  {
    "date": "2024-03-31",
    "symbol": "MS",
    "reportedCurrency": "USD",
    "cik": "0000895421",
    "fillingDate": "2024-05-03",
    "acceptedDate": "2024-05-03 16:04:11",
    "calendarYear": "2024",
    "period": "Q1",
    "revenue": 25349000000,
    "costOfRevenue": 11128000000,
    "grossProfit": 14221000000,
    "grossProfitRatio": 0.5610083238,
    "researchAndDevelopmentExpenses": 0,
    "generalAndAdministrativeExpenses": 6696000000,
    "sellingAndMarketingExpenses": 217000000,
    "sellingGeneralAndAdministrativeExpenses": 6913000000,
    "otherExpenses": 2913000000,
    "operatingExpenses": 9826000000,
    "costAndExpenses": 20954000000,
    "interestIncome": 12930000000,
    "interestExpense": 11134000000,
    "depreciationAndAmortization": 975000000,
    "ebitda": 5370000000,
    "ebitdaratio": 0.2118426762,
    "operatingIncome": 4395000000,
    "operatingIncomeRatio": 0.1733796205,
    "totalOtherIncomeExpensesNet": 0,
    "incomeBeforeTax": 4395000000,
    "incomeBeforeTaxRatio": 0.1733796205,
    "incomeTaxExpense": 933000000,
    "netIncome": 3412000000,
    "netIncomeRatio": 0.1346009705,
    "eps": 2.04,
    "epsdiluted": 2.02,
    "weightedAverageShsOut": 1601000000,
    "weightedAverageShsOutDil": 1616000000,
    "link": "https://www.sec.gov/Archives/edgar/data/895421/000089542124000322/0000895421-24-000322-index.htm",
    "finalLink": "https://www.sec.gov/Archives/edgar/data/895421/000089542124000322/ms-20240331.htm"
  },
  {
    "date": "2023-12-31",
    "symbol": "MS",
    "reportedCurrency": "USD",
    "cik": "0000895421",
    "fillingDate": "2024-02-22",
    "acceptedDate": "2024-02-22 16:08:52",
    "calendarYear": "2023",
    "period": "Q4",
    "revenue": 12031000000,
    "costOfRevenue": 0,
    "grossProfit": 12031000000,
    "grossProfitRatio": 1,
    "researchAndDevelopmentExpenses": 0,
    "generalAndAdministrativeExpenses": 5598000000,
    "sellingAndMarketingExpenses": 224000000,
    "sellingGeneralAndAdministrativeExpenses": 5822000000,
    "otherExpenses": 6209000000,
    "operatingExpenses": 12031000000,
    "costAndExpenses": 12031000000,
    "interestIncome": 14058000000,
    "interestExpense": 12161000000,
    "depreciationAndAmortization": 1406000000,
    "ebitda": 0,
    "ebitdaratio": 0,
    "operatingIncome": 0,
    "operatingIncomeRatio": 0,
    "totalOtherIncomeExpensesNet": 2096000000,
    "incomeBeforeTax": 2096000000,
    "incomeBeforeTaxRatio": 0.1742166071,
    "incomeTaxExpense": 555000000,
    "netIncome": 1517000000,
    "netIncomeRatio": 0.1260909318,
    "eps": 0.86,
    "epsdiluted": 0.84,
    "weightedAverageShsOut": 1606000000,
    "weightedAverageShsOutDil": 1627000000,
    "link": "https://www.sec.gov/Archives/edgar/data/895421/000089542124000300/0000895421-24-000300-index.htm",
    "finalLink": "https://www.sec.gov/Archives/edgar/data/895421/000089542124000300/ms-20231231.htm"
  },
  {
    "date": "2023-09-30",
    "symbol": "MS",
    "reportedCurrency": "USD",
    "cik": "0000895421",
    "fillingDate": "2023-11-03",
    "acceptedDate": "2023-11-03 16:04:07",
    "calendarYear": "2023",
    "period": "Q3",
    "revenue": 12418000000,
    "costOfRevenue": 0,
    "grossProfit": 12418000000,
    "grossProfitRatio": 1,
    "researchAndDevelopmentExpenses": 0,
    "generalAndAdministrativeExpenses": 5935000000,
    "sellingAndMarketingExpenses": 191000000,
    "sellingGeneralAndAdministrativeExpenses": 6126000000,
    "otherExpenses": 6292000000,
    "operatingExpenses": 12418000000,
    "costAndExpenses": 12418000000,
    "interestIncome": 12126000000,
    "interestExpense": 10149000000,
    "depreciationAndAmortization": 988000000,
    "ebitda": 0,
    "ebitdaratio": 0,
    "operatingIncome": 0,
    "operatingIncomeRatio": 0,
    "totalOtherIncomeExpensesNet": 3145000000,
    "incomeBeforeTax": 3145000000,
    "incomeBeforeTaxRatio": 0.2532613947,
    "incomeTaxExpense": 710000000,
    "netIncome": 2408000000,
    "netIncomeRatio": 0.1939120631,
    "eps": 1.39,
    "epsdiluted": 1.38,
    "weightedAverageShsOut": 1624000000,
    "weightedAverageShsOutDil": 1643000000,
    "link": "https://www.sec.gov/Archives/edgar/data/895421/000089542123000441/0000895421-23-000441-index.htm",
    "finalLink": "https://www.sec.gov/Archives/edgar/data/895421/000089542123000441/ms-20230930.htm"
  },
  {
    "date": "2023-06-30",
    "symbol": "MS",
    "reportedCurrency": "USD",
    "cik": "0000895421",
    "fillingDate": "2023-08-03",
    "acceptedDate": "2023-08-03 16:20:44",
    "calendarYear": "2023",
    "period": "Q2",
    "revenue": 12582000000,
    "costOfRevenue": 0,
    "grossProfit": 12582000000,
    "grossProfitRatio": 1,
    "researchAndDevelopmentExpenses": 0,
    "generalAndAdministrativeExpenses": 6262000000,
    "sellingAndMarketingExpenses": 236000000,
    "sellingGeneralAndAdministrativeExpenses": 6498000000,
    "otherExpenses": 6084000000,
    "operatingExpenses": 12582000000,
    "costAndExpenses": 12582000000,
    "interestIncome": 10913000000,
    "interestExpense": 8903000000,
    "depreciationAndAmortization": 922000000,
    "ebitda": 0,
    "ebitdaratio": 0,
    "operatingIncome": 0,
    "operatingIncomeRatio": 0,
    "totalOtherIncomeExpensesNet": 2812000000,
    "incomeBeforeTax": 2812000000,
    "incomeBeforeTaxRatio": 0.2234938801,
    "incomeTaxExpense": 591000000,
    "netIncome": 2182000000,
    "netIncomeRatio": 0.1734223494,
    "eps": 1.25,
    "epsdiluted": 1.24,
    "weightedAverageShsOut": 1635000000,
    "weightedAverageShsOutDil": 1651000000,
    "link": "https://www.sec.gov/Archives/edgar/data/895421/000089542123000374/0000895421-23-000374-index.htm",
    "finalLink": "https://www.sec.gov/Archives/edgar/data/895421/000089542123000374/ms-20230630.htm"
  },
  {
    "date": "2023-03-31",
    "symbol": "MS",
    "reportedCurrency": "USD",
    "cik": "0000895421",
    "fillingDate": "2023-05-02",
    "acceptedDate": "2023-05-02 16:25:30",
    "calendarYear": "2023",
    "period": "Q1",
    "revenue": 13636000000,
    "costOfRevenue": 0,
    "grossProfit": 13636000000,
    "grossProfitRatio": 1,
    "researchAndDevelopmentExpenses": 0,
    "generalAndAdministrativeExpenses": 6410000000,
    "sellingAndMarketingExpenses": 247000000,
    "sellingGeneralAndAdministrativeExpenses": 6657000000,
    "otherExpenses": 6979000000,
    "operatingExpenses": 13636000000,
    "costAndExpenses": 13636000000,
    "interestIncome": 9980000000,
    "interestExpense": 7634000000,
    "depreciationAndAmortization": 940000000,
    "ebitda": 0,
    "ebitdaratio": 0,
    "operatingIncome": 0,
    "operatingIncomeRatio": 0,
    "totalOtherIncomeExpensesNet": 3760000000,
    "incomeBeforeTax": 3760000000,
    "incomeBeforeTaxRatio": 0.2757406864,
    "incomeTaxExpense": 727000000,
    "netIncome": 2980000000,
    "netIncomeRatio": 0.218539161,
    "eps": 1.72,
    "epsdiluted": 1.71,
    "weightedAverageShsOut": 1645000000,
    "weightedAverageShsOutDil": 1663000000,
    "link": "https://www.sec.gov/Archives/edgar/data/895421/000089542123000315/0000895421-23-000315-index.htm",
    "finalLink": "https://www.sec.gov/Archives/edgar/data/895421/000089542123000315/ms-20230331.htm"
  },
  {
    "date": "2022-12-31",
    "symbol": "MS",
    "reportedCurrency": "USD",
    "cik": "0000895421",
    "fillingDate": "2023-02-24",
    "acceptedDate": "2023-02-24 16:05:43",
    "calendarYear": "2022",
    "period": "Q4",
    "revenue": 11898000000,
    "costOfRevenue": 0,
    "grossProfit": 11898000000,
    "grossProfitRatio": 1,
    "researchAndDevelopmentExpenses": 0,
    "generalAndAdministrativeExpenses": 5574000000,
    "sellingAndMarketingExpenses": 295000000,
    "sellingGeneralAndAdministrativeExpenses": 5869000000,
    "otherExpenses": 6029000000,
    "operatingExpenses": 11898000000,
    "costAndExpenses": 11898000000,
    "interestIncome": 9232000000,
    "interestExpense": 6913000000,
    "depreciationAndAmortization": 1207000000,
    "ebitda": 0,
    "ebitdaratio": 0,
    "operatingIncome": 0,
    "operatingIncomeRatio": 0,
    "totalOtherIncomeExpensesNet": 2794000000,
    "incomeBeforeTax": 2794000000,
    "incomeBeforeTaxRatio": 0.2348293831,
    "incomeTaxExpense": 528000000,
    "netIncome": 2236000000,
    "netIncomeRatio": 0.1879307447,
    "eps": 1.28,
    "epsdiluted": 1.26,
    "weightedAverageShsOut": 1652000000,
    "weightedAverageShsOutDil": 1679000000,
    "link": "https://www.sec.gov/Archives/edgar/data/895421/000089542123000284/0000895421-23-000284-index.htm",
    "finalLink": "https://www.sec.gov/Archives/edgar/data/895421/000089542123000284/ms-20221231.htm"
  },
  {
    "date": "2022-09-30",
    "symbol": "MS",
    "reportedCurrency": "USD",
    "cik": "0000895421",
    "fillingDate": "2022-11-03",
    "acceptedDate": "2022-11-03 16:52:43",
    "calendarYear": "2022",
    "period": "Q3",
    "revenue": 12139000000,
    "costOfRevenue": 0,
    "grossProfit": 12139000000,
    "grossProfitRatio": 1,
    "researchAndDevelopmentExpenses": 0,
    "generalAndAdministrativeExpenses": 5614000000,
    "sellingAndMarketingExpenses": 215000000,
    "sellingGeneralAndAdministrativeExpenses": 5829000000,
    "otherExpenses": 6310000000,
    "operatingExpenses": 12139000000,
    "costAndExpenses": 12139000000,
    "interestIncome": 6101000000,
    "interestExpense": 3591000000,
    "depreciationAndAmortization": 928000000,
    "ebitda": 0,
    "ebitdaratio": 0,
    "operatingIncome": 0,
    "operatingIncomeRatio": 0,
    "totalOtherIncomeExpensesNet": 3388000000,
    "incomeBeforeTax": 3388000000,
    "incomeBeforeTaxRatio": 0.2791004201,
    "incomeTaxExpense": 726000000,
    "netIncome": 2632000000,
    "netIncomeRatio": 0.216821814,
    "eps": 1.49,
    "epsdiluted": 1.47,
    "weightedAverageShsOut": 1674000000,
    "weightedAverageShsOutDil": 1697000000,
    "link": "https://www.sec.gov/Archives/edgar/data/895421/000089542122000587/0000895421-22-000587-index.htm",
    "finalLink": "https://www.sec.gov/Archives/edgar/data/895421/000089542122000587/ms-20220930.htm"
  },
  {
    "date": "2022-06-30",
    "symbol": "MS",
    "reportedCurrency": "USD",
    "cik": "0000895421",
    "fillingDate": "2022-08-05",
    "acceptedDate": "2022-08-05 16:04:18",
    "calendarYear": "2022",
    "period": "Q2",
    "revenue": 12254000000,
    "costOfRevenue": 0,
    "grossProfit": 12254000000,
    "grossProfitRatio": 1,
    "researchAndDevelopmentExpenses": 0,
    "generalAndAdministrativeExpenses": 5550000000,
    "sellingAndMarketingExpenses": 220000000,
    "sellingGeneralAndAdministrativeExpenses": 5770000000,
    "otherExpenses": 6484000000,
    "operatingExpenses": 12254000000,
    "costAndExpenses": 12254000000,
    "interestIncome": 3612000000,
    "interestExpense": 1330000000,
    "depreciationAndAmortization": 921000000,
    "ebitda": 0,
    "ebitdaratio": 0,
    "operatingIncome": 0,
    "operatingIncomeRatio": 0,
    "totalOtherIncomeExpensesNet": 3319000000,
    "incomeBeforeTax": 3319000000,
    "incomeBeforeTaxRatio": 0.2708503346,
    "incomeTaxExpense": 783000000,
    "netIncome": 2495000000,
    "netIncomeRatio": 0.2036069855,
    "eps": 1.4,
    "epsdiluted": 1.39,
    "weightedAverageShsOut": 1704000000,
    "weightedAverageShsOutDil": 1723000000,
    "link": "https://www.sec.gov/Archives/edgar/data/895421/000089542122000515/0000895421-22-000515-index.htm",
    "finalLink": "https://www.sec.gov/Archives/edgar/data/895421/000089542122000515/ms-20220630.htm"
  },
  {
    "date": "2022-03-31",
    "symbol": "MS",
    "reportedCurrency": "USD",
    "cik": "0000895421",
    "fillingDate": "2022-05-04",
    "acceptedDate": "2022-05-04 16:04:29",
    "calendarYear": "2022",
    "period": "Q1",
    "revenue": 13919000000,
    "costOfRevenue": 0,
    "grossProfit": 13919000000,
    "grossProfitRatio": 1,
    "researchAndDevelopmentExpenses": 0,
    "generalAndAdministrativeExpenses": 6274000000,
    "sellingAndMarketingExpenses": 175000000,
    "sellingGeneralAndAdministrativeExpenses": 6449000000,
    "otherExpenses": 7470000000,
    "operatingExpenses": 13919000000,
    "costAndExpenses": 13919000000,
    "interestIncome": 2650000000,
    "interestExpense": 434000000,
    "depreciationAndAmortization": 942000000,
    "ebitda": 0,
    "ebitdaratio": 0,
    "operatingIncome": 0,
    "operatingIncomeRatio": 0,
    "totalOtherIncomeExpensesNet": 4588000000,
    "incomeBeforeTax": 4588000000,
    "incomeBeforeTaxRatio": 0.3296213808,
    "incomeTaxExpense": 873000000,
    "netIncome": 3666000000,
    "netIncomeRatio": 0.26338099,
    "eps": 2.04,
    "epsdiluted": 2.02,
    "weightedAverageShsOut": 1733000000,
    "weightedAverageShsOutDil": 1755000000,
    "link": "https://www.sec.gov/Archives/edgar/data/895421/000089542122000442/0000895421-22-000442-index.htm",
    "finalLink": "https://www.sec.gov/Archives/edgar/data/895421/000089542122000442/ms-20220331.htm"
  },
  {
    "date": "2021-12-31",
    "symbol": "MS",
    "reportedCurrency": "USD",
    "cik": "0000895421",
    "fillingDate": "2022-02-24",
    "acceptedDate": "2022-02-24 16:06:17",
    "calendarYear": "2021",
    "period": "Q4",
    "revenue": 13713000000,
    "costOfRevenue": 0,
    "grossProfit": 13713000000,
    "grossProfitRatio": 1,
    "researchAndDevelopmentExpenses": 0,
    "generalAndAdministrativeExpenses": 5385000000,
    "sellingAndMarketingExpenses": 205000000,
    "sellingGeneralAndAdministrativeExpenses": 5590000000,
    "otherExpenses": 8123000000,
    "operatingExpenses": 13713000000,
    "costAndExpenses": 13713000000,
    "interestIncome": 2411000000,
    "interestExpense": 322000000,
    "depreciationAndAmortization": 1237000000,
    "ebitda": 0,
    "ebitdaratio": 0,
    "operatingIncome": 0,
    "operatingIncomeRatio": 0,
    "totalOtherIncomeExpensesNet": 4884000000,
    "incomeBeforeTax": 4884000000,
    "incomeBeforeTaxRatio": 0.3561583898,
    "incomeTaxExpense": 1168000000,
    "netIncome": 3696000000,
    "netIncomeRatio": 0.269525268,
    "eps": 2.05,
    "epsdiluted": 2.01,
    "weightedAverageShsOut": 1751000000,
    "weightedAverageShsOutDil": 1785000000,
    "link": "https://www.sec.gov/Archives/edgar/data/895421/000089542122000400/0000895421-22-000400-index.htm",
    "finalLink": "https://www.sec.gov/Archives/edgar/data/895421/000089542122000400/ms-20211231.htm"
  },
  {
    "date": "2021-09-30",
    "symbol": "MS",
    "reportedCurrency": "USD",
    "cik": "0000895421",
    "fillingDate": "2021-11-03",
    "acceptedDate": "2021-11-03 16:05:56",
    "calendarYear": "2021",
    "period": "Q3",
    "revenue": 13928000000,
    "costOfRevenue": 0,
    "grossProfit": 13928000000,
    "grossProfitRatio": 1,
    "researchAndDevelopmentExpenses": 0,
    "generalAndAdministrativeExpenses": 5920000000,
    "sellingAndMarketingExpenses": 146000000,
    "sellingGeneralAndAdministrativeExpenses": 6066000000,
    "otherExpenses": 7862000000,
    "operatingExpenses": 13928000000,
    "costAndExpenses": 13928000000,
    "interestIncome": 2351000000,
    "interestExpense": 288000000,
    "depreciationAndAmortization": 1035000000,
    "ebitda": 0,
    "ebitdaratio": 0,
    "operatingIncome": 0,
    "operatingIncomeRatio": 0,
    "totalOtherIncomeExpensesNet": 4874000000,
    "incomeBeforeTax": 4874000000,
    "incomeBeforeTaxRatio": 0.3499425617,
    "incomeTaxExpense": 1150000000,
    "netIncome": 3707000000,
    "netIncomeRatio": 0.2661545089,
    "eps": 2.01,
    "epsdiluted": 1.98,
    "weightedAverageShsOut": 1781000000,
    "weightedAverageShsOutDil": 1812000000,
    "link": "https://www.sec.gov/Archives/edgar/data/895421/000089542121000532/0000895421-21-000532-index.htm",
    "finalLink": "https://www.sec.gov/Archives/edgar/data/895421/000089542121000532/ms-20210930.htm"
  },
  {
    "date": "2021-06-30",
    "symbol": "MS",
    "reportedCurrency": "USD",
    "cik": "0000895421",
    "fillingDate": "2021-08-02",
    "acceptedDate": "2021-08-02 16:08:28",
    "calendarYear": "2021",
    "period": "Q2",
    "revenue": 13964000000,
    "costOfRevenue": 0,
    "grossProfit": 13964000000,
    "grossProfitRatio": 1,
    "researchAndDevelopmentExpenses": 0,
    "generalAndAdministrativeExpenses": 6423000000,
    "sellingAndMarketingExpenses": 146000000,
    "sellingGeneralAndAdministrativeExpenses": 6569000000,
    "otherExpenses": 7395000000,
    "operatingExpenses": 13964000000,
    "costAndExpenses": 13964000000,
    "interestIncome": 2212000000,
    "interestExpense": 347000000,
    "depreciationAndAmortization": 1057000000,
    "ebitda": 0,
    "ebitdaratio": 0,
    "operatingIncome": 0,
    "operatingIncomeRatio": 0,
    "totalOtherIncomeExpensesNet": 4566000000,
    "incomeBeforeTax": 4566000000,
    "incomeBeforeTaxRatio": 0.3269836723,
    "incomeTaxExpense": 1054000000,
    "netIncome": 3511000000,
    "netIncomeRatio": 0.2514322544,
    "eps": 1.88,
    "epsdiluted": 1.85,
    "weightedAverageShsOut": 1814000000,
    "weightedAverageShsOutDil": 1841000000,
    "link": "https://www.sec.gov/Archives/edgar/data/895421/000089542121000425/0000895421-21-000425-index.htm",
    "finalLink": "https://www.sec.gov/Archives/edgar/data/895421/000089542121000425/ms-20210630.htm"
  },
  {
    "date": "2021-03-31",
    "symbol": "MS",
    "reportedCurrency": "USD",
    "cik": "0000895421",
    "fillingDate": "2021-05-03",
    "acceptedDate": "2021-05-03 16:09:20",
    "calendarYear": "2021",
    "period": "Q1",
    "revenue": 14809000000,
    "costOfRevenue": 0,
    "grossProfit": 14809000000,
    "grossProfitRatio": 1,
    "researchAndDevelopmentExpenses": 0,
    "generalAndAdministrativeExpenses": 6765000000,
    "sellingAndMarketingExpenses": 146000000,
    "sellingGeneralAndAdministrativeExpenses": 6911000000,
    "otherExpenses": 7898000000,
    "operatingExpenses": 14809000000,
    "costAndExpenses": 14809000000,
    "interestIncome": 2437000000,
    "interestExpense": 409000000,
    "depreciationAndAmortization": 887000000,
    "ebitda": 0,
    "ebitdaratio": 0,
    "operatingIncome": 0,
    "operatingIncomeRatio": 0,
    "totalOtherIncomeExpensesNet": 5344000000,
    "incomeBeforeTax": 5344000000,
    "incomeBeforeTaxRatio": 0.3608616382,
    "incomeTaxExpense": 1176000000,
    "netIncome": 4120000000,
    "netIncomeRatio": 0.2782091971,
    "eps": 2.22,
    "epsdiluted": 2.19,
    "weightedAverageShsOut": 1795000000,
    "weightedAverageShsOutDil": 1818000000,
    "link": "https://www.sec.gov/Archives/edgar/data/895421/000089542121000334/0000895421-21-000334-index.htm",
    "finalLink": "https://www.sec.gov/Archives/edgar/data/895421/000089542121000334/ms-20210331.htm"
  },
  {
    "date": "2020-12-31",
    "symbol": "MS",
    "reportedCurrency": "USD",
    "cik": "0000895421",
    "fillingDate": "2021-02-26",
    "acceptedDate": "2021-02-26 16:23:40",
    "calendarYear": "2020",
    "period": "Q4",
    "revenue": 12864000000,
    "costOfRevenue": 0,
    "grossProfit": 12864000000,
    "grossProfitRatio": 1,
    "researchAndDevelopmentExpenses": 0,
    "generalAndAdministrativeExpenses": 5450000000,
    "sellingAndMarketingExpenses": 161000000,
    "sellingGeneralAndAdministrativeExpenses": 5611000000,
    "otherExpenses": 7253000000,
    "operatingExpenses": 12864000000,
    "costAndExpenses": 12864000000,
    "interestIncome": 2245000000,
    "interestExpense": 374000000,
    "depreciationAndAmortization": 1406000000,
    "ebitda": 0,
    "ebitdaratio": 0,
    "operatingIncome": 0,
    "operatingIncomeRatio": 0,
    "totalOtherIncomeExpensesNet": 4430000000,
    "incomeBeforeTax": 4430000000,
    "incomeBeforeTaxRatio": 0.3443718905,
    "incomeTaxExpense": 1018000000,
    "netIncome": 3385000000,
    "netIncomeRatio": 0.2631374378,
    "eps": 1.84,
    "epsdiluted": 1.81,
    "weightedAverageShsOut": 1774000000,
    "weightedAverageShsOutDil": 1802000000,
    "link": "https://www.sec.gov/Archives/edgar/data/895421/000089542121000286/0000895421-21-000286-index.htm",
    "finalLink": "https://www.sec.gov/Archives/edgar/data/895421/000089542121000286/ms-20201231.htm"
  },
  {
    "date": "2020-09-30",
    "symbol": "MS",
    "reportedCurrency": "USD",
    "cik": "0000895421",
    "fillingDate": "2020-11-03",
    "acceptedDate": "2020-11-03 16:07:09",
    "calendarYear": "2020",
    "period": "Q3",
    "revenue": 11024000000,
    "costOfRevenue": 0,
    "grossProfit": 11024000000,
    "grossProfitRatio": 1,
    "researchAndDevelopmentExpenses": 0,
    "generalAndAdministrativeExpenses": 5086000000,
    "sellingAndMarketingExpenses": 78000000,
    "sellingGeneralAndAdministrativeExpenses": 5164000000,
    "otherExpenses": 5860000000,
    "operatingExpenses": 11024000000,
    "costAndExpenses": 11024000000,
    "interestIncome": 2056000000,
    "interestExpense": 570000000,
    "depreciationAndAmortization": 853000000,
    "ebitda": 0,
    "ebitdaratio": 0,
    "operatingIncome": 0,
    "operatingIncomeRatio": 0,
    "totalOtherIncomeExpensesNet": 3487000000,
    "incomeBeforeTax": 3487000000,
    "incomeBeforeTaxRatio": 0.3163098694,
    "incomeTaxExpense": 736000000,
    "netIncome": 2717000000,
    "netIncomeRatio": 0.2464622642,
    "eps": 1.68,
    "epsdiluted": 1.66,
    "weightedAverageShsOut": 1542000000,
    "weightedAverageShsOutDil": 1566000000,
    "link": "https://www.sec.gov/Archives/edgar/data/895421/000089542120000527/0000895421-20-000527-index.htm",
    "finalLink": "https://www.sec.gov/Archives/edgar/data/895421/000089542120000527/msq3202010q.htm"
  },
  {
    "date": "2020-06-30",
    "symbol": "MS",
    "reportedCurrency": "USD",
    "cik": "0000895421",
    "fillingDate": "2020-08-04",
    "acceptedDate": "2020-08-04 16:06:58",
    "calendarYear": "2020",
    "period": "Q2",
    "revenue": 12944000000,
    "costOfRevenue": 0,
    "grossProfit": 12944000000,
    "grossProfitRatio": 1,
    "researchAndDevelopmentExpenses": 0,
    "generalAndAdministrativeExpenses": 6035000000,
    "sellingAndMarketingExpenses": 63000000,
    "sellingGeneralAndAdministrativeExpenses": 6098000000,
    "otherExpenses": 6846000000,
    "operatingExpenses": 12944000000,
    "costAndExpenses": 12944000000,
    "interestIncome": 2358000000,
    "interestExpense": 758000000,
    "depreciationAndAmortization": 686000000,
    "ebitda": 0,
    "ebitdaratio": 0,
    "operatingIncome": 0,
    "operatingIncomeRatio": 0,
    "totalOtherIncomeExpensesNet": 4355000000,
    "incomeBeforeTax": 4355000000,
    "incomeBeforeTaxRatio": 0.3364493201,
    "incomeTaxExpense": 1119000000,
    "netIncome": 3196000000,
    "netIncomeRatio": 0.2469097651,
    "eps": 1.98,
    "epsdiluted": 1.96,
    "weightedAverageShsOut": 1541000000,
    "weightedAverageShsOutDil": 1557000000,
    "link": "https://www.sec.gov/Archives/edgar/data/895421/000089542120000429/0000895421-20-000429-index.htm",
    "finalLink": "https://www.sec.gov/Archives/edgar/data/895421/000089542120000429/msq2202010q.htm"
  },
  {
    "date": "2020-03-31",
    "symbol": "MS",
    "reportedCurrency": "USD",
    "cik": "0000895421",
    "fillingDate": "2020-05-05",
    "acceptedDate": "2020-05-05 16:14:35",
    "calendarYear": "2020",
    "period": "Q1",
    "revenue": 9039000000,
    "costOfRevenue": 0,
    "grossProfit": 9039000000,
    "grossProfitRatio": 1,
    "researchAndDevelopmentExpenses": 0,
    "generalAndAdministrativeExpenses": 4283000000,
    "sellingAndMarketingExpenses": 132000000,
    "sellingGeneralAndAdministrativeExpenses": 4415000000,
    "otherExpenses": 4624000000,
    "operatingExpenses": 9039000000,
    "costAndExpenses": 9039000000,
    "interestIncome": 3503000000,
    "interestExpense": 2147000000,
    "depreciationAndAmortization": 824000000,
    "ebitda": 0,
    "ebitdaratio": 0,
    "operatingIncome": 0,
    "operatingIncomeRatio": 0,
    "totalOtherIncomeExpensesNet": 2146000000,
    "incomeBeforeTax": 2146000000,
    "incomeBeforeTaxRatio": 0.2374156433,
    "incomeTaxExpense": 366000000,
    "netIncome": 1698000000,
    "netIncomeRatio": 0.1878526386,
    "eps": 1.02,
    "epsdiluted": 1.01,
    "weightedAverageShsOut": 1555000000,
    "weightedAverageShsOutDil": 1573000000,
    "link": "https://www.sec.gov/Archives/edgar/data/895421/000089542120000323/0000895421-20-000323-index.htm",
    "finalLink": "https://www.sec.gov/Archives/edgar/data/895421/000089542120000323/msq1202010q.htm"
  },
  {
    "date": "2019-12-31",
    "symbol": "MS",
    "reportedCurrency": "USD",
    "cik": "0000895421",
    "fillingDate": "2020-02-27",
    "acceptedDate": "2020-02-27 16:34:27",
    "calendarYear": "2019",
    "period": "Q4",
    "revenue": 10224000000,
    "costOfRevenue": 0,
    "grossProfit": 10224000000,
    "grossProfitRatio": 1,
    "researchAndDevelopmentExpenses": 0,
    "generalAndAdministrativeExpenses": 5228000000,
    "sellingAndMarketingExpenses": 200000000,
    "sellingGeneralAndAdministrativeExpenses": 5428000000,
    "otherExpenses": 4796000000,
    "operatingExpenses": 10224000000,
    "costAndExpenses": 10224000000,
    "interestIncome": 3952000000,
    "interestExpense": 2519000000,
    "depreciationAndAmortization": 656000000,
    "ebitda": 0,
    "ebitdaratio": 0,
    "operatingIncome": 0,
    "operatingIncomeRatio": 0,
    "totalOtherIncomeExpensesNet": 2733000000,
    "incomeBeforeTax": 2733000000,
    "incomeBeforeTaxRatio": 0.2673122066,
    "incomeTaxExpense": 428000000,
    "netIncome": 2239000000,
    "netIncomeRatio": 0.2189945227,
    "eps": 1.33,
    "epsdiluted": 1.3,
    "weightedAverageShsOut": 1573000000,
    "weightedAverageShsOutDil": 1602000000,
    "link": "https://www.sec.gov/Archives/edgar/data/895421/000089542120000265/0000895421-20-000265-index.htm",
    "finalLink": "https://www.sec.gov/Archives/edgar/data/895421/000089542120000265/msq4201910k.htm"
  },
  {
    "date": "2019-09-30",
    "symbol": "MS",
    "reportedCurrency": "USD",
    "cik": "0000895421",
    "fillingDate": "2019-11-05",
    "acceptedDate": "2019-11-05 16:28:57",
    "calendarYear": "2019",
    "period": "Q3",
    "revenue": 9395000000,
    "costOfRevenue": 0,
    "grossProfit": 9395000000,
    "grossProfitRatio": 1,
    "researchAndDevelopmentExpenses": 0,
    "generalAndAdministrativeExpenses": 4427000000,
    "sellingAndMarketingExpenses": 157000000,
    "sellingGeneralAndAdministrativeExpenses": 4584000000,
    "otherExpenses": 4811000000,
    "operatingExpenses": 9395000000,
    "costAndExpenses": 9395000000,
    "interestIncome": 4350000000,
    "interestExpense": 3132000000,
    "depreciationAndAmortization": 654000000,
    "ebitda": 0,
    "ebitdaratio": 0,
    "operatingIncome": 0,
    "operatingIncomeRatio": 0,
    "totalOtherIncomeExpensesNet": 2710000000,
    "incomeBeforeTax": 2710000000,
    "incomeBeforeTaxRatio": 0.2884513039,
    "incomeTaxExpense": 492000000,
    "netIncome": 2173000000,
    "netIncomeRatio": 0.2312932411,
    "eps": 1.28,
    "epsdiluted": 1.27,
    "weightedAverageShsOut": 1604000000,
    "weightedAverageShsOutDil": 1627000000,
    "link": "https://www.sec.gov/Archives/edgar/data/895421/000162828019013331/0001628280-19-013331-index.htm",
    "finalLink": "https://www.sec.gov/Archives/edgar/data/895421/000162828019013331/msq30930201910-q.htm"
  },
  {
    "date": "2019-06-30",
    "symbol": "MS",
    "reportedCurrency": "USD",
    "cik": "0000895421",
    "fillingDate": "2019-08-05",
    "acceptedDate": "2019-08-05 16:33:42",
    "calendarYear": "2019",
    "period": "Q2",
    "revenue": 9614000000,
    "costOfRevenue": 0,
    "grossProfit": 9614000000,
    "grossProfitRatio": 1,
    "researchAndDevelopmentExpenses": 0,
    "generalAndAdministrativeExpenses": 4531000000,
    "sellingAndMarketingExpenses": 162000000,
    "sellingGeneralAndAdministrativeExpenses": 4693000000,
    "otherExpenses": 4921000000,
    "operatingExpenses": 9614000000,
    "costAndExpenses": 9614000000,
    "interestIncome": 4506000000,
    "interestExpense": 3477000000,
    "depreciationAndAmortization": 675000000,
    "ebitda": 0,
    "ebitdaratio": 0,
    "operatingIncome": 0,
    "operatingIncomeRatio": 0,
    "totalOtherIncomeExpensesNet": 2903000000,
    "incomeBeforeTax": 2903000000,
    "incomeBeforeTaxRatio": 0.3019554816,
    "incomeTaxExpense": 657000000,
    "netIncome": 2201000000,
    "netIncomeRatio": 0.2289369669,
    "eps": 1.24,
    "epsdiluted": 1.23,
    "weightedAverageShsOut": 1634000000,
    "weightedAverageShsOutDil": 1655000000,
    "link": "https://www.sec.gov/Archives/edgar/data/895421/000162828019009973/0001628280-19-009973-index.htm",
    "finalLink": "https://www.sec.gov/Archives/edgar/data/895421/000162828019009973/msq20630201910-q.htm"
  },
  {
    "date": "2019-03-31",
    "symbol": "MS",
    "reportedCurrency": "USD",
    "cik": "0000895421",
    "fillingDate": "2019-05-03",
    "acceptedDate": "2019-05-03 16:08:33",
    "calendarYear": "2019",
    "period": "Q1",
    "revenue": 9693000000,
    "costOfRevenue": 0,
    "grossProfit": 9693000000,
    "grossProfitRatio": 1,
    "researchAndDevelopmentExpenses": 0,
    "generalAndAdministrativeExpenses": 4651000000,
    "sellingAndMarketingExpenses": 141000000,
    "sellingGeneralAndAdministrativeExpenses": 4792000000,
    "otherExpenses": 4901000000,
    "operatingExpenses": 9693000000,
    "costAndExpenses": 9693000000,
    "interestIncome": 4290000000,
    "interestExpense": 3276000000,
    "depreciationAndAmortization": 658000000,
    "ebitda": 0,
    "ebitdaratio": 0,
    "operatingIncome": 0,
    "operatingIncomeRatio": 0,
    "totalOtherIncomeExpensesNet": 2955000000,
    "incomeBeforeTax": 2955000000,
    "incomeBeforeTaxRatio": 0.3048591767,
    "incomeTaxExpense": 487000000,
    "netIncome": 2429000000,
    "netIncomeRatio": 0.2505932116,
    "eps": 1.41,
    "epsdiluted": 1.39,
    "weightedAverageShsOut": 1658000000,
    "weightedAverageShsOutDil": 1677000000,
    "link": "https://www.sec.gov/Archives/edgar/data/895421/000119312519136929/0001193125-19-136929-index.htm",
    "finalLink": "https://www.sec.gov/Archives/edgar/data/895421/000119312519136929/d673523d10q.htm"
  },
  {
    "date": "2018-12-31",
    "symbol": "MS",
    "reportedCurrency": "USD",
    "cik": "0000895421",
    "fillingDate": "2019-02-26",
    "acceptedDate": "2019-02-26 16:12:52",
    "calendarYear": "2018",
    "period": "Q4",
    "revenue": 7950000000,
    "costOfRevenue": 0,
    "grossProfit": 7950000000,
    "grossProfitRatio": 1,
    "researchAndDevelopmentExpenses": 0,
    "generalAndAdministrativeExpenses": 3787000000,
    "sellingAndMarketingExpenses": 220000000,
    "sellingGeneralAndAdministrativeExpenses": 4007000000,
    "otherExpenses": 3943000000,
    "operatingExpenses": 7950000000,
    "costAndExpenses": 7950000000,
    "interestIncome": 4111000000,
    "interestExpense": 3122000000,
    "depreciationAndAmortization": 469000000,
    "ebitda": 0,
    "ebitdaratio": 0,
    "operatingIncome": 0,
    "operatingIncomeRatio": 0,
    "totalOtherIncomeExpensesNet": 1857000000,
    "incomeBeforeTax": 1857000000,
    "incomeBeforeTaxRatio": 0.2335849057,
    "incomeTaxExpense": 300000000,
    "netIncome": 1531000000,
    "netIncomeRatio": 0.1925786164,
    "eps": 0.81,
    "epsdiluted": 0.8,
    "weightedAverageShsOut": 1674000000,
    "weightedAverageShsOutDil": 1705000000,
    "link": "https://www.sec.gov/Archives/edgar/data/895421/000119312519051943/0001193125-19-051943-index.htm",
    "finalLink": "https://www.sec.gov/Archives/edgar/data/895421/000119312519051943/d707577d10k.htm"
  },
  {
    "date": "2018-09-30",
    "symbol": "MS",
    "reportedCurrency": "USD",
    "cik": "0000895421",
    "fillingDate": "2018-11-05",
    "acceptedDate": "2018-11-05 16:15:28",
    "calendarYear": "2018",
    "period": "Q3",
    "revenue": 9313000000,
    "costOfRevenue": 0,
    "grossProfit": 9313000000,
    "grossProfitRatio": 1,
    "researchAndDevelopmentExpenses": 0,
    "generalAndAdministrativeExpenses": 4310000000,
    "sellingAndMarketingExpenses": 152000000,
    "sellingGeneralAndAdministrativeExpenses": 4462000000,
    "otherExpenses": 4851000000,
    "operatingExpenses": 9313000000,
    "costAndExpenses": 9313000000,
    "interestIncome": 3627000000,
    "interestExpense": 2691000000,
    "depreciationAndAmortization": 468000000,
    "ebitda": 0,
    "ebitdaratio": 0,
    "operatingIncome": 0,
    "operatingIncomeRatio": 0,
    "totalOtherIncomeExpensesNet": 2851000000,
    "incomeBeforeTax": 2851000000,
    "incomeBeforeTaxRatio": 0.3061312144,
    "incomeTaxExpense": 696000000,
    "netIncome": 2112000000,
    "netIncomeRatio": 0.2267797702,
    "eps": 1.19,
    "epsdiluted": 1.17,
    "weightedAverageShsOut": 1697000000,
    "weightedAverageShsOutDil": 1727000000,
    "link": "https://www.sec.gov/Archives/edgar/data/895421/000119312518318377/0001193125-18-318377-index.htm",
    "finalLink": "https://www.sec.gov/Archives/edgar/data/895421/000119312518318377/d645593d10q.htm"
  },
  {
    "date": "2018-06-30",
    "symbol": "MS",
    "reportedCurrency": "USD",
    "cik": "0000895421",
    "fillingDate": "2018-08-03",
    "acceptedDate": "2018-08-03 16:14:25",
    "calendarYear": "2018",
    "period": "Q2",
    "revenue": 10001000000,
    "costOfRevenue": 0,
    "grossProfit": 10001000000,
    "grossProfitRatio": 1,
    "researchAndDevelopmentExpenses": 0,
    "generalAndAdministrativeExpenses": 4621000000,
    "sellingAndMarketingExpenses": 179000000,
    "sellingGeneralAndAdministrativeExpenses": 4800000000,
    "otherExpenses": 5201000000,
    "operatingExpenses": 10001000000,
    "costAndExpenses": 10001000000,
    "interestIncome": 3294000000,
    "interestExpense": 2388000000,
    "depreciationAndAmortization": 517000000,
    "ebitda": 0,
    "ebitdaratio": 0,
    "operatingIncome": 0,
    "operatingIncomeRatio": 0,
    "totalOtherIncomeExpensesNet": 3109000000,
    "incomeBeforeTax": 3109000000,
    "incomeBeforeTaxRatio": 0.3108689131,
    "incomeTaxExpense": 640000000,
    "netIncome": 2437000000,
    "netIncomeRatio": 0.2436756324,
    "eps": 1.32,
    "epsdiluted": 1.3,
    "weightedAverageShsOut": 1720000000,
    "weightedAverageShsOutDil": 1748000000,
    "link": "https://www.sec.gov/Archives/edgar/data/895421/000119312518238269/0001193125-18-238269-index.htm",
    "finalLink": "https://www.sec.gov/Archives/edgar/data/895421/000119312518238269/d576100d10q.htm"
  },
  {
    "date": "2018-03-31",
    "symbol": "MS",
    "reportedCurrency": "USD",
    "cik": "0000895421",
    "fillingDate": "2018-05-04",
    "acceptedDate": "2018-05-04 16:43:45",
    "calendarYear": "2018",
    "period": "Q1",
    "revenue": 10450000000,
    "costOfRevenue": 0,
    "grossProfit": 10450000000,
    "grossProfitRatio": 1,
    "researchAndDevelopmentExpenses": 0,
    "generalAndAdministrativeExpenses": 4914000000,
    "sellingAndMarketingExpenses": 140000000,
    "sellingGeneralAndAdministrativeExpenses": 5054000000,
    "otherExpenses": 5396000000,
    "operatingExpenses": 10450000000,
    "costAndExpenses": 10450000000,
    "interestIncome": 2860000000,
    "interestExpense": 1885000000,
    "depreciationAndAmortization": 390000000,
    "ebitda": 0,
    "ebitdaratio": 0,
    "operatingIncome": 0,
    "operatingIncomeRatio": 0,
    "totalOtherIncomeExpensesNet": 3420000000,
    "incomeBeforeTax": 3420000000,
    "incomeBeforeTaxRatio": 0.3272727273,
    "incomeTaxExpense": 714000000,
    "netIncome": 2668000000,
    "netIncomeRatio": 0.2553110048,
    "eps": 1.48,
    "epsdiluted": 1.45,
    "weightedAverageShsOut": 1740000000,
    "weightedAverageShsOutDil": 1771000000,
    "link": "https://www.sec.gov/Archives/edgar/data/895421/000119312518152899/0001193125-18-152899-index.htm",
    "finalLink": "https://www.sec.gov/Archives/edgar/data/895421/000119312518152899/d556270d10q.htm"
  },
  {
    "date": "2017-12-31",
    "symbol": "MS",
    "reportedCurrency": "USD",
    "cik": "0000895421",
    "fillingDate": "2018-02-27",
    "acceptedDate": "2018-02-27 16:09:47",
    "calendarYear": "2017",
    "period": "Q4",
    "revenue": 8963000000,
    "costOfRevenue": 0,
    "grossProfit": 8963000000,
    "grossProfitRatio": 1,
    "researchAndDevelopmentExpenses": 0,
    "generalAndAdministrativeExpenses": 4279000000,
    "sellingAndMarketingExpenses": 190000000,
    "sellingGeneralAndAdministrativeExpenses": 4469000000,
    "otherExpenses": 4494000000,
    "operatingExpenses": 8963000000,
    "costAndExpenses": 8963000000,
    "interestIncome": 2586000000,
    "interestExpense": 1591000000,
    "depreciationAndAmortization": 413000000,
    "ebitda": 0,
    "ebitdaratio": 0,
    "operatingIncome": 0,
    "operatingIncomeRatio": 0,
    "totalOtherIncomeExpensesNet": 2471000000,
    "incomeBeforeTax": 2471000000,
    "incomeBeforeTaxRatio": 0.2756889434,
    "incomeTaxExpense": 1810000000,
    "netIncome": 643000000,
    "netIncomeRatio": 0.071739373,
    "eps": 0.27,
    "epsdiluted": 0.26,
    "weightedAverageShsOut": 1752000000,
    "weightedAverageShsOutDil": 1796000000,
    "link": "https://www.sec.gov/Archives/edgar/data/895421/000119312518060831/0001193125-18-060831-index.htm",
    "finalLink": "https://www.sec.gov/Archives/edgar/data/895421/000119312518060831/d500533d10k.htm"
  },
  {
    "date": "2017-09-30",
    "symbol": "MS",
    "reportedCurrency": "USD",
    "cik": "0000895421",
    "fillingDate": "2017-11-03",
    "acceptedDate": "2017-11-03 07:37:45",
    "calendarYear": "2017",
    "period": "Q3",
    "revenue": 8675000000,
    "costOfRevenue": 0,
    "grossProfit": 8675000000,
    "grossProfitRatio": 1,
    "researchAndDevelopmentExpenses": 0,
    "generalAndAdministrativeExpenses": 4169000000,
    "sellingAndMarketingExpenses": 128000000,
    "sellingGeneralAndAdministrativeExpenses": 4297000000,
    "otherExpenses": 4378000000,
    "operatingExpenses": 8675000000,
    "costAndExpenses": 8675000000,
    "interestIncome": 2340000000,
    "interestExpense": 1557000000,
    "depreciationAndAmortization": 451000000,
    "ebitda": 0,
    "ebitdaratio": 0,
    "operatingIncome": 0,
    "operatingIncomeRatio": 0,
    "totalOtherIncomeExpensesNet": 2482000000,
    "incomeBeforeTax": 2482000000,
    "incomeBeforeTaxRatio": 0.2861095101,
    "incomeTaxExpense": 697000000,
    "netIncome": 1781000000,
    "netIncomeRatio": 0.2053025937,
    "eps": 0.95,
    "epsdiluted": 0.93,
    "weightedAverageShsOut": 1776000000,
    "weightedAverageShsOutDil": 1818000000,
    "link": "https://www.sec.gov/Archives/edgar/data/895421/000119312517331902/0001193125-17-331902-index.htm",
    "finalLink": "https://www.sec.gov/Archives/edgar/data/895421/000119312517331902/d437627d10q.htm"
  },
  {
    "date": "2017-06-30",
    "symbol": "MS",
    "reportedCurrency": "USD",
    "cik": "0000895421",
    "fillingDate": "2017-08-03",
    "acceptedDate": "2017-08-03 16:09:37",
    "calendarYear": "2017",
    "period": "Q2",
    "revenue": 8978000000,
    "costOfRevenue": 0,
    "grossProfit": 8978000000,
    "grossProfitRatio": 1,
    "researchAndDevelopmentExpenses": 0,
    "generalAndAdministrativeExpenses": 4252000000,
    "sellingAndMarketingExpenses": 155000000,
    "sellingGeneralAndAdministrativeExpenses": 4407000000,
    "otherExpenses": 4571000000,
    "operatingExpenses": 8978000000,
    "costAndExpenses": 8978000000,
    "interestIncome": 2106000000,
    "interestExpense": 1355000000,
    "depreciationAndAmortization": 455000000,
    "ebitda": 0,
    "ebitdaratio": 0,
    "operatingIncome": 0,
    "operatingIncomeRatio": 0,
    "totalOtherIncomeExpensesNet": 2642000000,
    "incomeBeforeTax": 2642000000,
    "incomeBeforeTaxRatio": 0.2942748942,
    "incomeTaxExpense": 846000000,
    "netIncome": 1757000000,
    "netIncomeRatio": 0.1957006015,
    "eps": 0.89,
    "epsdiluted": 0.87,
    "weightedAverageShsOut": 1791000000,
    "weightedAverageShsOutDil": 1830000000,
    "link": "https://www.sec.gov/Archives/edgar/data/895421/000119312517247402/0001193125-17-247402-index.htm",
    "finalLink": "https://www.sec.gov/Archives/edgar/data/895421/000119312517247402/d421308d10q.htm"
  },
  {
    "date": "2017-03-31",
    "symbol": "MS",
    "reportedCurrency": "USD",
    "cik": "0000895421",
    "fillingDate": "2017-05-04",
    "acceptedDate": "2017-05-04 16:09:41",
    "calendarYear": "2017",
    "period": "Q1",
    "revenue": 9236000000,
    "costOfRevenue": 0,
    "grossProfit": 9236000000,
    "grossProfitRatio": 1,
    "researchAndDevelopmentExpenses": 0,
    "generalAndAdministrativeExpenses": 4466000000,
    "sellingAndMarketingExpenses": 136000000,
    "sellingGeneralAndAdministrativeExpenses": 4602000000,
    "otherExpenses": 4634000000,
    "operatingExpenses": 9236000000,
    "costAndExpenses": 9236000000,
    "interestIncome": 1965000000,
    "interestExpense": 1194000000,
    "depreciationAndAmortization": 434000000,
    "ebitda": 0,
    "ebitdaratio": 0,
    "operatingIncome": 0,
    "operatingIncomeRatio": 0,
    "totalOtherIncomeExpensesNet": 2808000000,
    "incomeBeforeTax": 2808000000,
    "incomeBeforeTaxRatio": 0.3040277176,
    "incomeTaxExpense": 815000000,
    "netIncome": 1930000000,
    "netIncomeRatio": 0.2089649199,
    "eps": 1.03,
    "epsdiluted": 1.01,
    "weightedAverageShsOut": 1801000000,
    "weightedAverageShsOutDil": 1842000000,
    "link": "https://www.sec.gov/Archives/edgar/data/895421/000119312517158668/0001193125-17-158668-index.htm",
    "finalLink": "https://www.sec.gov/Archives/edgar/data/895421/000119312517158668/d372076d10q.htm"
  },
  {
    "date": "2016-12-31",
    "symbol": "MS",
    "reportedCurrency": "USD",
    "cik": "0000895421",
    "fillingDate": "2017-02-27",
    "acceptedDate": "2017-02-27 17:05:04",
    "calendarYear": "2016",
    "period": "Q4",
    "revenue": 8541000000,
    "costOfRevenue": 0,
    "grossProfit": 8541000000,
    "grossProfitRatio": 1,
    "researchAndDevelopmentExpenses": 0,
    "generalAndAdministrativeExpenses": 4083000000,
    "sellingAndMarketingExpenses": 169000000,
    "sellingGeneralAndAdministrativeExpenses": 4252000000,
    "otherExpenses": 4289000000,
    "operatingExpenses": 8541000000,
    "costAndExpenses": 8541000000,
    "interestIncome": 1868000000,
    "interestExpense": 985000000,
    "depreciationAndAmortization": 379000000,
    "ebitda": 0,
    "ebitdaratio": 0,
    "operatingIncome": 0,
    "operatingIncomeRatio": 0,
    "totalOtherIncomeExpensesNet": 2246000000,
    "incomeBeforeTax": 2246000000,
    "incomeBeforeTaxRatio": 0.2629668657,
    "incomeTaxExpense": 566000000,
    "netIncome": 1666000000,
    "netIncomeRatio": 0.1950591266,
    "eps": 0.84,
    "epsdiluted": 0.81,
    "weightedAverageShsOut": 1806000000,
    "weightedAverageShsOutDil": 1853000000,
    "link": "https://www.sec.gov/Archives/edgar/data/895421/000119312517059212/0001193125-17-059212-index.htm",
    "finalLink": "https://www.sec.gov/Archives/edgar/data/895421/000119312517059212/d328282d10k.htm"
  },
  {
    "date": "2016-09-30",
    "symbol": "MS",
    "reportedCurrency": "USD",
    "cik": "0000895421",
    "fillingDate": "2016-11-02",
    "acceptedDate": "2016-11-02 16:09:20",
    "calendarYear": "2016",
    "period": "Q3",
    "revenue": 8418000000,
    "costOfRevenue": 0,
    "grossProfit": 8418000000,
    "grossProfitRatio": 1,
    "researchAndDevelopmentExpenses": 0,
    "generalAndAdministrativeExpenses": 4097000000,
    "sellingAndMarketingExpenses": 130000000,
    "sellingGeneralAndAdministrativeExpenses": 4227000000,
    "otherExpenses": 4191000000,
    "operatingExpenses": 8418000000,
    "costAndExpenses": 8418000000,
    "interestIncome": 1734000000,
    "interestExpense": 731000000,
    "depreciationAndAmortization": 478000000,
    "ebitda": 0,
    "ebitdaratio": 0,
    "operatingIncome": 0,
    "operatingIncomeRatio": 0,
    "totalOtherIncomeExpensesNet": 2381000000,
    "incomeBeforeTax": 2381000000,
    "incomeBeforeTaxRatio": 0.2828462818,
    "incomeTaxExpense": 749000000,
    "netIncome": 1597000000,
    "netIncomeRatio": 0.1897125208,
    "eps": 0.82,
    "epsdiluted": 0.8,
    "weightedAverageShsOut": 1838000000,
    "weightedAverageShsOutDil": 1879000000,
    "link": "https://www.sec.gov/Archives/edgar/data/895421/000119312516757027/0001193125-16-757027-index.htm",
    "finalLink": "https://www.sec.gov/Archives/edgar/data/895421/000119312516757027/d272293d10q.htm"
  },
  {
    "date": "2016-06-30",
    "symbol": "MS",
    "reportedCurrency": "USD",
    "cik": "0000895421",
    "fillingDate": "2016-08-03",
    "acceptedDate": "2016-08-03 16:08:26",
    "calendarYear": "2016",
    "period": "Q2",
    "revenue": 8425000000,
    "costOfRevenue": 0,
    "grossProfit": 8425000000,
    "grossProfitRatio": 1,
    "researchAndDevelopmentExpenses": 0,
    "generalAndAdministrativeExpenses": 4015000000,
    "sellingAndMarketingExpenses": 154000000,
    "sellingGeneralAndAdministrativeExpenses": 4169000000,
    "otherExpenses": 4256000000,
    "operatingExpenses": 8425000000,
    "costAndExpenses": 8425000000,
    "interestIncome": 1667000000,
    "interestExpense": 754000000,
    "depreciationAndAmortization": 464000000,
    "ebitda": 0,
    "ebitdaratio": 0,
    "operatingIncome": 0,
    "operatingIncomeRatio": 0,
    "totalOtherIncomeExpensesNet": 2483000000,
    "incomeBeforeTax": 2483000000,
    "incomeBeforeTaxRatio": 0.2947181009,
    "incomeTaxExpense": 833000000,
    "netIncome": 1582000000,
    "netIncomeRatio": 0.1877744807,
    "eps": 0.76,
    "epsdiluted": 0.75,
    "weightedAverageShsOut": 1866000000,
    "weightedAverageShsOutDil": 1899000000,
    "link": "https://www.sec.gov/Archives/edgar/data/895421/000119312516670066/0001193125-16-670066-index.htm",
    "finalLink": "https://www.sec.gov/Archives/edgar/data/895421/000119312516670066/d212576d10q.htm"
  },
  {
    "date": "2016-03-31",
    "symbol": "MS",
    "reportedCurrency": "USD",
    "cik": "0000895421",
    "fillingDate": "2016-05-04",
    "acceptedDate": "2016-05-04 17:07:02",
    "calendarYear": "2016",
    "period": "Q1",
    "revenue": 7327000000,
    "costOfRevenue": 0,
    "grossProfit": 7327000000,
    "grossProfitRatio": 1,
    "researchAndDevelopmentExpenses": 0,
    "generalAndAdministrativeExpenses": 3683000000,
    "sellingAndMarketingExpenses": 134000000,
    "sellingGeneralAndAdministrativeExpenses": 3817000000,
    "otherExpenses": 3510000000,
    "operatingExpenses": 7327000000,
    "costAndExpenses": 7327000000,
    "interestIncome": 1747000000,
    "interestExpense": 848000000,
    "depreciationAndAmortization": 415000000,
    "ebitda": 0,
    "ebitdaratio": 0,
    "operatingIncome": 0,
    "operatingIncomeRatio": 0,
    "totalOtherIncomeExpensesNet": 1738000000,
    "incomeBeforeTax": 1738000000,
    "incomeBeforeTaxRatio": 0.2372048587,
    "incomeTaxExpense": 578000000,
    "netIncome": 1134000000,
    "netIncomeRatio": 0.1547700287,
    "eps": 0.56,
    "epsdiluted": 0.55,
    "weightedAverageShsOut": 1883000000,
    "weightedAverageShsOutDil": 1915000000,
    "link": "https://www.sec.gov/Archives/edgar/data/895421/000119312516577875/0001193125-16-577875-index.htm",
    "finalLink": "https://www.sec.gov/Archives/edgar/data/895421/000119312516577875/d137631d10q.htm"
  },
  {
    "date": "2015-12-31",
    "symbol": "MS",
    "reportedCurrency": "USD",
    "cik": "0000895421",
    "fillingDate": "2016-02-23",
    "acceptedDate": "2016-02-23 16:13:59",
    "calendarYear": "2015",
    "period": "Q4",
    "revenue": 7281000000,
    "costOfRevenue": 0,
    "grossProfit": 7281000000,
    "grossProfitRatio": 1,
    "researchAndDevelopmentExpenses": 0,
    "generalAndAdministrativeExpenses": 3650000000,
    "sellingAndMarketingExpenses": 194000000,
    "sellingGeneralAndAdministrativeExpenses": 3844000000,
    "otherExpenses": 3437000000,
    "operatingExpenses": 7281000000,
    "costAndExpenses": 7281000000,
    "interestIncome": 1514000000,
    "interestExpense": 477000000,
    "depreciationAndAmortization": 410000000,
    "ebitda": 0,
    "ebitdaratio": 0,
    "operatingIncome": 0,
    "operatingIncomeRatio": 0,
    "totalOtherIncomeExpensesNet": 1439000000,
    "incomeBeforeTax": 1439000000,
    "incomeBeforeTaxRatio": 0.1976376871,
    "incomeTaxExpense": 496000000,
    "netIncome": 908000000,
    "netIncomeRatio": 0.1247081445,
    "eps": 0.4,
    "epsdiluted": 0.39,
    "weightedAverageShsOut": 1889000000,
    "weightedAverageShsOutDil": 1939000000,
    "link": "https://www.sec.gov/Archives/edgar/data/895421/000119312516473553/0001193125-16-473553-index.htm",
    "finalLink": "https://www.sec.gov/Archives/edgar/data/895421/000119312516473553/d48186d10k.htm"
  },
  {
    "date": "2015-09-30",
    "symbol": "MS",
    "reportedCurrency": "USD",
    "cik": "0000895421",
    "fillingDate": "2015-11-03",
    "acceptedDate": "2015-11-03 16:18:07",
    "calendarYear": "2015",
    "period": "Q3",
    "revenue": 7282000000,
    "costOfRevenue": 0,
    "grossProfit": 7282000000,
    "grossProfitRatio": 1,
    "researchAndDevelopmentExpenses": 0,
    "generalAndAdministrativeExpenses": 3437000000,
    "sellingAndMarketingExpenses": 158000000,
    "sellingGeneralAndAdministrativeExpenses": 3595000000,
    "otherExpenses": 3687000000,
    "operatingExpenses": 7282000000,
    "costAndExpenses": 7282000000,
    "interestIncome": 1451000000,
    "interestExpense": 689000000,
    "depreciationAndAmortization": 369000000,
    "ebitda": 0,
    "ebitdaratio": 0,
    "operatingIncome": 0,
    "operatingIncomeRatio": 0,
    "totalOtherIncomeExpensesNet": 1474000000,
    "incomeBeforeTax": 1474000000,
    "incomeBeforeTaxRatio": 0.2024169184,
    "incomeTaxExpense": 423000000,
    "netIncome": 1018000000,
    "netIncomeRatio": 0.1397967591,
    "eps": 0.49,
    "epsdiluted": 0.48,
    "weightedAverageShsOut": 1904000000,
    "weightedAverageShsOutDil": 1949000000,
    "link": "https://www.sec.gov/Archives/edgar/data/895421/000119312515364313/0001193125-15-364313-index.htm",
    "finalLink": "https://www.sec.gov/Archives/edgar/data/895421/000119312515364313/d97616d10q.htm"
  },
  {
    "date": "2015-06-30",
    "symbol": "MS",
    "reportedCurrency": "USD",
    "cik": "0000895421",
    "fillingDate": "2015-08-04",
    "acceptedDate": "2015-08-04 16:08:50",
    "calendarYear": "2015",
    "period": "Q2",
    "revenue": 9256000000,
    "costOfRevenue": 0,
    "grossProfit": 9256000000,
    "grossProfitRatio": 1,
    "researchAndDevelopmentExpenses": 0,
    "generalAndAdministrativeExpenses": 4405000000,
    "sellingAndMarketingExpenses": 179000000,
    "sellingGeneralAndAdministrativeExpenses": 4584000000,
    "otherExpenses": 4672000000,
    "operatingExpenses": 9256000000,
    "costAndExpenses": 9256000000,
    "interestIncome": 1386000000,
    "interestExpense": 688000000,
    "depreciationAndAmortization": 333000000,
    "ebitda": 0,
    "ebitdaratio": 0,
    "operatingIncome": 0,
    "operatingIncomeRatio": 0,
    "totalOtherIncomeExpensesNet": 2727000000,
    "incomeBeforeTax": 2727000000,
    "incomeBeforeTaxRatio": 0.2946197061,
    "incomeTaxExpense": 894000000,
    "netIncome": 1807000000,
    "netIncomeRatio": 0.1952247191,
    "eps": 0.87,
    "epsdiluted": 0.85,
    "weightedAverageShsOut": 1919000000,
    "weightedAverageShsOutDil": 1960000000,
    "link": "https://www.sec.gov/Archives/edgar/data/895421/000119312515276529/0001193125-15-276529-index.htm",
    "finalLink": "https://www.sec.gov/Archives/edgar/data/895421/000119312515276529/d52951d10q.htm"
  },
  {
    "date": "2015-03-31",
    "symbol": "MS",
    "reportedCurrency": "USD",
    "cik": "0000895421",
    "fillingDate": "2015-05-04",
    "acceptedDate": "2015-05-04 16:20:44",
    "calendarYear": "2015",
    "period": "Q1",
    "revenue": 9444000000,
    "costOfRevenue": 0,
    "grossProfit": 9444000000,
    "grossProfitRatio": 1,
    "researchAndDevelopmentExpenses": 0,
    "generalAndAdministrativeExpenses": 4524000000,
    "sellingAndMarketingExpenses": 150000000,
    "sellingGeneralAndAdministrativeExpenses": 4674000000,
    "otherExpenses": 4770000000,
    "operatingExpenses": 9444000000,
    "costAndExpenses": 9444000000,
    "interestIncome": 1484000000,
    "interestExpense": 888000000,
    "depreciationAndAmortization": 321000000,
    "ebitda": 0,
    "ebitdaratio": 0,
    "operatingIncome": 0,
    "operatingIncomeRatio": 0,
    "totalOtherIncomeExpensesNet": 2855000000,
    "incomeBeforeTax": 2855000000,
    "incomeBeforeTaxRatio": 0.3023083439,
    "incomeTaxExpense": 387000000,
    "netIncome": 2394000000,
    "netIncomeRatio": 0.2534942821,
    "eps": 1.21,
    "epsdiluted": 1.18,
    "weightedAverageShsOut": 1924122000,
    "weightedAverageShsOutDil": 1962996000,
    "link": "https://www.sec.gov/Archives/edgar/data/895421/000119312515169056/0001193125-15-169056-index.htm",
    "finalLink": "https://www.sec.gov/Archives/edgar/data/895421/000119312515169056/d915441d10q.htm"
  },
  {
    "date": "2014-12-31",
    "symbol": "MS",
    "reportedCurrency": "USD",
    "cik": "0000895421",
    "fillingDate": "2015-03-02",
    "acceptedDate": "2015-03-02 09:16:58",
    "calendarYear": "2014",
    "period": "Q4",
    "revenue": 7296000000,
    "costOfRevenue": 0,
    "grossProfit": 7296000000,
    "grossProfitRatio": 1,
    "researchAndDevelopmentExpenses": 0,
    "generalAndAdministrativeExpenses": 5104000000,
    "sellingAndMarketingExpenses": 186000000,
    "sellingGeneralAndAdministrativeExpenses": 5290000000,
    "otherExpenses": 2006000000,
    "operatingExpenses": 7296000000,
    "costAndExpenses": 7296000000,
    "interestIncome": 1436000000,
    "interestExpense": 833000000,
    "depreciationAndAmortization": 413000000,
    "ebitda": 0,
    "ebitdaratio": 0,
    "operatingIncome": 0,
    "operatingIncomeRatio": 0,
    "totalOtherIncomeExpensesNet": -2931000000,
    "incomeBeforeTax": -2931000000,
    "incomeBeforeTaxRatio": -0.4017269737,
    "incomeTaxExpense": -1353000000,
    "netIncome": -1630000000,
    "netIncomeRatio": -0.2234100877,
    "eps": -0.91,
    "epsdiluted": -0.91,
    "weightedAverageShsOut": 1920000000,
    "weightedAverageShsOutDil": 1972000000,
    "link": "https://www.sec.gov/Archives/edgar/data/895421/000119312515071980/0001193125-15-071980-index.htm",
    "finalLink": "https://www.sec.gov/Archives/edgar/data/895421/000119312515071980/d869080d10k.htm"
  },
  {
    "date": "2014-09-30",
    "symbol": "MS",
    "reportedCurrency": "USD",
    "cik": "0000895421",
    "fillingDate": "2014-11-04",
    "acceptedDate": "2014-11-04 16:10:39",
    "calendarYear": "2014",
    "period": "Q3",
    "revenue": 8470000000,
    "costOfRevenue": 0,
    "grossProfit": 8470000000,
    "grossProfitRatio": 1,
    "researchAndDevelopmentExpenses": 0,
    "generalAndAdministrativeExpenses": 4214000000,
    "sellingAndMarketingExpenses": 160000000,
    "sellingGeneralAndAdministrativeExpenses": 4374000000,
    "otherExpenses": 4096000000,
    "operatingExpenses": 8470000000,
    "costAndExpenses": 8470000000,
    "interestIncome": 1384000000,
    "interestExpense": 827000000,
    "depreciationAndAmortization": 136000000,
    "ebitda": 0,
    "ebitdaratio": 0,
    "operatingIncome": 0,
    "operatingIncomeRatio": 0,
    "totalOtherIncomeExpensesNet": 2220000000,
    "incomeBeforeTax": 2220000000,
    "incomeBeforeTaxRatio": 0.2621015348,
    "incomeTaxExpense": 463000000,
    "netIncome": 1693000000,
    "netIncomeRatio": 0.1998819362,
    "eps": 0.85,
    "epsdiluted": 0.83,
    "weightedAverageShsOut": 1922996000,
    "weightedAverageShsOutDil": 1970922000,
    "link": "https://www.sec.gov/Archives/edgar/data/895421/000119312514396227/0001193125-14-396227-index.htm",
    "finalLink": "https://www.sec.gov/Archives/edgar/data/895421/000119312514396227/d812414d10q.htm"
  },
  {
    "date": "2014-06-30",
    "symbol": "MS",
    "reportedCurrency": "USD",
    "cik": "0000895421",
    "fillingDate": "2014-08-05",
    "acceptedDate": "2014-08-05 16:33:05",
    "calendarYear": "2014",
    "period": "Q2",
    "revenue": 8150000000,
    "costOfRevenue": 0,
    "grossProfit": 8150000000,
    "grossProfitRatio": 1,
    "researchAndDevelopmentExpenses": 0,
    "generalAndAdministrativeExpenses": 4200000000,
    "sellingAndMarketingExpenses": 165000000,
    "sellingGeneralAndAdministrativeExpenses": 4365000000,
    "otherExpenses": 3785000000,
    "operatingExpenses": 8150000000,
    "costAndExpenses": 8150000000,
    "interestIncome": 1250000000,
    "interestExpense": 983000000,
    "depreciationAndAmortization": 286000000,
    "ebitda": 0,
    "ebitdaratio": 0,
    "operatingIncome": 0,
    "operatingIncomeRatio": 0,
    "totalOtherIncomeExpensesNet": 1932000000,
    "incomeBeforeTax": 1932000000,
    "incomeBeforeTaxRatio": 0.2370552147,
    "incomeTaxExpense": 15000000,
    "netIncome": 1899000000,
    "netIncomeRatio": 0.233006135,
    "eps": 0.94,
    "epsdiluted": 0.92,
    "weightedAverageShsOut": 1928250000,
    "weightedAverageShsOutDil": 1969698000,
    "link": "https://www.sec.gov/Archives/edgar/data/895421/000119312514295874/0001193125-14-295874-index.htm",
    "finalLink": "https://www.sec.gov/Archives/edgar/data/895421/000119312514295874/d763478d10q.htm"
  },
  {
    "date": "2014-03-31",
    "symbol": "MS",
    "reportedCurrency": "USD",
    "cik": "0000895421",
    "fillingDate": "2014-05-06",
    "acceptedDate": "2014-05-06 16:13:13",
    "calendarYear": "2014",
    "period": "Q1",
    "revenue": 8553000000,
    "costOfRevenue": 0,
    "grossProfit": 8553000000,
    "grossProfitRatio": 1,
    "researchAndDevelopmentExpenses": 0,
    "generalAndAdministrativeExpenses": 4306000000,
    "sellingAndMarketingExpenses": 147000000,
    "sellingGeneralAndAdministrativeExpenses": 4453000000,
    "otherExpenses": 4100000000,
    "operatingExpenses": 8553000000,
    "costAndExpenses": 8553000000,
    "interestIncome": 1343000000,
    "interestExpense": 1035000000,
    "depreciationAndAmortization": 326000000,
    "ebitda": 0,
    "ebitdaratio": 0,
    "operatingIncome": 0,
    "operatingIncomeRatio": 0,
    "totalOtherIncomeExpensesNet": 2370000000,
    "incomeBeforeTax": 2370000000,
    "incomeBeforeTaxRatio": 0.2770957559,
    "incomeTaxExpense": 785000000,
    "netIncome": 1505000000,
    "netIncomeRatio": 0.1759616509,
    "eps": 0.75,
    "epsdiluted": 0.74,
    "weightedAverageShsOut": 1924270000,
    "weightedAverageShsOutDil": 1969653000,
    "link": "https://www.sec.gov/Archives/edgar/data/895421/000119312514184868/0001193125-14-184868-index.htm",
    "finalLink": "https://www.sec.gov/Archives/edgar/data/895421/000119312514184868/d710773d10q.htm"
  },
  {
    "date": "2013-12-31",
    "symbol": "MS",
    "reportedCurrency": "USD",
    "cik": "0000895421",
    "fillingDate": "2014-02-25",
    "acceptedDate": "2014-02-25 16:34:54",
    "calendarYear": "2013",
    "period": "Q4",
    "revenue": 7413000000,
    "costOfRevenue": 0,
    "grossProfit": 7413000000,
    "grossProfitRatio": 1,
    "researchAndDevelopmentExpenses": 0,
    "generalAndAdministrativeExpenses": 3988000000,
    "sellingAndMarketingExpenses": 190000000,
    "sellingGeneralAndAdministrativeExpenses": 4178000000,
    "otherExpenses": 3235000000,
    "operatingExpenses": 7413000000,
    "costAndExpenses": 7413000000,
    "interestIncome": 1078000000,
    "interestExpense": 800000000,
    "depreciationAndAmortization": 427000000,
    "ebitda": 0,
    "ebitdaratio": 0,
    "operatingIncome": 0,
    "operatingIncomeRatio": 0,
    "totalOtherIncomeExpensesNet": -214000000,
    "incomeBeforeTax": -214000000,
    "incomeBeforeTaxRatio": -0.0288682045,
    "incomeTaxExpense": -400000000,
    "netIncome": 84000000,
    "netIncomeRatio": 0.0113314448,
    "eps": 0.0247,
    "epsdiluted": 0.0229,
    "weightedAverageShsOut": 1905000000,
    "weightedAverageShsOutDil": 1970000000,
    "link": "https://www.sec.gov/Archives/edgar/data/895421/000119312514067354/0001193125-14-067354-index.htm",
    "finalLink": "https://www.sec.gov/Archives/edgar/data/895421/000119312514067354/d639242d10k.htm"
  },
  {
    "date": "2013-09-30",
    "symbol": "MS",
    "reportedCurrency": "USD",
    "cik": "0000895421",
    "fillingDate": "2013-11-04",
    "acceptedDate": "2013-11-04 17:14:21",
    "calendarYear": "2013",
    "period": "Q3",
    "revenue": 7540000000,
    "costOfRevenue": 0,
    "grossProfit": 7540000000,
    "grossProfitRatio": 1,
    "researchAndDevelopmentExpenses": 0,
    "generalAndAdministrativeExpenses": 3966000000,
    "sellingAndMarketingExpenses": 151000000,
    "sellingGeneralAndAdministrativeExpenses": 4117000000,
    "otherExpenses": 3423000000,
    "operatingExpenses": 7540000000,
    "costAndExpenses": 7540000000,
    "interestIncome": 1261000000,
    "interestExpense": 1200000000,
    "depreciationAndAmortization": 368000000,
    "ebitda": 0,
    "ebitdaratio": 0,
    "operatingIncome": 0,
    "operatingIncomeRatio": 0,
    "totalOtherIncomeExpensesNet": 1365000000,
    "incomeBeforeTax": 1365000000,
    "incomeBeforeTaxRatio": 0.1810344828,
    "incomeTaxExpense": 363000000,
    "netIncome": 906000000,
    "netIncomeRatio": 0.1201591512,
    "eps": 0.46,
    "epsdiluted": 0.45,
    "weightedAverageShsOut": 1909351000,
    "weightedAverageShsOutDil": 1964813000,
    "link": "https://www.sec.gov/Archives/edgar/data/895421/000119312513425422/0001193125-13-425422-index.htm",
    "finalLink": "https://www.sec.gov/Archives/edgar/data/895421/000119312513425422/d619078d10q.htm"
  },
  {
    "date": "2013-06-30",
    "symbol": "MS",
    "reportedCurrency": "USD",
    "cik": "0000895421",
    "fillingDate": "2013-08-02",
    "acceptedDate": "2013-08-02 16:08:55",
    "calendarYear": "2013",
    "period": "Q2",
    "revenue": 8059000000,
    "costOfRevenue": 0,
    "grossProfit": 8059000000,
    "grossProfitRatio": 1,
    "researchAndDevelopmentExpenses": 0,
    "generalAndAdministrativeExpenses": 4103000000,
    "sellingAndMarketingExpenses": 163000000,
    "sellingGeneralAndAdministrativeExpenses": 4266000000,
    "otherExpenses": 3793000000,
    "operatingExpenses": 8059000000,
    "costAndExpenses": 8059000000,
    "interestIncome": 1268000000,
    "interestExpense": 1064000000,
    "depreciationAndAmortization": 356000000,
    "ebitda": 0,
    "ebitdaratio": 0,
    "operatingIncome": 0,
    "operatingIncomeRatio": 0,
    "totalOtherIncomeExpensesNet": 1796000000,
    "incomeBeforeTax": 1796000000,
    "incomeBeforeTaxRatio": 0.2228564338,
    "incomeTaxExpense": 574000000,
    "netIncome": 980000000,
    "netIncomeRatio": 0.1216031766,
    "eps": 0.42,
    "epsdiluted": 0.41,
    "weightedAverageShsOut": 1907737000,
    "weightedAverageShsOutDil": 1951363000,
    "link": "https://www.sec.gov/Archives/edgar/data/895421/000119312513317186/0001193125-13-317186-index.htm",
    "finalLink": "https://www.sec.gov/Archives/edgar/data/895421/000119312513317186/d542053d10q.htm"
  },
  {
    "date": "2013-03-31",
    "symbol": "MS",
    "reportedCurrency": "USD",
    "cik": "0000895421",
    "fillingDate": "2013-05-07",
    "acceptedDate": "2013-05-07 16:16:08",
    "calendarYear": "2013",
    "period": "Q1",
    "revenue": 7722000000,
    "costOfRevenue": 0,
    "grossProfit": 7722000000,
    "grossProfitRatio": 1,
    "researchAndDevelopmentExpenses": 0,
    "generalAndAdministrativeExpenses": 4214000000,
    "sellingAndMarketingExpenses": 134000000,
    "sellingGeneralAndAdministrativeExpenses": 4348000000,
    "otherExpenses": 3374000000,
    "operatingExpenses": 7722000000,
    "costAndExpenses": 7722000000,
    "interestIncome": 1388000000,
    "interestExpense": 1206000000,
    "depreciationAndAmortization": 360000000,
    "ebitda": 0,
    "ebitdaratio": 0,
    "operatingIncome": 0,
    "operatingIncomeRatio": 0,
    "totalOtherIncomeExpensesNet": 1583000000,
    "incomeBeforeTax": 1583000000,
    "incomeBeforeTaxRatio": 0.204998705,
    "incomeTaxExpense": 333000000,
    "netIncome": 962000000,
    "netIncomeRatio": 0.1245791246,
    "eps": 0.49,
    "epsdiluted": 0.48,
    "weightedAverageShsOut": 1901205000,
    "weightedAverageShsOutDil": 1940264000,
    "link": "https://www.sec.gov/Archives/edgar/data/895421/000119312513204446/0001193125-13-204446-index.htm",
    "finalLink": "https://www.sec.gov/Archives/edgar/data/895421/000119312513204446/d521750d10q.htm"
  },
  {
    "date": "2012-12-31",
    "symbol": "MS",
    "reportedCurrency": "USD",
    "cik": "0000895421",
    "fillingDate": "2013-02-26",
    "acceptedDate": "2013-02-26 17:13:37",
    "calendarYear": "2012",
    "period": "Q4",
    "revenue": 5218000000,
    "costOfRevenue": 0,
    "grossProfit": 5218000000,
    "grossProfitRatio": 1,
    "researchAndDevelopmentExpenses": 0,
    "generalAndAdministrativeExpenses": 2190000000,
    "sellingAndMarketingExpenses": 162000000,
    "sellingGeneralAndAdministrativeExpenses": 2352000000,
    "otherExpenses": 2866000000,
    "operatingExpenses": 5218000000,
    "costAndExpenses": 5218000000,
    "interestIncome": 1481000000,
    "interestExpense": 1303000000,
    "depreciationAndAmortization": 363000000,
    "ebitda": 0,
    "ebitdaratio": 0,
    "operatingIncome": 0,
    "operatingIncomeRatio": 0,
    "totalOtherIncomeExpensesNet": 852000000,
    "incomeBeforeTax": 852000000,
    "incomeBeforeTaxRatio": 0.1632809506,
    "incomeTaxExpense": 5000000,
    "netIncome": 594000000,
    "netIncomeRatio": 0.113836719,
    "eps": 0.34,
    "epsdiluted": 0.31,
    "weightedAverageShsOut": 1892000000,
    "weightedAverageShsOutDil": 1937000000,
    "link": "https://www.sec.gov/Archives/edgar/data/895421/000119312513077191/0001193125-13-077191-index.htm",
    "finalLink": "https://www.sec.gov/Archives/edgar/data/895421/000119312513077191/d484822d10k.htm"
  },
  {
    "date": "2012-09-30",
    "symbol": "MS",
    "reportedCurrency": "USD",
    "cik": "0000895421",
    "fillingDate": "2012-11-06",
    "acceptedDate": "2012-11-06 17:15:22",
    "calendarYear": "2012",
    "period": "Q3",
    "revenue": 4921000000,
    "costOfRevenue": 0,
    "grossProfit": 4921000000,
    "grossProfitRatio": 1,
    "researchAndDevelopmentExpenses": 0,
    "generalAndAdministrativeExpenses": 3928000000,
    "sellingAndMarketingExpenses": 138000000,
    "sellingGeneralAndAdministrativeExpenses": 4066000000,
    "otherExpenses": 855000000,
    "operatingExpenses": 4921000000,
    "costAndExpenses": 4921000000,
    "interestIncome": 1379000000,
    "interestExpense": 1534000000,
    "depreciationAndAmortization": 425000000,
    "ebitda": 0,
    "ebitdaratio": 0,
    "operatingIncome": 0,
    "operatingIncomeRatio": 0,
    "totalOtherIncomeExpensesNet": -1483000000,
    "incomeBeforeTax": -1483000000,
    "incomeBeforeTaxRatio": -0.3013615119,
    "incomeTaxExpense": -525000000,
    "netIncome": -1023000000,
    "netIncomeRatio": -0.2078845763,
    "eps": -0.55,
    "epsdiluted": -0.55,
    "weightedAverageShsOut": 1889301000,
    "weightedAverageShsOutDil": 1889301000,
    "link": "https://www.sec.gov/Archives/edgar/data/895421/000119312512454838/0001193125-12-454838-index.htm",
    "finalLink": "https://www.sec.gov/Archives/edgar/data/895421/000119312512454838/d432415d10q.htm"
  },
  {
    "date": "2012-06-30",
    "symbol": "MS",
    "reportedCurrency": "USD",
    "cik": "0000895421",
    "fillingDate": "2012-08-06",
    "acceptedDate": "2012-08-06 16:10:26",
    "calendarYear": "2012",
    "period": "Q2",
    "revenue": 6537000000,
    "costOfRevenue": 0,
    "grossProfit": 6537000000,
    "grossProfitRatio": 1,
    "researchAndDevelopmentExpenses": 0,
    "generalAndAdministrativeExpenses": 3631000000,
    "sellingAndMarketingExpenses": 155000000,
    "sellingGeneralAndAdministrativeExpenses": 3786000000,
    "otherExpenses": 2751000000,
    "operatingExpenses": 6537000000,
    "costAndExpenses": 6537000000,
    "interestIncome": 1323000000,
    "interestExpense": 1483000000,
    "depreciationAndAmortization": 418000000,
    "ebitda": 0,
    "ebitdaratio": 0,
    "operatingIncome": 0,
    "operatingIncomeRatio": 0,
    "totalOtherIncomeExpensesNet": 937000000,
    "incomeBeforeTax": 937000000,
    "incomeBeforeTaxRatio": 0.1433379226,
    "incomeTaxExpense": 224000000,
    "netIncome": 591000000,
    "netIncomeRatio": 0.0904084442,
    "eps": 0.3,
    "epsdiluted": 0.29,
    "weightedAverageShsOut": 1885179000,
    "weightedAverageShsOutDil": 1911709000,
    "link": "https://www.sec.gov/Archives/edgar/data/895421/000119312512337734/0001193125-12-337734-index.htm",
    "finalLink": "https://www.sec.gov/Archives/edgar/data/895421/000119312512337734/d387870d10q.htm"
  },
  {
    "date": "2012-03-31",
    "symbol": "MS",
    "reportedCurrency": "USD",
    "cik": "0000895421",
    "fillingDate": "2012-05-07",
    "acceptedDate": "2012-05-07 16:10:20",
    "calendarYear": "2012",
    "period": "Q1",
    "revenue": 6521000000,
    "costOfRevenue": 0,
    "grossProfit": 6521000000,
    "grossProfitRatio": 1,
    "researchAndDevelopmentExpenses": 0,
    "generalAndAdministrativeExpenses": 4430000000,
    "sellingAndMarketingExpenses": 146000000,
    "sellingGeneralAndAdministrativeExpenses": 4576000000,
    "otherExpenses": 1945000000,
    "operatingExpenses": 6521000000,
    "costAndExpenses": 6521000000,
    "interestIncome": 1542000000,
    "interestExpense": 1601000000,
    "depreciationAndAmortization": 375000000,
    "ebitda": 0,
    "ebitdaratio": 0,
    "operatingIncome": 0,
    "operatingIncomeRatio": 0,
    "totalOtherIncomeExpensesNet": 202000000,
    "incomeBeforeTax": 202000000,
    "incomeBeforeTaxRatio": 0.030976844,
    "incomeTaxExpense": 54000000,
    "netIncome": -94000000,
    "netIncomeRatio": -0.014414967,
    "eps": -0.06,
    "epsdiluted": -0.06,
    "weightedAverageShsOut": 1876962000,
    "weightedAverageShsOutDil": 1876962000,
    "link": "https://www.sec.gov/Archives/edgar/data/895421/000119312512215012/0001193125-12-215012-index.htm",
    "finalLink": "https://www.sec.gov/Archives/edgar/data/895421/000119312512215012/d343889d10q.htm"
  },
  {
    "date": "2011-12-31",
    "symbol": "MS",
    "reportedCurrency": "USD",
    "cik": "0000895421",
    "fillingDate": "2012-02-27",
    "acceptedDate": "2012-02-27 16:49:37",
    "calendarYear": "2011",
    "period": "Q4",
    "revenue": 3817000000,
    "costOfRevenue": 0,
    "grossProfit": 3817000000,
    "grossProfitRatio": 1,
    "researchAndDevelopmentExpenses": 0,
    "generalAndAdministrativeExpenses": 2357000000,
    "sellingAndMarketingExpenses": 156000000,
    "sellingGeneralAndAdministrativeExpenses": 2513000000,
    "otherExpenses": 1304000000,
    "operatingExpenses": 3817000000,
    "costAndExpenses": 3817000000,
    "interestIncome": 1704000000,
    "interestExpense": 1416000000,
    "depreciationAndAmortization": 217000000,
    "ebitda": 0,
    "ebitdaratio": 0,
    "operatingIncome": 0,
    "operatingIncomeRatio": 0,
    "totalOtherIncomeExpensesNet": -380000000,
    "incomeBeforeTax": -380000000,
    "incomeBeforeTaxRatio": -0.0995546241,
    "incomeTaxExpense": -278000000,
    "netIncome": -250000000,
    "netIncomeRatio": -0.0654964632,
    "eps": -0.14,
    "epsdiluted": -0.13,
    "weightedAverageShsOut": 1850276000,
    "weightedAverageShsOutDil": 1877000000,
    "link": "https://www.sec.gov/Archives/edgar/data/895421/000119312512081807/0001193125-12-081807-index.htm",
    "finalLink": "https://www.sec.gov/Archives/edgar/data/895421/000119312512081807/d262950d10k.htm"
  },
  {
    "date": "2011-09-30",
    "symbol": "MS",
    "reportedCurrency": "USD",
    "cik": "0000895421",
    "fillingDate": "2011-11-07",
    "acceptedDate": "2011-11-07 16:36:53",
    "calendarYear": "2011",
    "period": "Q3",
    "revenue": 9810000000,
    "costOfRevenue": 0,
    "grossProfit": 9810000000,
    "grossProfitRatio": 1,
    "researchAndDevelopmentExpenses": 0,
    "generalAndAdministrativeExpenses": 4094000000,
    "sellingAndMarketingExpenses": 143000000,
    "sellingGeneralAndAdministrativeExpenses": 4237000000,
    "otherExpenses": 5573000000,
    "operatingExpenses": 9810000000,
    "costAndExpenses": 9810000000,
    "interestIncome": 1753000000,
    "interestExpense": 1608000000,
    "depreciationAndAmortization": 428000000,
    "ebitda": 0,
    "ebitdaratio": 0,
    "operatingIncome": 0,
    "operatingIncomeRatio": 0,
    "totalOtherIncomeExpensesNet": 3685000000,
    "incomeBeforeTax": 3685000000,
    "incomeBeforeTaxRatio": 0.375637105,
    "incomeTaxExpense": 1415000000,
    "netIncome": 2199000000,
    "netIncomeRatio": 0.2241590214,
    "eps": 1.16,
    "epsdiluted": 1.15,
    "weightedAverageShsOut": 1848246000,
    "weightedAverageShsOutDil": 1868744000,
    "link": "https://www.sec.gov/Archives/edgar/data/895421/000119312511299890/0001193125-11-299890-index.htm",
    "finalLink": "https://www.sec.gov/Archives/edgar/data/895421/000119312511299890/d231401d10q.htm"
  },
  {
    "date": "2011-06-30",
    "symbol": "MS",
    "reportedCurrency": "USD",
    "cik": "0000895421",
    "fillingDate": "2011-08-08",
    "acceptedDate": "2011-08-08 08:08:32",
    "calendarYear": "2011",
    "period": "Q2",
    "revenue": 9207000000,
    "costOfRevenue": 0,
    "grossProfit": 9207000000,
    "grossProfitRatio": 1,
    "researchAndDevelopmentExpenses": 0,
    "generalAndAdministrativeExpenses": 5476000000,
    "sellingAndMarketingExpenses": 151000000,
    "sellingGeneralAndAdministrativeExpenses": 5627000000,
    "otherExpenses": 3580000000,
    "operatingExpenses": 9207000000,
    "costAndExpenses": 9207000000,
    "interestIncome": 1961000000,
    "interestExpense": 2029000000,
    "depreciationAndAmortization": 380000000,
    "ebitda": 0,
    "ebitdaratio": 0,
    "operatingIncome": 0,
    "operatingIncomeRatio": 0,
    "totalOtherIncomeExpensesNet": 1970000000,
    "incomeBeforeTax": 1970000000,
    "incomeBeforeTaxRatio": 0.2139676333,
    "incomeTaxExpense": 538000000,
    "netIncome": 1193000000,
    "netIncomeRatio": 0.1295753231,
    "eps": -0.38,
    "epsdiluted": -0.38,
    "weightedAverageShsOut": 1464296000,
    "weightedAverageShsOutDil": 1464296000,
    "link": "https://www.sec.gov/Archives/edgar/data/895421/000119312511213320/0001193125-11-213320-index.htm",
    "finalLink": "https://www.sec.gov/Archives/edgar/data/895421/000119312511213320/d10q.htm"
  },
  {
    "date": "2011-03-31",
    "symbol": "MS",
    "reportedCurrency": "USD",
    "cik": "0000895421",
    "fillingDate": "2011-05-09",
    "acceptedDate": "2011-05-09 16:16:30",
    "calendarYear": "2011",
    "period": "Q1",
    "revenue": 7574000000,
    "costOfRevenue": 0,
    "grossProfit": 7574000000,
    "grossProfitRatio": 1,
    "researchAndDevelopmentExpenses": 0,
    "generalAndAdministrativeExpenses": 4725000000,
    "sellingAndMarketingExpenses": 142000000,
    "sellingGeneralAndAdministrativeExpenses": 4867000000,
    "otherExpenses": 2707000000,
    "operatingExpenses": 7574000000,
    "costAndExpenses": 7574000000,
    "interestIncome": 1859000000,
    "interestExpense": 1853000000,
    "depreciationAndAmortization": 379000000,
    "ebitda": 0,
    "ebitdaratio": 0,
    "operatingIncome": 0,
    "operatingIncomeRatio": 0,
    "totalOtherIncomeExpensesNet": 901000000,
    "incomeBeforeTax": 901000000,
    "incomeBeforeTaxRatio": 0.1189595986,
    "incomeTaxExpense": -244000000,
    "netIncome": 968000000,
    "netIncomeRatio": 0.1278056509,
    "eps": 0.51,
    "epsdiluted": 0.5,
    "weightedAverageShsOut": 1456016000,
    "weightedAverageShsOutDil": 1472308000,
    "link": "https://www.sec.gov/Archives/edgar/data/895421/000119312511132343/0001193125-11-132343-index.htm",
    "finalLink": "https://www.sec.gov/Archives/edgar/data/895421/000119312511132343/d10q.htm"
  },
  {
    "date": "2010-12-31",
    "symbol": "MS",
    "reportedCurrency": "USD",
    "cik": "0000895421",
    "fillingDate": "2011-02-28",
    "acceptedDate": "2011-02-28 16:44:00",
    "calendarYear": "2010",
    "period": "Q4",
    "revenue": 5844000000,
    "costOfRevenue": 0,
    "grossProfit": 5844000000,
    "grossProfitRatio": 1,
    "researchAndDevelopmentExpenses": 0,
    "generalAndAdministrativeExpenses": 1787000000,
    "sellingAndMarketingExpenses": 161000000,
    "sellingGeneralAndAdministrativeExpenses": 1948000000,
    "otherExpenses": 3896000000,
    "operatingExpenses": 5844000000,
    "costAndExpenses": 5844000000,
    "interestIncome": 1944000000,
    "interestExpense": 1692000000,
    "depreciationAndAmortization": -418000000,
    "ebitda": 0,
    "ebitdaratio": 0,
    "operatingIncome": 0,
    "operatingIncomeRatio": 0,
    "totalOtherIncomeExpensesNet": 1190000000,
    "incomeBeforeTax": 1190000000,
    "incomeBeforeTaxRatio": 0.2036276523,
    "incomeTaxExpense": 89000000,
    "netIncome": 836000000,
    "netIncomeRatio": 0.1430527036,
    "eps": 0.58,
    "epsdiluted": 0.57,
    "weightedAverageShsOut": 1437159000,
    "weightedAverageShsOutDil": 1456000000,
    "link": "https://www.sec.gov/Archives/edgar/data/895421/000119312511050049/0001193125-11-050049-index.htm",
    "finalLink": "https://www.sec.gov/Archives/edgar/data/895421/000119312511050049/d10k.htm"
  },
  {
    "date": "2010-09-30",
    "symbol": "MS",
    "reportedCurrency": "USD",
    "cik": "0000895421",
    "fillingDate": "2010-11-08",
    "acceptedDate": "2010-11-08 16:24:40",
    "calendarYear": "2010",
    "period": "Q3",
    "revenue": 6780000000,
    "costOfRevenue": 0,
    "grossProfit": 6780000000,
    "grossProfitRatio": 1,
    "researchAndDevelopmentExpenses": 0,
    "generalAndAdministrativeExpenses": 4097000000,
    "sellingAndMarketingExpenses": 134000000,
    "sellingGeneralAndAdministrativeExpenses": 4231000000,
    "otherExpenses": 2549000000,
    "operatingExpenses": 6780000000,
    "costAndExpenses": 6780000000,
    "interestIncome": 1851000000,
    "interestExpense": 1748000000,
    "depreciationAndAmortization": 646000000,
    "ebitda": 0,
    "ebitdaratio": 0,
    "operatingIncome": 0,
    "operatingIncomeRatio": 0,
    "totalOtherIncomeExpensesNet": 801000000,
    "incomeBeforeTax": 801000000,
    "incomeBeforeTaxRatio": 0.1181415929,
    "incomeTaxExpense": -23000000,
    "netIncome": 131000000,
    "netIncomeRatio": 0.0193215339,
    "eps": -0.07,
    "epsdiluted": -0.07,
    "weightedAverageShsOut": 1377230000,
    "weightedAverageShsOutDil": 1443101000,
    "link": "https://www.sec.gov/Archives/edgar/data/895421/000119312510252125/0001193125-10-252125-index.htm",
    "finalLink": "https://www.sec.gov/Archives/edgar/data/895421/000119312510252125/d10q.htm"
  },
  {
    "date": "2010-06-30",
    "symbol": "MS",
    "reportedCurrency": "USD",
    "cik": "0000895421",
    "fillingDate": "2010-08-09",
    "acceptedDate": "2010-08-06 20:53:16",
    "calendarYear": "2010",
    "period": "Q2",
    "revenue": 7963000000,
    "costOfRevenue": 0,
    "grossProfit": 7963000000,
    "grossProfitRatio": 1,
    "researchAndDevelopmentExpenses": 0,
    "generalAndAdministrativeExpenses": 4302000000,
    "sellingAndMarketingExpenses": 153000000,
    "sellingGeneralAndAdministrativeExpenses": 4455000000,
    "otherExpenses": 3508000000,
    "operatingExpenses": 7963000000,
    "costAndExpenses": 7963000000,
    "interestIncome": 1747000000,
    "interestExpense": 1606000000,
    "depreciationAndAmortization": 1037000000,
    "ebitda": 0,
    "ebitdaratio": 0,
    "operatingIncome": 0,
    "operatingIncomeRatio": 0,
    "totalOtherIncomeExpensesNet": 1703000000,
    "incomeBeforeTax": 1703000000,
    "incomeBeforeTaxRatio": 0.2138641216,
    "incomeTaxExpense": 240000000,
    "netIncome": 1960000000,
    "netIncomeRatio": 0.2461383901,
    "eps": 1.2,
    "epsdiluted": 1.09,
    "weightedAverageShsOut": 1317686000,
    "weightedAverageShsOutDil": 1748209000,
    "link": "https://www.sec.gov/Archives/edgar/data/895421/000119312510181853/0001193125-10-181853-index.htm",
    "finalLink": "https://www.sec.gov/Archives/edgar/data/895421/000119312510181853/d10q.htm"
  },
  {
    "date": "2010-03-31",
    "symbol": "MS",
    "reportedCurrency": "USD",
    "cik": "0000895421",
    "fillingDate": "2010-05-07",
    "acceptedDate": "2010-05-07 16:33:26",
    "calendarYear": "2010",
    "period": "Q1",
    "revenue": 9072000000,
    "costOfRevenue": 0,
    "grossProfit": 9072000000,
    "grossProfitRatio": 1,
    "researchAndDevelopmentExpenses": 0,
    "generalAndAdministrativeExpenses": 4811000000,
    "sellingAndMarketingExpenses": 134000000,
    "sellingGeneralAndAdministrativeExpenses": 4945000000,
    "otherExpenses": 4127000000,
    "operatingExpenses": 9072000000,
    "costAndExpenses": 9072000000,
    "interestIncome": 1736000000,
    "interestExpense": 1368000000,
    "depreciationAndAmortization": 154000000,
    "ebitda": 0,
    "ebitdaratio": 0,
    "operatingIncome": 0,
    "operatingIncomeRatio": 0,
    "totalOtherIncomeExpensesNet": 2515000000,
    "incomeBeforeTax": 2515000000,
    "incomeBeforeTaxRatio": 0.2772266314,
    "incomeTaxExpense": 436000000,
    "netIncome": 1776000000,
    "netIncomeRatio": 0.1957671958,
    "eps": 1.07,
    "epsdiluted": 0.99,
    "weightedAverageShsOut": 1318692000,
    "weightedAverageShsOutDil": 1425253000,
    "link": "https://www.sec.gov/Archives/edgar/data/895421/000119312510112958/0001193125-10-112958-index.htm",
    "finalLink": "https://www.sec.gov/Archives/edgar/data/895421/000119312510112958/d10q.htm"
  },
  {
    "date": "2009-12-31",
    "symbol": "MS",
    "reportedCurrency": "USD",
    "cik": "0000895421",
    "fillingDate": "2010-02-26",
    "acceptedDate": "2010-02-26 15:34:34",
    "calendarYear": "2009",
    "period": "Q4",
    "revenue": 4645000000,
    "costOfRevenue": 0,
    "grossProfit": 4645000000,
    "grossProfitRatio": 1,
    "researchAndDevelopmentExpenses": 0,
    "generalAndAdministrativeExpenses": 2603000000,
    "sellingAndMarketingExpenses": 503000000,
    "sellingGeneralAndAdministrativeExpenses": 3106000000,
    "otherExpenses": 1539000000,
    "operatingExpenses": 4645000000,
    "costAndExpenses": 4645000000,
    "interestIncome": 1796000000,
    "interestExpense": 1053000000,
    "depreciationAndAmortization": 395000000,
    "ebitda": 0,
    "ebitdaratio": 0,
    "operatingIncome": 0,
    "operatingIncomeRatio": 0,
    "totalOtherIncomeExpensesNet": 1169000000,
    "incomeBeforeTax": 1169000000,
    "incomeBeforeTaxRatio": 0.2516684607,
    "incomeTaxExpense": 279000000,
    "netIncome": 617000000,
    "netIncomeRatio": 0.1328310011,
    "eps": 0.48,
    "epsdiluted": 0.47,
    "weightedAverageShsOut": 1297176000,
    "weightedAverageShsOutDil": 1318692000,
    "link": "https://www.sec.gov/Archives/edgar/data/895421/000119312510042763/0001193125-10-042763-index.htm",
    "finalLink": "https://www.sec.gov/Archives/edgar/data/895421/000119312510042763/d10k.htm"
  },
  {
    "date": "2009-09-30",
    "symbol": "MS",
    "reportedCurrency": "USD",
    "cik": "0000895421",
    "fillingDate": "2009-11-09",
    "acceptedDate": "2009-11-06 20:48:02",
    "calendarYear": "2009",
    "period": "Q3",
    "revenue": 8468000000,
    "costOfRevenue": 0,
    "grossProfit": 8468000000,
    "grossProfitRatio": 1,
    "researchAndDevelopmentExpenses": 0,
    "generalAndAdministrativeExpenses": 5537000000,
    "sellingAndMarketingExpenses": 118000000,
    "sellingGeneralAndAdministrativeExpenses": 5655000000,
    "otherExpenses": 2813000000,
    "operatingExpenses": 8468000000,
    "costAndExpenses": 8468000000,
    "interestIncome": 1851000000,
    "interestExpense": 1354000000,
    "depreciationAndAmortization": 466000000,
    "ebitda": 0,
    "ebitdaratio": 0,
    "operatingIncome": 0,
    "operatingIncomeRatio": 0,
    "totalOtherIncomeExpensesNet": 1493000000,
    "incomeBeforeTax": 1493000000,
    "incomeBeforeTaxRatio": 0.1763108172,
    "incomeTaxExpense": 521000000,
    "netIncome": 757000000,
    "netIncomeRatio": 0.0893953708,
    "eps": 0.39,
    "epsdiluted": 0.38,
    "weightedAverageShsOut": 1294298000,
    "weightedAverageShsOutDil": 1300070000,
    "link": "https://www.sec.gov/Archives/edgar/data/895421/000119312509227984/0001193125-09-227984-index.htm",
    "finalLink": "https://www.sec.gov/Archives/edgar/data/895421/000119312509227984/d10q.htm"
  },
  {
    "date": "2009-06-30",
    "symbol": "MS",
    "reportedCurrency": "USD",
    "cik": "0000895421",
    "fillingDate": "2009-08-07",
    "acceptedDate": "2009-08-07 17:20:02",
    "calendarYear": "2009",
    "period": "Q2",
    "revenue": 5197000000,
    "costOfRevenue": 0,
    "grossProfit": 5197000000,
    "grossProfitRatio": 1,
    "researchAndDevelopmentExpenses": 0,
    "generalAndAdministrativeExpenses": 4383000000,
    "sellingAndMarketingExpenses": 120000000,
    "sellingGeneralAndAdministrativeExpenses": 4503000000,
    "otherExpenses": 694000000,
    "operatingExpenses": 5197000000,
    "costAndExpenses": 5197000000,
    "interestIncome": 1648000000,
    "interestExpense": 1845000000,
    "depreciationAndAmortization": 208000000,
    "ebitda": 0,
    "ebitdaratio": 0,
    "operatingIncome": 0,
    "operatingIncomeRatio": 0,
    "totalOtherIncomeExpensesNet": -584000000,
    "incomeBeforeTax": -584000000,
    "incomeBeforeTaxRatio": -0.1123725226,
    "incomeTaxExpense": -319000000,
    "netIncome": 149000000,
    "netIncomeRatio": 0.0286703868,
    "eps": 0.13,
    "epsdiluted": 0.13,
    "weightedAverageShsOut": 1153019500,
    "weightedAverageShsOutDil": 1155905500,
    "link": "https://www.sec.gov/Archives/edgar/data/895421/000119312509169269/0001193125-09-169269-index.htm",
    "finalLink": "https://www.sec.gov/Archives/edgar/data/895421/000119312509169269/d10q.htm"
  },
  {
    "date": "2009-03-31",
    "symbol": "MS",
    "reportedCurrency": "USD",
    "cik": "0000895421",
    "fillingDate": "2009-05-07",
    "acceptedDate": "2009-05-07 11:39:57",
    "calendarYear": "2009",
    "period": "Q1",
    "revenue": 2897000000,
    "costOfRevenue": 0,
    "grossProfit": 2897000000,
    "grossProfitRatio": 1,
    "researchAndDevelopmentExpenses": 0,
    "generalAndAdministrativeExpenses": 2508000000,
    "sellingAndMarketingExpenses": 110000000,
    "sellingGeneralAndAdministrativeExpenses": 2618000000,
    "otherExpenses": 279000000,
    "operatingExpenses": 2897000000,
    "costAndExpenses": 2897000000,
    "interestIncome": 2245000000,
    "interestExpense": 2309000000,
    "depreciationAndAmortization": 155000000,
    "ebitda": 0,
    "ebitdaratio": 0,
    "operatingIncome": 0,
    "operatingIncomeRatio": 0,
    "totalOtherIncomeExpensesNet": -630000000,
    "incomeBeforeTax": -630000000,
    "incomeBeforeTaxRatio": -0.2174663445,
    "incomeTaxExpense": -595000000,
    "netIncome": -177000000,
    "netIncomeRatio": -0.0610976873,
    "eps": -0.57,
    "epsdiluted": -0.57,
    "weightedAverageShsOut": 1011741000,
    "weightedAverageShsOutDil": 1011741000,
    "link": "https://www.sec.gov/Archives/edgar/data/895421/000119312509102880/0001193125-09-102880-index.htm",
    "finalLink": "https://www.sec.gov/Archives/edgar/data/895421/000119312509102880/d10q.htm"
  },
  {
    "date": "2008-11-30",
    "symbol": "MS",
    "reportedCurrency": "USD",
    "cik": "0000895421",
    "fillingDate": "2009-01-29",
    "acceptedDate": "2009-01-28 21:54:54",
    "calendarYear": "2008",
    "period": "Q4",
    "revenue": -2825000000,
    "costOfRevenue": 0,
    "grossProfit": -2825000000,
    "grossProfitRatio": 1,
    "researchAndDevelopmentExpenses": 0,
    "generalAndAdministrativeExpenses": 1580000000,
    "sellingAndMarketingExpenses": 218000000,
    "sellingGeneralAndAdministrativeExpenses": 1798000000,
    "otherExpenses": -4623000000,
    "operatingExpenses": -2825000000,
    "costAndExpenses": -2825000000,
    "interestIncome": 6851000000,
    "interestExpense": 5998000000,
    "depreciationAndAmortization": 485000000,
    "ebitda": 0,
    "ebitdaratio": 0,
    "operatingIncome": 0,
    "operatingIncomeRatio": 0,
    "totalOtherIncomeExpensesNet": -3350000000,
    "incomeBeforeTax": -3350000000,
    "incomeBeforeTaxRatio": 1.185840708,
    "incomeTaxExpense": -1155000000,
    "netIncome": -2295000000,
    "netIncomeRatio": 0.8123893805,
    "eps": -2.27,
    "epsdiluted": -2.2,
    "weightedAverageShsOut": 1028180000,
    "weightedAverageShsOutDil": 1095705000,
    "link": "https://www.sec.gov/Archives/edgar/data/895421/000119312509013429/0001193125-09-013429-index.htm",
    "finalLink": "https://www.sec.gov/Archives/edgar/data/895421/000119312509013429/d10k.htm"
  },
  {
    "date": "2008-08-31",
    "symbol": "MS",
    "reportedCurrency": "USD",
    "cik": "0000895421",
    "fillingDate": "2008-10-09",
    "acceptedDate": "2008-10-09 15:46:07",
    "calendarYear": "2008",
    "period": "Q3",
    "revenue": 8057000000,
    "costOfRevenue": 0,
    "grossProfit": 8057000000,
    "grossProfitRatio": 1,
    "researchAndDevelopmentExpenses": 0,
    "generalAndAdministrativeExpenses": 3695000000,
    "sellingAndMarketingExpenses": 168000000,
    "sellingGeneralAndAdministrativeExpenses": 3863000000,
    "otherExpenses": 4194000000,
    "operatingExpenses": 8057000000,
    "costAndExpenses": 8057000000,
    "interestIncome": 9792000000,
    "interestExpense": 8650000000,
    "depreciationAndAmortization": 100000000,
    "ebitda": 0,
    "ebitdaratio": 0,
    "operatingIncome": 0,
    "operatingIncomeRatio": 0,
    "totalOtherIncomeExpensesNet": 1956000000,
    "incomeBeforeTax": 1956000000,
    "incomeBeforeTaxRatio": 0.2427702619,
    "incomeTaxExpense": 531000000,
    "netIncome": 1425000000,
    "netIncomeRatio": 0.176864838,
    "eps": 1.36,
    "epsdiluted": 1.32,
    "weightedAverageShsOut": 1042542000,
    "weightedAverageShsOutDil": 1072016000,
    "link": "https://www.sec.gov/Archives/edgar/data/895421/000119312508208512/0001193125-08-208512-index.htm",
    "finalLink": "https://www.sec.gov/Archives/edgar/data/895421/000119312508208512/d10q.htm"
  },
  {
    "date": "2008-05-31",
    "symbol": "MS",
    "reportedCurrency": "USD",
    "cik": "0000895421",
    "fillingDate": "2008-07-09",
    "acceptedDate": "2008-07-09 17:13:15",
    "calendarYear": "2008",
    "period": "Q2",
    "revenue": 6529000000,
    "costOfRevenue": 0,
    "grossProfit": 6529000000,
    "grossProfitRatio": 1,
    "researchAndDevelopmentExpenses": 0,
    "generalAndAdministrativeExpenses": 2960000000,
    "sellingAndMarketingExpenses": 207000000,
    "sellingGeneralAndAdministrativeExpenses": 3167000000,
    "otherExpenses": 3362000000,
    "operatingExpenses": 6529000000,
    "costAndExpenses": 6529000000,
    "interestIncome": 10117000000,
    "interestExpense": 10013000000,
    "depreciationAndAmortization": 83000000,
    "ebitda": 0,
    "ebitdaratio": 0,
    "operatingIncome": 0,
    "operatingIncomeRatio": 0,
    "totalOtherIncomeExpensesNet": 1465000000,
    "incomeBeforeTax": 1465000000,
    "incomeBeforeTaxRatio": 0.2243835197,
    "incomeTaxExpense": 439000000,
    "netIncome": 1026000000,
    "netIncomeRatio": 0.1571450452,
    "eps": 0.97,
    "epsdiluted": 0.95,
    "weightedAverageShsOut": 1038145000,
    "weightedAverageShsOutDil": 1067184000,
    "link": "https://www.sec.gov/Archives/edgar/data/895421/000119312508148768/0001193125-08-148768-index.htm",
    "finalLink": "https://www.sec.gov/Archives/edgar/data/895421/000119312508148768/d10q.htm"
  },
  {
    "date": "2008-02-29",
    "symbol": "MS",
    "reportedCurrency": "USD",
    "cik": "0000895421",
    "fillingDate": "2008-04-09",
    "acceptedDate": "2008-04-08 19:02:05",
    "calendarYear": "2008",
    "period": "Q1",
    "revenue": 8322000000,
    "costOfRevenue": 0,
    "grossProfit": 8322000000,
    "grossProfitRatio": 1,
    "researchAndDevelopmentExpenses": 0,
    "generalAndAdministrativeExpenses": 4071000000,
    "sellingAndMarketingExpenses": 183000000,
    "sellingGeneralAndAdministrativeExpenses": 4254000000,
    "otherExpenses": 4068000000,
    "operatingExpenses": 8322000000,
    "costAndExpenses": 8322000000,
    "interestIncome": 13965000000,
    "interestExpense": 12862000000,
    "depreciationAndAmortization": 126000000,
    "ebitda": 0,
    "ebitdaratio": 0,
    "operatingIncome": 0,
    "operatingIncomeRatio": 0,
    "totalOtherIncomeExpensesNet": 2216000000,
    "incomeBeforeTax": 2216000000,
    "incomeBeforeTaxRatio": 0.2662821437,
    "incomeTaxExpense": 665000000,
    "netIncome": 1551000000,
    "netIncomeRatio": 0.1863734679,
    "eps": 1.5,
    "epsdiluted": 1.45,
    "weightedAverageShsOut": 1020802000,
    "weightedAverageShsOutDil": 1057867000,
    "link": "https://www.sec.gov/Archives/edgar/data/895421/000119312508077429/0001193125-08-077429-index.htm",
    "finalLink": "https://www.sec.gov/Archives/edgar/data/895421/000119312508077429/d10q.htm"
  },
  {
    "date": "2007-11-30",
    "symbol": "MS",
    "reportedCurrency": "USD",
    "cik": "0000895421",
    "fillingDate": "2008-01-29",
    "acceptedDate": "2008-01-28 20:55:31",
    "calendarYear": "2007",
    "period": "Q4",
    "revenue": -2106000000,
    "costOfRevenue": 0,
    "grossProfit": -2106000000,
    "grossProfitRatio": 1,
    "researchAndDevelopmentExpenses": 0,
    "generalAndAdministrativeExpenses": 3187000000,
    "sellingAndMarketingExpenses": 271000000,
    "sellingGeneralAndAdministrativeExpenses": 3458000000,
    "otherExpenses": -5564000000,
    "operatingExpenses": -2106000000,
    "costAndExpenses": -2106000000,
    "interestIncome": 16107000000,
    "interestExpense": 15161000000,
    "depreciationAndAmortization": -3000000,
    "ebitda": 0,
    "ebitdaratio": 0,
    "operatingIncome": 0,
    "operatingIncomeRatio": 0,
    "totalOtherIncomeExpensesNet": -5739000000,
    "incomeBeforeTax": -5739000000,
    "incomeBeforeTaxRatio": 2.7250712251,
    "incomeTaxExpense": -2198000000,
    "netIncome": -3588000000,
    "netIncomeRatio": 1.7037037037,
    "eps": -3.59,
    "epsdiluted": -3.51,
    "weightedAverageShsOut": 999453000,
    "weightedAverageShsOutDil": 1020802000,
    "link": "https://www.sec.gov/Archives/edgar/data/895421/000119312508013719/0001193125-08-013719-index.htm",
    "finalLink": "https://www.sec.gov/Archives/edgar/data/895421/000119312508013719/d10k.htm"
  },
  {
    "date": "2007-08-31",
    "symbol": "MS",
    "reportedCurrency": "USD",
    "cik": "0000895421",
    "fillingDate": "2007-10-10",
    "acceptedDate": "2007-10-10 14:30:42",
    "calendarYear": "2007",
    "period": "Q3",
    "revenue": 7958000000,
    "costOfRevenue": 0,
    "grossProfit": 7958000000,
    "grossProfitRatio": 1,
    "researchAndDevelopmentExpenses": 0,
    "generalAndAdministrativeExpenses": 3596000000,
    "sellingAndMarketingExpenses": 190000000,
    "sellingGeneralAndAdministrativeExpenses": 3786000000,
    "otherExpenses": 4172000000,
    "operatingExpenses": 7958000000,
    "costAndExpenses": 7958000000,
    "interestIncome": 14405000000,
    "interestExpense": 13272000000,
    "depreciationAndAmortization": 224000000,
    "ebitda": 0,
    "ebitdaratio": 0,
    "operatingIncome": 0,
    "operatingIncomeRatio": 0,
    "totalOtherIncomeExpensesNet": 2246000000,
    "incomeBeforeTax": 2246000000,
    "incomeBeforeTaxRatio": 0.2822317165,
    "incomeTaxExpense": 772000000,
    "netIncome": 1543000000,
    "netIncomeRatio": 0.1938929379,
    "eps": 1.52,
    "epsdiluted": 1.44,
    "weightedAverageShsOut": 1002330000,
    "weightedAverageShsOutDil": 1057496000,
    "link": "https://www.sec.gov/Archives/edgar/data/895421/000119312507216111/0001193125-07-216111-index.htm",
    "finalLink": "https://www.sec.gov/Archives/edgar/data/895421/000119312507216111/d10q.htm"
  },
  {
    "date": "2007-05-31",
    "symbol": "MS",
    "reportedCurrency": "USD",
    "cik": "0000895421",
    "fillingDate": "2007-07-10",
    "acceptedDate": "2007-07-10 14:11:57",
    "calendarYear": "2007",
    "period": "Q2",
    "revenue": 10524000000,
    "costOfRevenue": 0,
    "grossProfit": 10524000000,
    "grossProfitRatio": 1,
    "researchAndDevelopmentExpenses": 0,
    "generalAndAdministrativeExpenses": 4994000000,
    "sellingAndMarketingExpenses": 199000000,
    "sellingGeneralAndAdministrativeExpenses": 5193000000,
    "otherExpenses": 5331000000,
    "operatingExpenses": 10524000000,
    "costAndExpenses": 10524000000,
    "interestIncome": 15400000000,
    "interestExpense": 15671000000,
    "depreciationAndAmortization": 50000000,
    "ebitda": 0,
    "ebitdaratio": 0,
    "operatingIncome": 0,
    "operatingIncomeRatio": 0,
    "totalOtherIncomeExpensesNet": 3504000000,
    "incomeBeforeTax": 3504000000,
    "incomeBeforeTaxRatio": 0.3329532497,
    "incomeTaxExpense": 1141000000,
    "netIncome": 2582000000,
    "netIncomeRatio": 0.2453439757,
    "eps": 2.57,
    "epsdiluted": 2.45,
    "weightedAverageShsOut": 996545000,
    "weightedAverageShsOutDil": 1045643000,
    "link": "https://www.sec.gov/Archives/edgar/data/895421/000119312507152495/0001193125-07-152495-index.htm",
    "finalLink": "https://www.sec.gov/Archives/edgar/data/895421/000119312507152495/d10q.htm"
  },
  {
    "date": "2007-02-28",
    "symbol": "MS",
    "reportedCurrency": "USD",
    "cik": "0000895421",
    "fillingDate": "2007-04-06",
    "acceptedDate": "2007-04-05 18:48:28",
    "calendarYear": "2007",
    "period": "Q1",
    "revenue": 11193000000,
    "costOfRevenue": 0,
    "grossProfit": 11193000000,
    "grossProfitRatio": 1,
    "researchAndDevelopmentExpenses": 0,
    "generalAndAdministrativeExpenses": 4992000000,
    "sellingAndMarketingExpenses": 294000000,
    "sellingGeneralAndAdministrativeExpenses": 5286000000,
    "otherExpenses": 5907000000,
    "operatingExpenses": 11193000000,
    "costAndExpenses": 11193000000,
    "interestIncome": 14814000000,
    "interestExpense": 13485000000,
    "depreciationAndAmortization": 204000000,
    "ebitda": 0,
    "ebitdaratio": 0,
    "operatingIncome": 0,
    "operatingIncomeRatio": 0,
    "totalOtherIncomeExpensesNet": 3820000000,
    "incomeBeforeTax": 3820000000,
    "incomeBeforeTaxRatio": 0.3412847315,
    "incomeTaxExpense": 1261000000,
    "netIncome": 2672000000,
    "netIncomeRatio": 0.238720629,
    "eps": 2.63,
    "epsdiluted": 2.51,
    "weightedAverageShsOut": 1009187000,
    "weightedAverageShsOutDil": 1057913000,
    "link": "https://www.sec.gov/Archives/edgar/data/895421/000119312507075695/0001193125-07-075695-index.htm",
    "finalLink": "https://www.sec.gov/Archives/edgar/data/895421/000119312507075695/d10q.htm"
  },
  {
    "date": "2006-11-30",
    "symbol": "MS",
    "reportedCurrency": "USD",
    "cik": "0000895421",
    "fillingDate": "2007-02-13",
    "acceptedDate": "2007-02-12 20:30:30",
    "calendarYear": "2006",
    "period": "Q4",
    "revenue": 7558000000,
    "costOfRevenue": 0,
    "grossProfit": 7558000000,
    "grossProfitRatio": 1,
    "researchAndDevelopmentExpenses": 0,
    "generalAndAdministrativeExpenses": 3354000000,
    "sellingAndMarketingExpenses": 419000000,
    "sellingGeneralAndAdministrativeExpenses": 3773000000,
    "otherExpenses": 3785000000,
    "operatingExpenses": 7558000000,
    "costAndExpenses": 7558000000,
    "interestIncome": 11883000000,
    "interestExpense": 10609000000,
    "depreciationAndAmortization": 338000000,
    "ebitda": 0,
    "ebitdaratio": 0,
    "operatingIncome": 0,
    "operatingIncomeRatio": 0,
    "totalOtherIncomeExpensesNet": 3043000000,
    "incomeBeforeTax": 2884000000,
    "incomeBeforeTaxRatio": 0.3815824292,
    "incomeTaxExpense": 609000000,
    "netIncome": 2206000000,
    "netIncomeRatio": 0.2918761577,
    "eps": 2.19,
    "epsdiluted": 2.19,
    "weightedAverageShsOut": 996477000,
    "weightedAverageShsOutDil": 1009187000,
    "link": "https://www.sec.gov/Archives/edgar/data/895421/000119312507027693/0001193125-07-027693-index.htm",
    "finalLink": "https://www.sec.gov/Archives/edgar/data/895421/000119312507027693/d10k.htm"
  },
  {
    "date": "2006-08-31",
    "symbol": "MS",
    "reportedCurrency": "USD",
    "cik": "0000895421",
    "fillingDate": "2006-10-06",
    "acceptedDate": "2006-10-06 16:33:46",
    "calendarYear": "2006",
    "period": "Q3",
    "revenue": 7084000000,
    "costOfRevenue": 0,
    "grossProfit": 7084000000,
    "grossProfitRatio": 1,
    "researchAndDevelopmentExpenses": 0,
    "generalAndAdministrativeExpenses": 3085000000,
    "sellingAndMarketingExpenses": 292000000,
    "sellingGeneralAndAdministrativeExpenses": 3232000000,
    "otherExpenses": 3852000000,
    "operatingExpenses": 7084000000,
    "costAndExpenses": 7084000000,
    "interestIncome": 12021000000,
    "interestExpense": 11549000000,
    "depreciationAndAmortization": 173000000,
    "ebitda": 0,
    "ebitdaratio": 0,
    "operatingIncome": 0,
    "operatingIncomeRatio": 0,
    "totalOtherIncomeExpensesNet": 2264000000,
    "incomeBeforeTax": 2264000000,
    "incomeBeforeTaxRatio": 0.31959345,
    "incomeTaxExpense": 676000000,
    "netIncome": 1851000000,
    "netIncomeRatio": 0.2612930548,
    "eps": 1.83,
    "epsdiluted": 1.75,
    "weightedAverageShsOut": 1010468000,
    "weightedAverageShsOutDil": 1055664000,
    "link": "https://www.sec.gov/Archives/edgar/data/895421/000119312506204513/0001193125-06-204513-index.htm",
    "finalLink": "https://www.sec.gov/Archives/edgar/data/895421/000119312506204513/d10q.htm"
  },
  {
    "date": "2006-05-31",
    "symbol": "MS",
    "reportedCurrency": "USD",
    "cik": "0000895421",
    "fillingDate": "2006-07-07",
    "acceptedDate": "2006-07-07 15:30:50",
    "calendarYear": "2006",
    "period": "Q2",
    "revenue": 8857000000,
    "costOfRevenue": 0,
    "grossProfit": 8857000000,
    "grossProfitRatio": 1,
    "researchAndDevelopmentExpenses": 0,
    "generalAndAdministrativeExpenses": 3802000000,
    "sellingAndMarketingExpenses": 297000000,
    "sellingGeneralAndAdministrativeExpenses": 4099000000,
    "otherExpenses": 4758000000,
    "operatingExpenses": 8857000000,
    "costAndExpenses": 8857000000,
    "interestIncome": 10111000000,
    "interestExpense": 9965000000,
    "depreciationAndAmortization": 186000000,
    "ebitda": 0,
    "ebitdaratio": 0,
    "operatingIncome": 0,
    "operatingIncomeRatio": 0,
    "totalOtherIncomeExpensesNet": 2886000000,
    "incomeBeforeTax": 2886000000,
    "incomeBeforeTaxRatio": 0.3258439652,
    "incomeTaxExpense": 1058000000,
    "netIncome": 1841000000,
    "netIncomeRatio": 0.2078581913,
    "eps": 1.82,
    "epsdiluted": 1.75,
    "weightedAverageShsOut": 1013242000,
    "weightedAverageShsOutDil": 1054734000,
    "link": "https://www.sec.gov/Archives/edgar/data/895421/000119312506143244/0001193125-06-143244-index.htm",
    "finalLink": "https://www.sec.gov/Archives/edgar/data/895421/000119312506143244/d10q.htm"
  },
  {
    "date": "2006-02-28",
    "symbol": "MS",
    "reportedCurrency": "USD",
    "cik": "0000895421",
    "fillingDate": "2006-04-07",
    "acceptedDate": "2006-04-07 16:55:37",
    "calendarYear": "2006",
    "period": "Q1",
    "revenue": 8707000000,
    "costOfRevenue": 0,
    "grossProfit": 8707000000,
    "grossProfitRatio": 1,
    "researchAndDevelopmentExpenses": 0,
    "generalAndAdministrativeExpenses": 4242000000,
    "sellingAndMarketingExpenses": 238000000,
    "sellingGeneralAndAdministrativeExpenses": 4480000000,
    "otherExpenses": 4227000000,
    "operatingExpenses": 8707000000,
    "costAndExpenses": 8707000000,
    "interestIncome": 10544000000,
    "interestExpense": 9461000000,
    "depreciationAndAmortization": 179000000,
    "ebitda": 0,
    "ebitdaratio": 0,
    "operatingIncome": 0,
    "operatingIncomeRatio": 0,
    "totalOtherIncomeExpensesNet": 2391000000,
    "incomeBeforeTax": 2391000000,
    "incomeBeforeTaxRatio": 0.2746066383,
    "incomeTaxExpense": 789000000,
    "netIncome": 1574000000,
    "netIncomeRatio": 0.1807740898,
    "eps": 1.54,
    "epsdiluted": 1.48,
    "weightedAverageShsOut": 1020041000,
    "weightedAverageShsOutDil": 1061765000,
    "link": "https://www.sec.gov/Archives/edgar/data/895421/000119312506075932/0001193125-06-075932-index.htm",
    "finalLink": "https://www.sec.gov/Archives/edgar/data/895421/000119312506075932/d10q.htm"
  },
  {
    "date": "2005-11-30",
    "symbol": "MS",
    "reportedCurrency": "USD",
    "cik": "0000895421",
    "fillingDate": "2006-02-13",
    "acceptedDate": "2006-02-13 15:30:36",
    "calendarYear": "2005",
    "period": "Q4",
    "revenue": 6961000000,
    "costOfRevenue": 0,
    "grossProfit": 6961000000,
    "grossProfitRatio": 1,
    "researchAndDevelopmentExpenses": 0,
    "generalAndAdministrativeExpenses": 2672000000,
    "sellingAndMarketingExpenses": 331000000,
    "sellingGeneralAndAdministrativeExpenses": 3003000000,
    "otherExpenses": 3958000000,
    "operatingExpenses": 6961000000,
    "costAndExpenses": 6961000000,
    "interestIncome": 9299000000,
    "interestExpense": 8253000000,
    "depreciationAndAmortization": 151000000,
    "ebitda": 0,
    "ebitdaratio": 0,
    "operatingIncome": 0,
    "operatingIncomeRatio": 0,
    "totalOtherIncomeExpensesNet": 2064000000,
    "incomeBeforeTax": 2064000000,
    "incomeBeforeTaxRatio": 0.2965091223,
    "incomeTaxExpense": 318000000,
    "netIncome": 2465000000,
    "netIncomeRatio": 0.354115788,
    "eps": 1.71,
    "epsdiluted": 1.71,
    "weightedAverageShsOut": 1049896000,
    "weightedAverageShsOutDil": 1079936000,
    "link": "https://www.sec.gov/Archives/edgar/data/895421/000119312506028736/0001193125-06-028736-index.htm",
    "finalLink": "https://www.sec.gov/Archives/edgar/data/895421/000119312506028736/d10k.htm"
  },
  {
    "date": "2005-08-31",
    "symbol": "MS",
    "reportedCurrency": "USD",
    "cik": "0000895421",
    "fillingDate": "2005-10-07",
    "acceptedDate": "2005-10-07 16:27:25",
    "calendarYear": "2005",
    "period": "Q3",
    "revenue": 7171000000,
    "costOfRevenue": 0,
    "grossProfit": 7171000000,
    "grossProfitRatio": 1,
    "researchAndDevelopmentExpenses": 0,
    "generalAndAdministrativeExpenses": 3165000000,
    "sellingAndMarketingExpenses": 276000000,
    "sellingGeneralAndAdministrativeExpenses": 3441000000,
    "otherExpenses": 3730000000,
    "operatingExpenses": 7171000000,
    "costAndExpenses": 7171000000,
    "interestIncome": 6998000000,
    "interestExpense": 5986000000,
    "depreciationAndAmortization": 212000000,
    "ebitda": 0,
    "ebitdaratio": 0,
    "operatingIncome": 0,
    "operatingIncomeRatio": 0,
    "totalOtherIncomeExpensesNet": 1637000000,
    "incomeBeforeTax": 1637000000,
    "incomeBeforeTaxRatio": 0.2282805745,
    "incomeTaxExpense": 471000000,
    "netIncome": 1166000000,
    "netIncomeRatio": 0.1625993585,
    "eps": 0.14,
    "epsdiluted": 0.13,
    "weightedAverageShsOut": 1045874000,
    "weightedAverageShsOutDil": 1072033000,
    "link": "https://www.sec.gov/Archives/edgar/data/895421/000119312505198490/0001193125-05-198490-index.htm",
    "finalLink": "https://www.sec.gov/Archives/edgar/data/895421/000119312505198490/d10q.htm"
  },
  {
    "date": "2005-05-31",
    "symbol": "MS",
    "reportedCurrency": "USD",
    "cik": "0000895421",
    "fillingDate": "2005-07-08",
    "acceptedDate": "2005-07-08 16:27:06",
    "calendarYear": "2005",
    "period": "Q2",
    "revenue": 6240000000,
    "costOfRevenue": 0,
    "grossProfit": 6240000000,
    "grossProfitRatio": 1,
    "researchAndDevelopmentExpenses": 0,
    "generalAndAdministrativeExpenses": 2622000000,
    "sellingAndMarketingExpenses": 298000000,
    "sellingGeneralAndAdministrativeExpenses": 2920000000,
    "otherExpenses": 3320000000,
    "operatingExpenses": 6240000000,
    "costAndExpenses": 6240000000,
    "interestIncome": 6035000000,
    "interestExpense": 5561000000,
    "depreciationAndAmortization": 247000000,
    "ebitda": 0,
    "ebitdaratio": 0,
    "operatingIncome": 0,
    "operatingIncomeRatio": 0,
    "totalOtherIncomeExpensesNet": 1327000000,
    "incomeBeforeTax": 1327000000,
    "incomeBeforeTaxRatio": 0.2126602564,
    "incomeTaxExpense": 396000000,
    "netIncome": 928000000,
    "netIncomeRatio": 0.1487179487,
    "eps": 0.88,
    "epsdiluted": 0.86,
    "weightedAverageShsOut": 1053812000,
    "weightedAverageShsOutDil": 1079811000,
    "link": "https://www.sec.gov/Archives/edgar/data/895421/000119312505139664/0001193125-05-139664-index.htm",
    "finalLink": "https://www.sec.gov/Archives/edgar/data/895421/000119312505139664/d10q.htm"
  },
  {
    "date": "2005-02-28",
    "symbol": "MS",
    "reportedCurrency": "USD",
    "cik": "0000895421",
    "fillingDate": "2005-04-06",
    "acceptedDate": "2005-04-06 14:57:48",
    "calendarYear": "2005",
    "period": "Q1",
    "revenue": 6900000000,
    "costOfRevenue": 0,
    "grossProfit": 6900000000,
    "grossProfitRatio": 1,
    "researchAndDevelopmentExpenses": 0,
    "generalAndAdministrativeExpenses": 2854000000,
    "sellingAndMarketingExpenses": 257000000,
    "sellingGeneralAndAdministrativeExpenses": 3111000000,
    "otherExpenses": 3789000000,
    "operatingExpenses": 6900000000,
    "costAndExpenses": 6900000000,
    "interestIncome": 5843000000,
    "interestExpense": 4625000000,
    "depreciationAndAmortization": 231000000,
    "ebitda": 0,
    "ebitdaratio": 0,
    "operatingIncome": 0,
    "operatingIncomeRatio": 0,
    "totalOtherIncomeExpensesNet": 2022000000,
    "incomeBeforeTax": 2022000000,
    "incomeBeforeTaxRatio": 0.2930434783,
    "incomeTaxExpense": 673000000,
    "netIncome": 1402000000,
    "netIncomeRatio": 0.2031884058,
    "eps": 1.31,
    "epsdiluted": 1.29,
    "weightedAverageShsOut": 1069097000,
    "weightedAverageShsOutDil": 1090166000,
    "link": "https://www.sec.gov/Archives/edgar/data/895421/000119312505071136/0001193125-05-071136-index.htm",
    "finalLink": "https://www.sec.gov/Archives/edgar/data/895421/000119312505071136/d10q.htm"
  },
  {
    "date": "2004-11-30",
    "symbol": "MS",
    "reportedCurrency": "USD",
    "cik": "0000895421",
    "fillingDate": "2005-02-11",
    "acceptedDate": "2005-02-10 20:23:30",
    "calendarYear": "2004",
    "period": "Q4",
    "revenue": 5923000000,
    "costOfRevenue": 0,
    "grossProfit": 5923000000,
    "grossProfitRatio": 1,
    "researchAndDevelopmentExpenses": 0,
    "generalAndAdministrativeExpenses": 1898000000,
    "sellingAndMarketingExpenses": 333000000,
    "sellingGeneralAndAdministrativeExpenses": 2231000000,
    "otherExpenses": 3692000000,
    "operatingExpenses": 5923000000,
    "costAndExpenses": 5923000000,
    "interestIncome": 5735000000,
    "interestExpense": 4748000000,
    "depreciationAndAmortization": 342000000,
    "ebitda": 0,
    "ebitdaratio": 0,
    "operatingIncome": 0,
    "operatingIncomeRatio": 0,
    "totalOtherIncomeExpensesNet": 1610000000,
    "incomeBeforeTax": 1610000000,
    "incomeBeforeTaxRatio": 0.271821712,
    "incomeTaxExpense": 411000000,
    "netIncome": 1200000000,
    "netIncomeRatio": 0.2026000338,
    "eps": 1.12,
    "epsdiluted": 1.12,
    "weightedAverageShsOut": 1069097000,
    "weightedAverageShsOutDil": 1069097000,
    "link": "https://www.sec.gov/Archives/edgar/data/895421/000119312505025463/0001193125-05-025463-index.htm",
    "finalLink": "https://www.sec.gov/Archives/edgar/data/895421/000119312505025463/d10k.htm"
  },
  {
    "date": "2004-08-31",
    "symbol": "MS",
    "reportedCurrency": "USD",
    "cik": "0000895421",
    "fillingDate": "2004-10-15",
    "acceptedDate": "2004-10-15 11:51:49",
    "calendarYear": "2004",
    "period": "Q3",
    "revenue": 5638000000,
    "costOfRevenue": 0,
    "grossProfit": 5638000000,
    "grossProfitRatio": 1,
    "researchAndDevelopmentExpenses": 0,
    "generalAndAdministrativeExpenses": 2340000000,
    "sellingAndMarketingExpenses": 277000000,
    "sellingGeneralAndAdministrativeExpenses": 2617000000,
    "otherExpenses": 3021000000,
    "operatingExpenses": 5638000000,
    "costAndExpenses": 5638000000,
    "interestIncome": 5408000000,
    "interestExpense": 4150000000,
    "depreciationAndAmortization": 169000000,
    "ebitda": 0,
    "ebitdaratio": 0,
    "operatingIncome": 0,
    "operatingIncomeRatio": 0,
    "totalOtherIncomeExpensesNet": 1196000000,
    "incomeBeforeTax": 1196000000,
    "incomeBeforeTaxRatio": 0.2121319617,
    "incomeTaxExpense": 339000000,
    "netIncome": 837000000,
    "netIncomeRatio": 0.1484568996,
    "eps": 0.78,
    "epsdiluted": 0.76,
    "weightedAverageShsOut": 1081449000,
    "weightedAverageShsOutDil": 1105546000,
    "link": "https://www.sec.gov/Archives/edgar/data/895421/000119312504172111/0001193125-04-172111-index.htm",
    "finalLink": "https://www.sec.gov/Archives/edgar/data/895421/000119312504172111/d10q.htm"
  },
  {
    "date": "2004-05-31",
    "symbol": "MS",
    "reportedCurrency": "USD",
    "cik": "0000895421",
    "fillingDate": "2004-07-13",
    "acceptedDate": "2004-07-13 16:08:42",
    "calendarYear": "2004",
    "period": "Q2",
    "revenue": 6850000000,
    "costOfRevenue": 0,
    "grossProfit": 6850000000,
    "grossProfitRatio": 1,
    "researchAndDevelopmentExpenses": 0,
    "generalAndAdministrativeExpenses": 2923000000,
    "sellingAndMarketingExpenses": 263000000,
    "sellingGeneralAndAdministrativeExpenses": 3186000000,
    "otherExpenses": 3664000000,
    "operatingExpenses": 6850000000,
    "costAndExpenses": 6850000000,
    "interestIncome": 3663000000,
    "interestExpense": 2950000000,
    "depreciationAndAmortization": 127000000,
    "ebitda": 0,
    "ebitdaratio": 0,
    "operatingIncome": 0,
    "operatingIncomeRatio": 0,
    "totalOtherIncomeExpensesNet": 1722000000,
    "incomeBeforeTax": 1722000000,
    "incomeBeforeTaxRatio": 0.2513868613,
    "incomeTaxExpense": 498000000,
    "netIncome": 1223000000,
    "netIncomeRatio": 0.178540146,
    "eps": 1.13,
    "epsdiluted": 1.1,
    "weightedAverageShsOut": 1082212000,
    "weightedAverageShsOutDil": 1110357000,
    "link": "https://www.sec.gov/Archives/edgar/data/895421/000119312504117446/0001193125-04-117446-index.htm",
    "finalLink": "https://www.sec.gov/Archives/edgar/data/895421/000119312504117446/d10q.htm"
  },
  {
    "date": "2004-02-29",
    "symbol": "MS",
    "reportedCurrency": "USD",
    "cik": "0000895421",
    "fillingDate": "2004-04-08",
    "acceptedDate": "2004-04-08 12:10:59",
    "calendarYear": "2004",
    "period": "Q1",
    "revenue": 6410000000,
    "costOfRevenue": 0,
    "grossProfit": 6410000000,
    "grossProfitRatio": 1,
    "researchAndDevelopmentExpenses": 0,
    "generalAndAdministrativeExpenses": 2712000000,
    "sellingAndMarketingExpenses": 254000000,
    "sellingGeneralAndAdministrativeExpenses": 2966000000,
    "otherExpenses": 3444000000,
    "operatingExpenses": 6410000000,
    "costAndExpenses": 6410000000,
    "interestIncome": 3782000000,
    "interestExpense": 2972000000,
    "depreciationAndAmortization": 167000000,
    "ebitda": 0,
    "ebitdaratio": 0,
    "operatingIncome": 0,
    "operatingIncomeRatio": 0,
    "totalOtherIncomeExpensesNet": 1775000000,
    "incomeBeforeTax": 1775000000,
    "incomeBeforeTaxRatio": 0.2769110764,
    "incomeTaxExpense": 551000000,
    "netIncome": 1226000000,
    "netIncomeRatio": 0.1912636505,
    "eps": 1.14,
    "epsdiluted": 1.11,
    "weightedAverageShsOut": 1078718000,
    "weightedAverageShsOutDil": 1106001000,
    "link": "https://www.sec.gov/Archives/edgar/data/895421/000119312504059093/0001193125-04-059093-index.htm",
    "finalLink": "https://www.sec.gov/Archives/edgar/data/895421/000119312504059093/d10q.htm"
  },
  {
    "date": "2003-11-30",
    "symbol": "MS",
    "reportedCurrency": "USD",
    "cik": "0000895421",
    "fillingDate": "2004-02-25",
    "acceptedDate": "2004-02-25 09:40:46",
    "calendarYear": "2003",
    "period": "Q4",
    "revenue": 5399000000,
    "costOfRevenue": 0,
    "grossProfit": 5399000000,
    "grossProfitRatio": 1,
    "researchAndDevelopmentExpenses": 0,
    "generalAndAdministrativeExpenses": 1782000000,
    "sellingAndMarketingExpenses": 242000000,
    "sellingGeneralAndAdministrativeExpenses": 2038000000,
    "otherExpenses": 3361000000,
    "operatingExpenses": 5399000000,
    "costAndExpenses": 5399000000,
    "interestIncome": 4729000000,
    "interestExpense": 3693000000,
    "depreciationAndAmortization": 0,
    "ebitda": 0,
    "ebitdaratio": 0,
    "operatingIncome": 0,
    "operatingIncomeRatio": 0,
    "totalOtherIncomeExpensesNet": 1225000000,
    "incomeBeforeTax": 1225000000,
    "incomeBeforeTaxRatio": 0.2268938692,
    "incomeTaxExpense": 211000000,
    "netIncome": 1014000000,
    "netIncomeRatio": 0.1878125579,
    "eps": 0.94,
    "epsdiluted": 0.94,
    "weightedAverageShsOut": 1075598000,
    "weightedAverageShsOutDil": 1078718000,
    "link": "https://www.sec.gov/Archives/edgar/data/895421/000119312504029127/0001193125-04-029127-index.htm",
    "finalLink": "https://www.sec.gov/Archives/edgar/data/895421/000119312504029127/d10k.htm"
  },
  {
    "date": "2003-08-31",
    "symbol": "MS",
    "reportedCurrency": "USD",
    "cik": "0000895421",
    "fillingDate": "2003-10-14",
    "acceptedDate": "2003-10-14 15:29:59",
    "calendarYear": "2003",
    "period": "Q3",
    "revenue": 5454000000,
    "costOfRevenue": 0,
    "grossProfit": 5454000000,
    "grossProfitRatio": 1,
    "researchAndDevelopmentExpenses": 0,
    "generalAndAdministrativeExpenses": 2287000000,
    "sellingAndMarketingExpenses": 197000000,
    "sellingGeneralAndAdministrativeExpenses": 2484000000,
    "otherExpenses": 2970000000,
    "operatingExpenses": 5454000000,
    "costAndExpenses": 5454000000,
    "interestIncome": 3821000000,
    "interestExpense": 3367000000,
    "depreciationAndAmortization": 0,
    "ebitda": 0,
    "ebitdaratio": 0,
    "operatingIncome": 0,
    "operatingIncomeRatio": 0,
    "totalOtherIncomeExpensesNet": 1376000000,
    "incomeBeforeTax": 1376000000,
    "incomeBeforeTaxRatio": 0.2522918959,
    "incomeTaxExpense": 342000000,
    "netIncome": 1035000000,
    "netIncomeRatio": 0.1897689769,
    "eps": 0.96,
    "epsdiluted": 0.94,
    "weightedAverageShsOut": 1077681000,
    "weightedAverageShsOutDil": 1100593000,
    "link": "https://www.sec.gov/Archives/edgar/data/895421/000119312503061188/0001193125-03-061188-index.htm",
    "finalLink": "https://www.sec.gov/Archives/edgar/data/895421/000119312503061188/d10q.htm"
  },
  {
    "date": "2003-05-31",
    "symbol": "MS",
    "reportedCurrency": "USD",
    "cik": "0000895421",
    "fillingDate": "2003-07-11",
    "acceptedDate": "2003-07-11 12:56:05",
    "calendarYear": "2003",
    "period": "Q2",
    "revenue": 5358000000,
    "costOfRevenue": 0,
    "grossProfit": 5358000000,
    "grossProfitRatio": 1,
    "researchAndDevelopmentExpenses": 0,
    "generalAndAdministrativeExpenses": 2272000000,
    "sellingAndMarketingExpenses": 257000000,
    "sellingGeneralAndAdministrativeExpenses": 2529000000,
    "otherExpenses": 2829000000,
    "operatingExpenses": 5358000000,
    "costAndExpenses": 5358000000,
    "interestIncome": 3692000000,
    "interestExpense": 3060000000,
    "depreciationAndAmortization": 0,
    "ebitda": 0,
    "ebitdaratio": 0,
    "operatingIncome": 0,
    "operatingIncomeRatio": 0,
    "totalOtherIncomeExpensesNet": 875000000,
    "incomeBeforeTax": 875000000,
    "incomeBeforeTaxRatio": 0.1633072042,
    "incomeTaxExpense": 276000000,
    "netIncome": 599000000,
    "netIncomeRatio": 0.1117954461,
    "eps": 0.56,
    "epsdiluted": 0.55,
    "weightedAverageShsOut": 1077386000,
    "weightedAverageShsOutDil": 1097478000,
    "link": "https://www.sec.gov/Archives/edgar/data/895421/000119312503018623/0001193125-03-018623-index.htm",
    "finalLink": "https://www.sec.gov/Archives/edgar/data/895421/000119312503018623/d10q.htm"
  },
  {
    "date": "2003-02-28",
    "symbol": "MS",
    "reportedCurrency": "USD",
    "cik": "0000895421",
    "fillingDate": "2003-04-11",
    "acceptedDate": "2003-04-11 16:07:37",
    "calendarYear": "2003",
    "period": "Q1",
    "revenue": 5814000000,
    "costOfRevenue": 0,
    "grossProfit": 5814000000,
    "grossProfitRatio": 1,
    "researchAndDevelopmentExpenses": 0,
    "generalAndAdministrativeExpenses": 2548000000,
    "sellingAndMarketingExpenses": 269000000,
    "sellingGeneralAndAdministrativeExpenses": 2817000000,
    "otherExpenses": 2997000000,
    "operatingExpenses": 5814000000,
    "costAndExpenses": 5814000000,
    "interestIncome": 3789000000,
    "interestExpense": 2688000000,
    "depreciationAndAmortization": 0,
    "ebitda": 0,
    "ebitdaratio": 0,
    "operatingIncome": 0,
    "operatingIncomeRatio": 0,
    "totalOtherIncomeExpensesNet": 1404000000,
    "incomeBeforeTax": 1404000000,
    "incomeBeforeTaxRatio": 0.2414860681,
    "incomeTaxExpense": 499000000,
    "netIncome": 905000000,
    "netIncomeRatio": 0.1556587547,
    "eps": 0.84,
    "epsdiluted": 0.82,
    "weightedAverageShsOut": 1079052000,
    "weightedAverageShsOutDil": 1099724000,
    "link": "https://www.sec.gov/Archives/edgar/data/895421/000095013003003186/0000950130-03-003186-index.htm",
    "finalLink": "https://www.sec.gov/Archives/edgar/data/895421/000095013003003186/d10q.htm"
  },
  {
    "date": "2002-11-30",
    "symbol": "MS",
    "reportedCurrency": "USD",
    "cik": "0000895421",
    "fillingDate": "2003-02-19",
    "acceptedDate": "2003-02-19 14:25:54",
    "calendarYear": "2002",
    "period": "Q4",
    "revenue": 4568000000,
    "costOfRevenue": 0,
    "grossProfit": 4568000000,
    "grossProfitRatio": 1,
    "researchAndDevelopmentExpenses": 0,
    "generalAndAdministrativeExpenses": 1147000000,
    "sellingAndMarketingExpenses": -801000000,
    "sellingGeneralAndAdministrativeExpenses": 1476000000,
    "otherExpenses": 3092000000,
    "operatingExpenses": 4568000000,
    "costAndExpenses": 4568000000,
    "interestIncome": 3787000000,
    "interestExpense": 3002000000,
    "depreciationAndAmortization": 0,
    "ebitda": 0,
    "ebitdaratio": 0,
    "operatingIncome": 0,
    "operatingIncomeRatio": 0,
    "totalOtherIncomeExpensesNet": 1135000000,
    "incomeBeforeTax": 1135000000,
    "incomeBeforeTaxRatio": 0.2484676007,
    "incomeTaxExpense": 403000000,
    "netIncome": 732000000,
    "netIncomeRatio": 0.1602451839,
    "eps": 0.68,
    "epsdiluted": 0.68,
    "weightedAverageShsOut": 1079052000,
    "weightedAverageShsOutDil": 1079052000,
    "link": "https://www.sec.gov/Archives/edgar/data/895421/000095013003001275/0000950130-03-001275-index.htm",
    "finalLink": "https://www.sec.gov/Archives/edgar/data/895421/000095013003001275/d10k.htm"
  },
  {
    "date": "2002-08-31",
    "symbol": "MS",
    "reportedCurrency": "USD",
    "cik": "0000895421",
    "fillingDate": "2002-10-15",
    "acceptedDate": "2002-10-15 15:01:18",
    "calendarYear": "2002",
    "period": "Q3",
    "revenue": 4968000000,
    "costOfRevenue": 0,
    "grossProfit": 4968000000,
    "grossProfitRatio": 1,
    "researchAndDevelopmentExpenses": 0,
    "generalAndAdministrativeExpenses": 2061000000,
    "sellingAndMarketingExpenses": 291000000,
    "sellingGeneralAndAdministrativeExpenses": 2352000000,
    "otherExpenses": 2616000000,
    "operatingExpenses": 4968000000,
    "costAndExpenses": 4968000000,
    "interestIncome": 4373000000,
    "interestExpense": 3188000000,
    "depreciationAndAmortization": 0,
    "ebitda": 0,
    "ebitdaratio": 0,
    "operatingIncome": 0,
    "operatingIncomeRatio": 0,
    "totalOtherIncomeExpensesNet": 948000000,
    "incomeBeforeTax": 948000000,
    "incomeBeforeTaxRatio": 0.190821256,
    "incomeTaxExpense": 337000000,
    "netIncome": 611000000,
    "netIncomeRatio": 0.1229871176,
    "eps": 0.57,
    "epsdiluted": 0.55,
    "weightedAverageShsOut": 1081709000,
    "weightedAverageShsOutDil": 1105495000,
    "link": "https://www.sec.gov/Archives/edgar/data/895421/000095013002007055/0000950130-02-007055-index.htm",
    "finalLink": "https://www.sec.gov/Archives/edgar/data/895421/000095013002007055/d10q.txt"
  },
  {
    "date": "2002-05-31",
    "symbol": "MS",
    "reportedCurrency": "USD",
    "cik": "0000895421",
    "fillingDate": "2002-07-11",
    "acceptedDate": "2002-07-11 14:14:38",
    "calendarYear": "2002",
    "period": "Q2",
    "revenue": 5312000000,
    "costOfRevenue": 0,
    "grossProfit": 5312000000,
    "grossProfitRatio": 1,
    "researchAndDevelopmentExpenses": 0,
    "generalAndAdministrativeExpenses": 2236000000,
    "sellingAndMarketingExpenses": 259000000,
    "sellingGeneralAndAdministrativeExpenses": 2495000000,
    "otherExpenses": 2817000000,
    "operatingExpenses": 5312000000,
    "costAndExpenses": 5312000000,
    "interestIncome": 3877000000,
    "interestExpense": 2844000000,
    "depreciationAndAmortization": 0,
    "ebitda": 0,
    "ebitdaratio": 0,
    "operatingIncome": 0,
    "operatingIncomeRatio": 0,
    "totalOtherIncomeExpensesNet": 1225000000,
    "incomeBeforeTax": 1225000000,
    "incomeBeforeTaxRatio": 0.2306099398,
    "incomeTaxExpense": 428000000,
    "netIncome": 797000000,
    "netIncomeRatio": 0.1500376506,
    "eps": 0.73,
    "epsdiluted": 0.72,
    "weightedAverageShsOut": 1084993000,
    "weightedAverageShsOutDil": 1113949000,
    "link": "https://www.sec.gov/Archives/edgar/data/895421/000095013002004963/0000950130-02-004963-index.htm",
    "finalLink": "https://www.sec.gov/Archives/edgar/data/895421/000095013002004963/d10q.txt"
  },
  {
    "date": "2002-02-28",
    "symbol": "MS",
    "reportedCurrency": "USD",
    "cik": "0000895421",
    "fillingDate": "2002-04-15",
    "acceptedDate": "2002-04-15 00:00:00",
    "calendarYear": "2002",
    "period": "Q1",
    "revenue": 5610000000,
    "costOfRevenue": 0,
    "grossProfit": 5610000000,
    "grossProfitRatio": 1,
    "researchAndDevelopmentExpenses": 0,
    "generalAndAdministrativeExpenses": 2489000000,
    "sellingAndMarketingExpenses": 254000000,
    "sellingGeneralAndAdministrativeExpenses": 2743000000,
    "otherExpenses": 2867000000,
    "operatingExpenses": 5610000000,
    "costAndExpenses": 5610000000,
    "interestIncome": 3836000000,
    "interestExpense": 2936000000,
    "depreciationAndAmortization": 0,
    "ebitda": 0,
    "ebitdaratio": 0,
    "operatingIncome": 0,
    "operatingIncomeRatio": 0,
    "totalOtherIncomeExpensesNet": 1325000000,
    "incomeBeforeTax": 1325000000,
    "incomeBeforeTaxRatio": 0.2361853832,
    "incomeTaxExpense": 477000000,
    "netIncome": 848000000,
    "netIncomeRatio": 0.1511586453,
    "eps": 0.78,
    "epsdiluted": 0.76,
    "weightedAverageShsOut": 1082380000,
    "weightedAverageShsOutDil": 1112959000,
    "link": "https://www.sec.gov/Archives/edgar/data/895421/000095013002002608/0000950130-02-002608-index.htm",
    "finalLink": "https://www.sec.gov/Archives/edgar/data/895421/000095013002002608/d10q.txt"
  },
  {
    "date": "2001-11-30",
    "symbol": "MS",
    "reportedCurrency": "USD",
    "cik": "0000895421",
    "fillingDate": "2001-11-30",
    "acceptedDate": "2001-11-30 00:00:00",
    "calendarYear": "2001",
    "period": "Q4",
    "revenue": 4523000000,
    "costOfRevenue": 0,
    "grossProfit": 4523000000,
    "grossProfitRatio": 1,
    "researchAndDevelopmentExpenses": 0,
    "generalAndAdministrativeExpenses": 1424000000,
    "sellingAndMarketingExpenses": -104000000,
    "sellingGeneralAndAdministrativeExpenses": 1320000000,
    "otherExpenses": 3203000000,
    "operatingExpenses": 4523000000,
    "costAndExpenses": 4523000000,
    "interestIncome": 4116000000,
    "interestExpense": 3304000000,
    "depreciationAndAmortization": 0,
    "ebitda": 0,
    "ebitdaratio": 0,
    "operatingIncome": 0,
    "operatingIncomeRatio": 0,
    "totalOtherIncomeExpensesNet": 1368000000,
    "incomeBeforeTax": 1368000000,
    "incomeBeforeTaxRatio": 0.3024541234,
    "incomeTaxExpense": 498000000,
    "netIncome": 870000000,
    "netIncomeRatio": 0.19235021,
    "eps": 0.8,
    "epsdiluted": 0.8,
    "weightedAverageShsOut": 1077432000,
    "weightedAverageShsOutDil": 1082380000,
    "link": null,
    "finalLink": null
  },
  {
    "date": "2001-08-31",
    "symbol": "MS",
    "reportedCurrency": "USD",
    "cik": "0000895421",
    "fillingDate": "2001-10-15",
    "acceptedDate": "2001-10-15 00:00:00",
    "calendarYear": "2001",
    "period": "Q3",
    "revenue": 5449000000,
    "costOfRevenue": 0,
    "grossProfit": 5449000000,
    "grossProfitRatio": 1,
    "researchAndDevelopmentExpenses": 0,
    "generalAndAdministrativeExpenses": 2376000000,
    "sellingAndMarketingExpenses": 280000000,
    "sellingGeneralAndAdministrativeExpenses": 2656000000,
    "otherExpenses": 2793000000,
    "operatingExpenses": 5449000000,
    "costAndExpenses": 5449000000,
    "interestIncome": 5825000000,
    "interestExpense": 4883000000,
    "depreciationAndAmortization": 0,
    "ebitda": 0,
    "ebitdaratio": 0,
    "operatingIncome": 0,
    "operatingIncomeRatio": 0,
    "totalOtherIncomeExpensesNet": 1158000000,
    "incomeBeforeTax": 1158000000,
    "incomeBeforeTaxRatio": 0.212516058,
    "incomeTaxExpense": 423000000,
    "netIncome": 705000000,
    "netIncomeRatio": 0.1293815379,
    "eps": 0.64,
    "epsdiluted": 0.62,
    "weightedAverageShsOut": 1085447000,
    "weightedAverageShsOutDil": 1119301000,
    "link": "https://www.sec.gov/Archives/edgar/data/895421/000095013001504679/0000950130-01-504679-index.htm",
    "finalLink": "https://www.sec.gov/Archives/edgar/data/895421/000095013001504679/d10q.txt"
  },
  {
    "date": "2001-05-31",
    "symbol": "MS",
    "reportedCurrency": "USD",
    "cik": "0000895421",
    "fillingDate": "2001-07-13",
    "acceptedDate": "2001-07-13 00:00:00",
    "calendarYear": "2001",
    "period": "Q2",
    "revenue": 6199000000,
    "costOfRevenue": 0,
    "grossProfit": 6199000000,
    "grossProfitRatio": 1,
    "researchAndDevelopmentExpenses": 0,
    "generalAndAdministrativeExpenses": 2732000000,
    "sellingAndMarketingExpenses": 331000000,
    "sellingGeneralAndAdministrativeExpenses": 3063000000,
    "otherExpenses": 3136000000,
    "operatingExpenses": 6199000000,
    "costAndExpenses": 6199000000,
    "interestIncome": 6950000000,
    "interestExpense": 6406000000,
    "depreciationAndAmortization": 0,
    "ebitda": 0,
    "ebitdaratio": 0,
    "operatingIncome": 0,
    "operatingIncomeRatio": 0,
    "totalOtherIncomeExpensesNet": 1465000000,
    "incomeBeforeTax": 1465000000,
    "incomeBeforeTaxRatio": 0.2363284401,
    "incomeTaxExpense": 535000000,
    "netIncome": 930000000,
    "netIncomeRatio": 0.1500241975,
    "eps": 0.85,
    "epsdiluted": 0.82,
    "weightedAverageShsOut": 1085306000,
    "weightedAverageShsOutDil": 1120687000,
    "link": "https://www.sec.gov/Archives/edgar/data/895421/000095013001503024/0000950130-01-503024-index.htm",
    "finalLink": "https://www.sec.gov/Archives/edgar/data/895421/000095013001503024/d10q.txt"
  },
  {
    "date": "2001-02-28",
    "symbol": "MS",
    "reportedCurrency": "USD",
    "cik": "0000895421",
    "fillingDate": "2001-04-16",
    "acceptedDate": "2001-04-16 00:00:00",
    "calendarYear": "2001",
    "period": "Q1",
    "revenue": 6509000000,
    "costOfRevenue": 0,
    "grossProfit": 6509000000,
    "grossProfitRatio": 1,
    "researchAndDevelopmentExpenses": 0,
    "generalAndAdministrativeExpenses": 2839000000,
    "sellingAndMarketingExpenses": 366000000,
    "sellingGeneralAndAdministrativeExpenses": 3205000000,
    "otherExpenses": 3304000000,
    "operatingExpenses": 6509000000,
    "costAndExpenses": 6509000000,
    "interestIncome": 7236000000,
    "interestExpense": 6172000000,
    "depreciationAndAmortization": 0,
    "ebitda": 0,
    "ebitdaratio": 0,
    "operatingIncome": 0,
    "operatingIncomeRatio": 0,
    "totalOtherIncomeExpensesNet": 1693000000,
    "incomeBeforeTax": 1693000000,
    "incomeBeforeTaxRatio": 0.2601013981,
    "incomeTaxExpense": 618000000,
    "netIncome": 1016000000,
    "netIncomeRatio": 0.1560915655,
    "eps": 0.93,
    "epsdiluted": 0.89,
    "weightedAverageShsOut": 1089270000,
    "weightedAverageShsOutDil": 1134150000,
    "link": "https://www.sec.gov/Archives/edgar/data/895421/000095013001500697/0000950130-01-500697-index.htm",
    "finalLink": "https://www.sec.gov/Archives/edgar/data/895421/000095013001500697/d10q.txt"
  },
  {
    "date": "2000-11-30",
    "symbol": "MS",
    "reportedCurrency": "USD",
    "cik": "0000895421",
    "fillingDate": "2001-02-16",
    "acceptedDate": "2001-02-16 00:00:00",
    "calendarYear": "2000",
    "period": "Q4",
    "revenue": 5862000000,
    "costOfRevenue": 0,
    "grossProfit": 5862000000,
    "grossProfitRatio": 1,
    "researchAndDevelopmentExpenses": 0,
    "generalAndAdministrativeExpenses": 1775000000,
    "sellingAndMarketingExpenses": 578000000,
    "sellingGeneralAndAdministrativeExpenses": 2353000000,
    "otherExpenses": 3509000000,
    "operatingExpenses": 5862000000,
    "costAndExpenses": 5862000000,
    "interestIncome": 5465000000,
    "interestExpense": 4582000000,
    "depreciationAndAmortization": 0,
    "ebitda": 0,
    "ebitdaratio": 0,
    "operatingIncome": 0,
    "operatingIncomeRatio": 0,
    "totalOtherIncomeExpensesNet": 1889000000,
    "incomeBeforeTax": 1889000000,
    "incomeBeforeTaxRatio": 0.3222449676,
    "incomeTaxExpense": 681000000,
    "netIncome": 1208000000,
    "netIncomeRatio": 0.2060730126,
    "eps": 1.11,
    "epsdiluted": 1.11,
    "weightedAverageShsOut": 1089270000,
    "weightedAverageShsOutDil": 1089270000,
    "link": "https://www.sec.gov/Archives/edgar/data/895421/000095013001500161/0000950130-01-500161-index.htm",
    "finalLink": "https://www.sec.gov/Archives/edgar/data/895421/000095013001500161/dex31.txt"
  },
  {
    "date": "2000-08-31",
    "symbol": "MS",
    "reportedCurrency": "USD",
    "cik": "0000895421",
    "fillingDate": "2000-10-16",
    "acceptedDate": "2000-10-16 00:00:00",
    "calendarYear": "2000",
    "period": "Q3",
    "revenue": 6504000000,
    "costOfRevenue": 0,
    "grossProfit": 6504000000,
    "grossProfitRatio": 1,
    "researchAndDevelopmentExpenses": 0,
    "generalAndAdministrativeExpenses": 2656000000,
    "sellingAndMarketingExpenses": 507000000,
    "sellingGeneralAndAdministrativeExpenses": 3163000000,
    "otherExpenses": 3341000000,
    "operatingExpenses": 6504000000,
    "costAndExpenses": 6504000000,
    "interestIncome": 5897000000,
    "interestExpense": 5242000000,
    "depreciationAndAmortization": 0,
    "ebitda": 0,
    "ebitdaratio": 0,
    "operatingIncome": 0,
    "operatingIncomeRatio": 0,
    "totalOtherIncomeExpensesNet": 1910000000,
    "incomeBeforeTax": 1910000000,
    "incomeBeforeTaxRatio": 0.2936654367,
    "incomeTaxExpense": 664000000,
    "netIncome": 1246000000,
    "netIncomeRatio": 0.1915744157,
    "eps": 1.14,
    "epsdiluted": 1.09,
    "weightedAverageShsOut": 1098245000,
    "weightedAverageShsOutDil": 1145401000,
    "link": "https://www.sec.gov/Archives/edgar/data/895421/000095013000005497/0000950130-00-005497-index.htm",
    "finalLink": "https://www.sec.gov/Archives/edgar/data/895421/000095013000005497/0000950130-00-005497-0001.txt"
  },
  {
    "date": "2000-05-31",
    "symbol": "MS",
    "reportedCurrency": "USD",
    "cik": "0000895421",
    "fillingDate": "2000-07-14",
    "acceptedDate": "2000-07-14 00:00:00",
    "calendarYear": "2000",
    "period": "Q2",
    "revenue": 7272000000,
    "costOfRevenue": 0,
    "grossProfit": 7272000000,
    "grossProfitRatio": 1,
    "researchAndDevelopmentExpenses": 0,
    "generalAndAdministrativeExpenses": 3097000000,
    "sellingAndMarketingExpenses": 502000000,
    "sellingGeneralAndAdministrativeExpenses": 3599000000,
    "otherExpenses": 3673000000,
    "operatingExpenses": 7272000000,
    "costAndExpenses": 7272000000,
    "interestIncome": 5123000000,
    "interestExpense": 4420000000,
    "depreciationAndAmortization": 0,
    "ebitda": 0,
    "ebitdaratio": 0,
    "operatingIncome": 0,
    "operatingIncomeRatio": 0,
    "totalOtherIncomeExpensesNet": 2295000000,
    "incomeBeforeTax": 2295000000,
    "incomeBeforeTaxRatio": 0.3155940594,
    "incomeTaxExpense": 837000000,
    "netIncome": 1458000000,
    "netIncomeRatio": 0.2004950495,
    "eps": 1.32,
    "epsdiluted": 1.26,
    "weightedAverageShsOut": 1098245000,
    "weightedAverageShsOutDil": 1145401000,
    "link": "https://www.sec.gov/Archives/edgar/data/895421/000095013000003878/0000950130-00-003878-index.htm",
    "finalLink": "https://www.sec.gov/Archives/edgar/data/895421/000095013000003878/0000950130-00-003878-0001.txt"
  },
  {
    "date": "2000-02-29",
    "symbol": "MS",
    "reportedCurrency": "USD",
    "cik": "0000895421",
    "fillingDate": "2000-04-13",
    "acceptedDate": "2000-04-13 00:00:00",
    "calendarYear": "2000",
    "period": "Q1",
    "revenue": 7634000000,
    "costOfRevenue": 0,
    "grossProfit": 7634000000,
    "grossProfitRatio": 1,
    "researchAndDevelopmentExpenses": 0,
    "generalAndAdministrativeExpenses": 3408000000,
    "sellingAndMarketingExpenses": 471000000,
    "sellingGeneralAndAdministrativeExpenses": 3879000000,
    "otherExpenses": 3755000000,
    "operatingExpenses": 7634000000,
    "costAndExpenses": 7634000000,
    "interestIncome": 4797000000,
    "interestExpense": 3980000000,
    "depreciationAndAmortization": 0,
    "ebitda": 0,
    "ebitdaratio": 0,
    "operatingIncome": 0,
    "operatingIncomeRatio": 0,
    "totalOtherIncomeExpensesNet": 2432000000,
    "incomeBeforeTax": 2432000000,
    "incomeBeforeTaxRatio": 0.318574797,
    "incomeTaxExpense": 888000000,
    "netIncome": 1544000000,
    "netIncomeRatio": 0.2022530783,
    "eps": 1.4,
    "epsdiluted": 1.34,
    "weightedAverageShsOut": 1096429000,
    "weightedAverageShsOutDil": 1145522000,
    "link": "https://www.sec.gov/Archives/edgar/data/895421/0000950130-00-002077-index.html",
    "finalLink": "https://www.sec.gov/Archives/edgar/data/895421/000095013000002077/0000950130-00-002077.txt"
  },
  {
    "date": "1999-11-30",
    "symbol": "MS",
    "reportedCurrency": "USD",
    "cik": "0000895421",
    "fillingDate": "2000-02-25",
    "acceptedDate": "2000-02-25 00:00:00",
    "calendarYear": "1999",
    "period": "Q4",
    "revenue": 5778000000,
    "costOfRevenue": 0,
    "grossProfit": 5778000000,
    "grossProfitRatio": 1,
    "researchAndDevelopmentExpenses": 0,
    "generalAndAdministrativeExpenses": 1320000000,
    "sellingAndMarketingExpenses": 495000000,
    "sellingGeneralAndAdministrativeExpenses": 1815000000,
    "otherExpenses": 3963000000,
    "operatingExpenses": 5778000000,
    "costAndExpenses": 5778000000,
    "interestIncome": 1625000000,
    "interestExpense": 989000000,
    "depreciationAndAmortization": 0,
    "ebitda": 0,
    "ebitdaratio": 0,
    "operatingIncome": 0,
    "operatingIncomeRatio": 0,
    "totalOtherIncomeExpensesNet": 2635000000,
    "incomeBeforeTax": 2635000000,
    "incomeBeforeTaxRatio": 0.4560401523,
    "incomeTaxExpense": 1002000000,
    "netIncome": 1633000000,
    "netIncomeRatio": 0.2826237452,
    "eps": 1.49,
    "epsdiluted": 1.49,
    "weightedAverageShsOut": 1066981000,
    "weightedAverageShsOutDil": 1096429000,
    "link": "https://www.sec.gov/Archives/edgar/data/895421/000095013000000882/0000950130-00-000882-index.htm",
    "finalLink": "https://www.sec.gov/Archives/edgar/data/895421/000095013000000882/"
  },
  {
    "date": "1999-08-31",
    "symbol": "MS",
    "reportedCurrency": "USD",
    "cik": "0000895421",
    "fillingDate": "1999-10-15",
    "acceptedDate": "1999-10-15 00:00:00",
    "calendarYear": "1999",
    "period": "Q3",
    "revenue": 5442000000,
    "costOfRevenue": 0,
    "grossProfit": 5442000000,
    "grossProfitRatio": 1,
    "researchAndDevelopmentExpenses": 0,
    "generalAndAdministrativeExpenses": 2302000000,
    "sellingAndMarketingExpenses": 408000000,
    "sellingGeneralAndAdministrativeExpenses": 2710000000,
    "otherExpenses": 2732000000,
    "operatingExpenses": 5442000000,
    "costAndExpenses": 5442000000,
    "interestIncome": 3899000000,
    "interestExpense": 3184000000,
    "depreciationAndAmortization": 0,
    "ebitda": 0,
    "ebitdaratio": 0,
    "operatingIncome": 0,
    "operatingIncomeRatio": 0,
    "totalOtherIncomeExpensesNet": 1563000000,
    "incomeBeforeTax": 1563000000,
    "incomeBeforeTaxRatio": 0.2872105843,
    "incomeTaxExpense": 593000000,
    "netIncome": 970000000,
    "netIncomeRatio": 0.1782432929,
    "eps": 0.87,
    "epsdiluted": 0.83,
    "weightedAverageShsOut": 1102299000,
    "weightedAverageShsOutDil": 1155422000,
    "link": "https://www.sec.gov/Archives/edgar/data/895421/000095013099005780/0000950130-99-005780-index.htm",
    "finalLink": "https://www.sec.gov/Archives/edgar/data/895421/000095013099005780/0000950130-99-005780.txt"
  },
  {
    "date": "1999-05-31",
    "symbol": "MS",
    "reportedCurrency": "USD",
    "cik": "0000895421",
    "fillingDate": "1999-07-14",
    "acceptedDate": "1999-07-14 00:00:00",
    "calendarYear": "1999",
    "period": "Q2",
    "revenue": 5764000000,
    "costOfRevenue": 0,
    "grossProfit": 5764000000,
    "grossProfitRatio": 1,
    "researchAndDevelopmentExpenses": 0,
    "generalAndAdministrativeExpenses": 2413000000,
    "sellingAndMarketingExpenses": 381000000,
    "sellingGeneralAndAdministrativeExpenses": 2794000000,
    "otherExpenses": 2970000000,
    "operatingExpenses": 5764000000,
    "costAndExpenses": 5764000000,
    "interestIncome": 3426000000,
    "interestExpense": 3015000000,
    "depreciationAndAmortization": 0,
    "ebitda": 0,
    "ebitdaratio": 0,
    "operatingIncome": 0,
    "operatingIncomeRatio": 0,
    "totalOtherIncomeExpensesNet": 1858000000,
    "incomeBeforeTax": 1858000000,
    "incomeBeforeTaxRatio": 0.3223455933,
    "incomeTaxExpense": 707000000,
    "netIncome": 1151000000,
    "netIncomeRatio": 0.1996877169,
    "eps": 1.03,
    "epsdiluted": 0.98,
    "weightedAverageShsOut": 1107767000,
    "weightedAverageShsOutDil": 1164286000,
    "link": "https://www.sec.gov/Archives/edgar/data/895421/000095013099004023/0000950130-99-004023-index.htm",
    "finalLink": "https://www.sec.gov/Archives/edgar/data/895421/000095013099004023/0000950130-99-004023.txt"
  },
  {
    "date": "1999-02-28",
    "symbol": "MS",
    "reportedCurrency": "USD",
    "cik": "0000895421",
    "fillingDate": "1999-04-14",
    "acceptedDate": "1999-04-14 00:00:00",
    "calendarYear": "1999",
    "period": "Q1",
    "revenue": 5516000000,
    "costOfRevenue": 0,
    "grossProfit": 5516000000,
    "grossProfitRatio": 1,
    "researchAndDevelopmentExpenses": 0,
    "generalAndAdministrativeExpenses": 2363000000,
    "sellingAndMarketingExpenses": 395000000,
    "sellingGeneralAndAdministrativeExpenses": 2758000000,
    "otherExpenses": 2758000000,
    "operatingExpenses": 5516000000,
    "costAndExpenses": 5516000000,
    "interestIncome": 3763000000,
    "interestExpense": 3160000000,
    "depreciationAndAmortization": 0,
    "ebitda": 0,
    "ebitdaratio": 0,
    "operatingIncome": 0,
    "operatingIncomeRatio": 0,
    "totalOtherIncomeExpensesNet": 1672000000,
    "incomeBeforeTax": 1672000000,
    "incomeBeforeTaxRatio": 0.3031182016,
    "incomeTaxExpense": 635000000,
    "netIncome": 1037000000,
    "netIncomeRatio": 0.1879985497,
    "eps": 0.93,
    "epsdiluted": 0.88,
    "weightedAverageShsOut": 1103226000,
    "weightedAverageShsOutDil": 1165909000,
    "link": "https://www.sec.gov/Archives/edgar/data/895421/000095013099002184/0000950130-99-002184-index.htm",
    "finalLink": "https://www.sec.gov/Archives/edgar/data/895421/0000950130-99-002184.txt"
  },
  {
    "date": "1998-11-30",
    "symbol": "MS",
    "reportedCurrency": "USD",
    "cik": "0000895421",
    "fillingDate": "1999-02-23",
    "acceptedDate": "1999-02-23 00:00:00",
    "calendarYear": "1998",
    "period": "Q4",
    "revenue": 4182000000,
    "costOfRevenue": 0,
    "grossProfit": 4182000000,
    "grossProfitRatio": 1,
    "researchAndDevelopmentExpenses": 0,
    "generalAndAdministrativeExpenses": 1222000000,
    "sellingAndMarketingExpenses": 477000000,
    "sellingGeneralAndAdministrativeExpenses": 1699000000,
    "otherExpenses": 2483000000,
    "operatingExpenses": 4182000000,
    "costAndExpenses": 4182000000,
    "interestIncome": 4007000000,
    "interestExpense": 3438000000,
    "depreciationAndAmortization": 0,
    "ebitda": 0,
    "ebitdaratio": 0,
    "operatingIncome": 0,
    "operatingIncomeRatio": 0,
    "totalOtherIncomeExpensesNet": 1908000000,
    "incomeBeforeTax": 1908000000,
    "incomeBeforeTaxRatio": 0.456241033,
    "incomeTaxExpense": 705000000,
    "netIncome": 1086000000,
    "netIncomeRatio": 0.2596843615,
    "eps": 0.98,
    "epsdiluted": 0.98,
    "weightedAverageShsOut": 1103226000,
    "weightedAverageShsOutDil": 1103226000,
    "link": "https://www.sec.gov/Archives/edgar/data/895421/000095013099000948/0000950130-99-000948-index.htm",
    "finalLink": "https://www.sec.gov/Archives/edgar/data/895421/000095013099000948/"
  },
  {
    "date": "1998-08-31",
    "symbol": "MS",
    "reportedCurrency": "USD",
    "cik": "0000895421",
    "fillingDate": "1998-10-14",
    "acceptedDate": "1998-10-14 00:00:00",
    "calendarYear": "1998",
    "period": "Q3",
    "revenue": 4121000000,
    "costOfRevenue": 0,
    "grossProfit": 4121000000,
    "grossProfitRatio": 1,
    "researchAndDevelopmentExpenses": 0,
    "generalAndAdministrativeExpenses": 1609000000,
    "sellingAndMarketingExpenses": 354000000,
    "sellingGeneralAndAdministrativeExpenses": 1963000000,
    "otherExpenses": 2158000000,
    "operatingExpenses": 4121000000,
    "costAndExpenses": 4121000000,
    "interestIncome": 4283000000,
    "interestExpense": 3377000000,
    "depreciationAndAmortization": 0,
    "ebitda": 0,
    "ebitdaratio": 0,
    "operatingIncome": 0,
    "operatingIncomeRatio": 0,
    "totalOtherIncomeExpensesNet": 910000000,
    "incomeBeforeTax": 910000000,
    "incomeBeforeTaxRatio": 0.2208201893,
    "incomeTaxExpense": 284000000,
    "netIncome": 626000000,
    "netIncomeRatio": 0.1519048775,
    "eps": 0.54,
    "epsdiluted": 0.51,
    "weightedAverageShsOut": 1133333000,
    "weightedAverageShsOutDil": 1190566000,
    "link": "https://www.sec.gov/Archives/edgar/data/895421/000095013098004978/0000950130-98-004978-index.htm",
    "finalLink": "https://www.sec.gov/Archives/edgar/data/895421/0000950130-98-004978.txt"
  },
  {
    "date": "1998-05-31",
    "symbol": "MS",
    "reportedCurrency": "USD",
    "cik": "0000895421",
    "fillingDate": "1998-07-14",
    "acceptedDate": "1998-07-14 00:00:00",
    "calendarYear": "1998",
    "period": "Q2",
    "revenue": 4874000000,
    "costOfRevenue": 0,
    "grossProfit": 4874000000,
    "grossProfitRatio": 1,
    "researchAndDevelopmentExpenses": 0,
    "generalAndAdministrativeExpenses": 2017000000,
    "sellingAndMarketingExpenses": 286000000,
    "sellingGeneralAndAdministrativeExpenses": 2303000000,
    "otherExpenses": 2571000000,
    "operatingExpenses": 4874000000,
    "costAndExpenses": 4874000000,
    "interestIncome": 4213000000,
    "interestExpense": 3554000000,
    "depreciationAndAmortization": 0,
    "ebitda": 0,
    "ebitdaratio": 0,
    "operatingIncome": 0,
    "operatingIncomeRatio": 0,
    "totalOtherIncomeExpensesNet": 1397000000,
    "incomeBeforeTax": 1397000000,
    "incomeBeforeTaxRatio": 0.286622897,
    "incomeTaxExpense": 545000000,
    "netIncome": 852000000,
    "netIncomeRatio": 0.1748050882,
    "eps": 0.72,
    "epsdiluted": 0.69,
    "weightedAverageShsOut": 1166667000,
    "weightedAverageShsOutDil": 1217391000,
    "link": "https://www.sec.gov/Archives/edgar/data/895421/000095013098003551/0000950130-98-003551-index.htm",
    "finalLink": "https://www.sec.gov/Archives/edgar/data/895421/0000950130-98-003551.txt"
  },
  {
    "date": "1998-02-28",
    "symbol": "MS",
    "reportedCurrency": "USD",
    "cik": "0000895421",
    "fillingDate": "1998-04-13",
    "acceptedDate": "1998-04-13 00:00:00",
    "calendarYear": "1998",
    "period": "Q1",
    "revenue": 4440000000,
    "costOfRevenue": 0,
    "grossProfit": 4440000000,
    "grossProfitRatio": 1,
    "researchAndDevelopmentExpenses": 0,
    "generalAndAdministrativeExpenses": 1788000000,
    "sellingAndMarketingExpenses": 294000000,
    "sellingGeneralAndAdministrativeExpenses": 2082000000,
    "otherExpenses": 2358000000,
    "operatingExpenses": 4440000000,
    "costAndExpenses": 4440000000,
    "interestIncome": 3933000000,
    "interestExpense": 3145000000,
    "depreciationAndAmortization": 0,
    "ebitda": 0,
    "ebitdaratio": 0,
    "operatingIncome": 0,
    "operatingIncomeRatio": 0,
    "totalOtherIncomeExpensesNet": 1132000000,
    "incomeBeforeTax": 1132000000,
    "incomeBeforeTaxRatio": 0.254954955,
    "incomeTaxExpense": 441000000,
    "netIncome": 574000000,
    "netIncomeRatio": 0.1292792793,
    "eps": 0.48,
    "epsdiluted": 0.45,
    "weightedAverageShsOut": 1191379000,
    "weightedAverageShsOutDil": 1256364000,
    "link": "https://www.sec.gov/Archives/edgar/data/895421/000095013098001880/0000950130-98-001880-index.htm",
    "finalLink": "https://www.sec.gov/Archives/edgar/data/895421/0000950130-98-001880.txt"
  },
  {
    "date": "1997-11-30",
    "symbol": "MS",
    "reportedCurrency": "USD",
    "cik": "0000895421",
    "fillingDate": "1998-02-20",
    "acceptedDate": "1998-02-20 00:00:00",
    "calendarYear": "1997",
    "period": "Q4",
    "revenue": 4085000000,
    "costOfRevenue": 0,
    "grossProfit": 4085000000,
    "grossProfitRatio": 1,
    "researchAndDevelopmentExpenses": 0,
    "generalAndAdministrativeExpenses": 1175000000,
    "sellingAndMarketingExpenses": 324000000,
    "sellingGeneralAndAdministrativeExpenses": 1499000000,
    "otherExpenses": 2586000000,
    "operatingExpenses": 4085000000,
    "costAndExpenses": 4085000000,
    "interestIncome": 3447000000,
    "interestExpense": 2854000000,
    "depreciationAndAmortization": 0,
    "ebitda": 0,
    "ebitdaratio": 0,
    "operatingIncome": 0,
    "operatingIncomeRatio": 0,
    "totalOtherIncomeExpensesNet": 1357000000,
    "incomeBeforeTax": 1357000000,
    "incomeBeforeTaxRatio": 0.3321909425,
    "incomeTaxExpense": 547000000,
    "netIncome": 810000000,
    "netIncomeRatio": 0.1982864137,
    "eps": 0.68,
    "epsdiluted": 0.68,
    "weightedAverageShsOut": 1154740000,
    "weightedAverageShsOutDil": 1191379000,
    "link": "https://www.sec.gov/Archives/edgar/data/895421/000095013098000803/0000950130-98-000803-index.htm",
    "finalLink": "https://www.sec.gov/Archives/edgar/data/895421/0000950130-98-000803.txt"
  },
  {
    "date": "1997-08-31",
    "symbol": "MS",
    "reportedCurrency": "USD",
    "cik": "0000895421",
    "fillingDate": "1997-10-14",
    "acceptedDate": "1997-10-14 00:00:00",
    "calendarYear": "1997",
    "period": "Q3",
    "revenue": 4492000000,
    "costOfRevenue": 0,
    "grossProfit": 4492000000,
    "grossProfitRatio": 1,
    "researchAndDevelopmentExpenses": 0,
    "generalAndAdministrativeExpenses": 1849000000,
    "sellingAndMarketingExpenses": 293000000,
    "sellingGeneralAndAdministrativeExpenses": 2142000000,
    "otherExpenses": 2350000000,
    "operatingExpenses": 4492000000,
    "costAndExpenses": 4492000000,
    "interestIncome": 3570000000,
    "interestExpense": 2765000000,
    "depreciationAndAmortization": 0,
    "ebitda": 0,
    "ebitdaratio": 0,
    "operatingIncome": 0,
    "operatingIncomeRatio": 0,
    "totalOtherIncomeExpensesNet": 1106000000,
    "incomeBeforeTax": 1106000000,
    "incomeBeforeTaxRatio": 0.2462154942,
    "incomeTaxExpense": 428000000,
    "netIncome": 678000000,
    "netIncomeRatio": 0.1509349955,
    "eps": 0.56,
    "epsdiluted": 0.55,
    "weightedAverageShsOut": 1183929000,
    "weightedAverageShsOutDil": 1205455000,
    "link": "https://www.sec.gov/Archives/edgar/data/895421/000095013097004471/0000950130-97-004471-index.htm",
    "finalLink": "https://www.sec.gov/Archives/edgar/data/895421/0000950130-97-004471.txt"
  },
  {
    "date": "1997-05-31",
    "symbol": "MS",
    "reportedCurrency": "USD",
    "cik": "0000895421",
    "fillingDate": "1997-07-15",
    "acceptedDate": "1997-07-15 00:00:00",
    "calendarYear": "1997",
    "period": "Q2",
    "revenue": 3898000000,
    "costOfRevenue": 0,
    "grossProfit": 3898000000,
    "grossProfitRatio": 1,
    "researchAndDevelopmentExpenses": 0,
    "generalAndAdministrativeExpenses": 1505000000,
    "sellingAndMarketingExpenses": 274000000,
    "sellingGeneralAndAdministrativeExpenses": 1779000000,
    "otherExpenses": 2119000000,
    "operatingExpenses": 3898000000,
    "costAndExpenses": 3898000000,
    "interestIncome": 3197000000,
    "interestExpense": 2478000000,
    "depreciationAndAmortization": 0,
    "ebitda": 0,
    "ebitdaratio": 0,
    "operatingIncome": 0,
    "operatingIncomeRatio": 0,
    "totalOtherIncomeExpensesNet": 883000000,
    "incomeBeforeTax": 883000000,
    "incomeBeforeTaxRatio": 0.2265264238,
    "incomeTaxExpense": 356000000,
    "netIncome": 527000000,
    "netIncomeRatio": 0.1351975372,
    "eps": 0.43,
    "epsdiluted": 0.42,
    "weightedAverageShsOut": 1183721000,
    "weightedAverageShsOutDil": 1211905000,
    "link": "https://www.sec.gov/Archives/edgar/data/895421/000095013097003182/0000950130-97-003182-index.htm",
    "finalLink": "https://www.sec.gov/Archives/edgar/data/895421/0000950130-97-003182.txt"
  },
  {
    "date": "1997-03-31",
    "symbol": "MS",
    "reportedCurrency": "USD",
    "cik": "0000895421",
    "fillingDate": "1997-04-30",
    "acceptedDate": "1997-04-30 00:00:00",
    "calendarYear": "1997",
    "period": "Q1",
    "revenue": 2028800000,
    "costOfRevenue": 0,
    "grossProfit": 2028800000,
    "grossProfitRatio": 1,
    "researchAndDevelopmentExpenses": 0,
    "generalAndAdministrativeExpenses": 616300000,
    "sellingAndMarketingExpenses": 186700000,
    "sellingGeneralAndAdministrativeExpenses": 803000000,
    "otherExpenses": 1225800000,
    "operatingExpenses": 2028800000,
    "costAndExpenses": 2028800000,
    "interestIncome": 986500000,
    "interestExpense": 414900000,
    "depreciationAndAmortization": 22600000,
    "ebitda": 0,
    "ebitdaratio": 0,
    "operatingIncome": 0,
    "operatingIncomeRatio": 0,
    "totalOtherIncomeExpensesNet": 454500000,
    "incomeBeforeTax": 454500000,
    "incomeBeforeTaxRatio": 0.2240240536,
    "incomeTaxExpense": 178200000,
    "netIncome": 276300000,
    "netIncomeRatio": 0.1361888801,
    "eps": 0.47,
    "epsdiluted": 0.46,
    "weightedAverageShsOut": 587872000,
    "weightedAverageShsOutDil": 600652000,
    "link": "https://www.sec.gov/Archives/edgar/data/895421/000095013097002042/0000950130-97-002042-index.htm",
    "finalLink": "https://www.sec.gov/Archives/edgar/data/895421/0000950130-97-002042.txt"
  },
  {
    "date": "1996-12-31",
    "symbol": "MS",
    "reportedCurrency": "USD",
    "cik": "0000895421",
    "fillingDate": "1997-03-31",
    "acceptedDate": "1997-03-31 00:00:00",
    "calendarYear": "1996",
    "period": "Q4",
    "revenue": 2038000000,
    "costOfRevenue": 0,
    "grossProfit": 2038000000,
    "grossProfitRatio": 1,
    "researchAndDevelopmentExpenses": 0,
    "generalAndAdministrativeExpenses": 559200000,
    "sellingAndMarketingExpenses": 253600000,
    "sellingGeneralAndAdministrativeExpenses": 812800000,
    "otherExpenses": 1225200000,
    "operatingExpenses": 2038000000,
    "costAndExpenses": 2038000000,
    "interestIncome": 968900000,
    "interestExpense": 405400000,
    "depreciationAndAmortization": 24500000,
    "ebitda": 0,
    "ebitdaratio": 0,
    "operatingIncome": 0,
    "operatingIncomeRatio": 0,
    "totalOtherIncomeExpensesNet": 363600000,
    "incomeBeforeTax": 363600000,
    "incomeBeforeTaxRatio": 0.1784102061,
    "incomeTaxExpense": 135800000,
    "netIncome": 227800000,
    "netIncomeRatio": 0.1117762512,
    "eps": 0.38,
    "epsdiluted": 0.38,
    "weightedAverageShsOut": 1228000000,
    "weightedAverageShsOutDil": 1228000000,
    "link": "https://www.sec.gov/Archives/edgar/data/895421/000095013097001437/0000950130-97-001437-index.htm",
    "finalLink": "https://www.sec.gov/Archives/edgar/data/895421/000095013097001437/"
  },
  {
    "date": "1996-09-30",
    "symbol": "MS",
    "reportedCurrency": "USD",
    "cik": "0000895421",
    "fillingDate": "1996-11-13",
    "acceptedDate": "1996-11-13 00:00:00",
    "calendarYear": "1996",
    "period": "Q3",
    "revenue": 3114000000,
    "costOfRevenue": 0,
    "grossProfit": 3114000000,
    "grossProfitRatio": 1,
    "researchAndDevelopmentExpenses": 0,
    "generalAndAdministrativeExpenses": 1170000000,
    "sellingAndMarketingExpenses": 247000000,
    "sellingGeneralAndAdministrativeExpenses": 1417000000,
    "otherExpenses": 1697000000,
    "operatingExpenses": 3114000000,
    "costAndExpenses": 3114000000,
    "interestIncome": 3035000000,
    "interestExpense": 2412000000,
    "depreciationAndAmortization": 18900000,
    "ebitda": 0,
    "ebitdaratio": 0,
    "operatingIncome": 0,
    "operatingIncomeRatio": 0,
    "totalOtherIncomeExpensesNet": 696000000,
    "incomeBeforeTax": 696000000,
    "incomeBeforeTaxRatio": 0.2235067437,
    "incomeTaxExpense": 246000000,
    "netIncome": 450000000,
    "netIncomeRatio": 0.1445086705,
    "eps": 0.38,
    "epsdiluted": 0.37,
    "weightedAverageShsOut": 628947000,
    "weightedAverageShsOutDil": 645946000,
    "link": "https://www.sec.gov/Archives/edgar/data/895421/000095013096004373/0000950130-96-004373-index.htm",
    "finalLink": "https://www.sec.gov/Archives/edgar/data/895421/0000950130-96-004373.txt"
  },
  {
    "date": "1996-06-30",
    "symbol": "MS",
    "reportedCurrency": "USD",
    "cik": "0000895421",
    "fillingDate": "1996-08-14",
    "acceptedDate": "1996-08-14 00:00:00",
    "calendarYear": "1996",
    "period": "Q2",
    "revenue": 1815900000,
    "costOfRevenue": 0,
    "grossProfit": 1815900000,
    "grossProfitRatio": 1,
    "researchAndDevelopmentExpenses": 0,
    "generalAndAdministrativeExpenses": 552900000,
    "sellingAndMarketingExpenses": 201400000,
    "sellingGeneralAndAdministrativeExpenses": 754300000,
    "otherExpenses": 1061600000,
    "operatingExpenses": 1815900000,
    "costAndExpenses": 1815900000,
    "interestIncome": 863300000,
    "interestExpense": 379700000,
    "depreciationAndAmortization": 20300000,
    "ebitda": 0,
    "ebitdaratio": 0,
    "operatingIncome": 0,
    "operatingIncomeRatio": 0,
    "totalOtherIncomeExpensesNet": 388100000,
    "incomeBeforeTax": 388100000,
    "incomeBeforeTaxRatio": 0.2137232226,
    "incomeTaxExpense": 149300000,
    "netIncome": 238800000,
    "netIncomeRatio": 0.1315050388,
    "eps": 0.44,
    "epsdiluted": 0.43,
    "weightedAverageShsOut": 542727000,
    "weightedAverageShsOutDil": 555349000,
    "link": "https://www.sec.gov/Archives/edgar/data/895421/000095013096003191/0000950130-96-003191-index.htm",
    "finalLink": "https://www.sec.gov/Archives/edgar/data/895421/0000950130-96-003191.txt"
  },
  {
    "date": "1996-03-31",
    "symbol": "MS",
    "reportedCurrency": "USD",
    "cik": "0000895421",
    "fillingDate": "1996-05-15",
    "acceptedDate": "1996-05-15 00:00:00",
    "calendarYear": "1996",
    "period": "Q1",
    "revenue": 1775500000,
    "costOfRevenue": 0,
    "grossProfit": 1775500000,
    "grossProfitRatio": 1,
    "researchAndDevelopmentExpenses": 0,
    "generalAndAdministrativeExpenses": 570300000,
    "sellingAndMarketingExpenses": 191900000,
    "sellingGeneralAndAdministrativeExpenses": 762200000,
    "otherExpenses": 1013300000,
    "operatingExpenses": 1775500000,
    "costAndExpenses": 1775500000,
    "interestIncome": 861400000,
    "interestExpense": 390700000,
    "depreciationAndAmortization": 19600000,
    "ebitda": 0,
    "ebitdaratio": 0,
    "operatingIncome": 0,
    "operatingIncomeRatio": 0,
    "totalOtherIncomeExpensesNet": 400400000,
    "incomeBeforeTax": 400400000,
    "incomeBeforeTaxRatio": 0.2255139397,
    "incomeTaxExpense": 154600000,
    "netIncome": 245800000,
    "netIncomeRatio": 0.1384398761,
    "eps": 0.42,
    "epsdiluted": 0.41,
    "weightedAverageShsOut": 585238000,
    "weightedAverageShsOutDil": 599512000,
    "link": "https://www.sec.gov/Archives/edgar/data/895421/000095013096001773/0000950130-96-001773-index.htm",
    "finalLink": "https://www.sec.gov/Archives/edgar/data/895421/0000950130-96-001773.txt"
  },
  {
    "date": "1995-12-31",
    "symbol": "MS",
    "reportedCurrency": "USD",
    "cik": "0000895421",
    "fillingDate": "1995-12-31",
    "acceptedDate": "1995-12-31 00:00:00",
    "calendarYear": "1995",
    "period": "Q4",
    "revenue": 1724900000,
    "costOfRevenue": 0,
    "grossProfit": 1724900000,
    "grossProfitRatio": 1,
    "researchAndDevelopmentExpenses": 0,
    "generalAndAdministrativeExpenses": 496900000,
    "sellingAndMarketingExpenses": 224000000,
    "sellingGeneralAndAdministrativeExpenses": 720900000,
    "otherExpenses": 1004000000,
    "operatingExpenses": 1724900000,
    "costAndExpenses": 1724900000,
    "interestIncome": 905000000,
    "interestExpense": 402800000,
    "depreciationAndAmortization": 19200000,
    "ebitda": 0,
    "ebitdaratio": 0,
    "operatingIncome": 0,
    "operatingIncomeRatio": 0,
    "totalOtherIncomeExpensesNet": 292600000,
    "incomeBeforeTax": 292600000,
    "incomeBeforeTaxRatio": 0.1696330222,
    "incomeTaxExpense": 114500000,
    "netIncome": 178100000,
    "netIncomeRatio": 0.1032523625,
    "eps": 0.25,
    "epsdiluted": 0.25,
    "weightedAverageShsOut": 705484000,
    "weightedAverageShsOutDil": 705484000,
    "link": null,
    "finalLink": null
  },
  {
    "date": "1995-09-30",
    "symbol": "MS",
    "reportedCurrency": "USD",
    "cik": "0000895421",
    "fillingDate": "1995-09-30",
    "acceptedDate": "1995-09-30 00:00:00",
    "calendarYear": "1995",
    "period": "Q3",
    "revenue": 1643900000,
    "costOfRevenue": 0,
    "grossProfit": 1643900000,
    "grossProfitRatio": 1,
    "researchAndDevelopmentExpenses": 0,
    "generalAndAdministrativeExpenses": 511500000,
    "sellingAndMarketingExpenses": 204400000,
    "sellingGeneralAndAdministrativeExpenses": 715900000,
    "otherExpenses": 928000000,
    "operatingExpenses": 1643900000,
    "costAndExpenses": 1643900000,
    "interestIncome": 844200000,
    "interestExpense": 374700000,
    "depreciationAndAmortization": 19200000,
    "ebitda": 0,
    "ebitdaratio": 0,
    "operatingIncome": 0,
    "operatingIncomeRatio": 0,
    "totalOtherIncomeExpensesNet": 355700000,
    "incomeBeforeTax": 355700000,
    "incomeBeforeTaxRatio": 0.216375692,
    "incomeTaxExpense": 137000000,
    "netIncome": 218700000,
    "netIncomeRatio": 0.1330372894,
    "eps": 0.31,
    "epsdiluted": 0.31,
    "weightedAverageShsOut": 705484000,
    "weightedAverageShsOutDil": 705484000,
    "link": null,
    "finalLink": null
  }
]