[
  {
    "date": "2024-12-31",
    "symbol": "MS",
    "reportedCurrency": "USD",
    "cik": "0000895421",
    "fillingDate": "2025-02-21",
    "acceptedDate": "2025-02-21 16:25:14",
    "calendarYear": "2024",
    "period": "FY",
    "revenue": 103145000000,
    "costOfRevenue": 45788000000,
    "grossProfit": 57357000000,
    "grossProfitRatio": 0.5560812448,
    "researchAndDevelopmentExpenses": 0,
    "generalAndAdministrativeExpenses": 26178000000,
    "sellingAndMarketingExpenses": 965000000,
    "sellingGeneralAndAdministrativeExpenses": 27143000000,
    "otherExpenses": 12618000000,
    "operatingExpenses": 39761000000,
    "costAndExpenses": 85549000000,
    "interestIncome": 54135000000,
    "interestExpense": 45524000000,
    "depreciationAndAmortization": 5161000000,
    "ebitda": 22757000000,
    "ebitdaratio": 0.2206311503,
    "operatingIncome": 17596000000,
    "operatingIncomeRatio": 0.1705947937,
    "totalOtherIncomeExpensesNet": 0,
    "incomeBeforeTax": 17596000000,
    "incomeBeforeTaxRatio": 0.1705947937,
    "incomeTaxExpense": 4067000000,
    "netIncome": 13390000000,
    "netIncomeRatio": 0.1298172476,
    "eps": 8.04,
    "epsdiluted": 7.95,
    "weightedAverageShsOut": 1591000000,
    "weightedAverageShsOutDil": 1611000000,
    "link": "https://www.sec.gov/Archives/edgar/data/895421/000089542125000304/0000895421-25-000304-index.htm",
    "finalLink": "https://www.sec.gov/Archives/edgar/data/895421/000089542125000304/ms-20241231.htm"
  },
  {
    "date": "2023-12-31",
    "symbol": "MS",
    "reportedCurrency": "USD",
    "cik": "0000895421",
    "fillingDate": "2024-02-22",
    "acceptedDate": "2024-02-22 16:08:52",
    "calendarYear": "2023",
    "period": "FY",
    "revenue": 88286000000,
    "costOfRevenue": 38151000000,
    "grossProfit": 50135000000,
    "grossProfitRatio": 0.5678703305,
    "researchAndDevelopmentExpenses": 0,
    "generalAndAdministrativeExpenses": 24205000000,
    "sellingAndMarketingExpenses": 898000000,
    "sellingGeneralAndAdministrativeExpenses": 25103000000,
    "otherExpenses": 13219000000,
    "operatingExpenses": 38322000000,
    "costAndExpenses": 76473000000,
    "interestIncome": 45849000000,
    "interestExpense": 37619000000,
    "depreciationAndAmortization": 4256000000,
    "ebitda": 16069000000,
    "ebitdaratio": 0.1820107378,
    "operatingIncome": 11813000000,
    "operatingIncomeRatio": 0.1338037741,
    "totalOtherIncomeExpensesNet": 0,
    "incomeBeforeTax": 11813000000,
    "incomeBeforeTaxRatio": 0.1338037741,
    "incomeTaxExpense": 2583000000,
    "netIncome": 9087000000,
    "netIncomeRatio": 0.1029268514,
    "eps": 5.24,
    "epsdiluted": 5.18,
    "weightedAverageShsOut": 1628000000,
    "weightedAverageShsOutDil": 1646000000,
    "link": "https://www.sec.gov/Archives/edgar/data/895421/000089542124000300/0000895421-24-000300-index.htm",
    "finalLink": "https://www.sec.gov/Archives/edgar/data/895421/000089542124000300/ms-20231231.htm"
  },
  {
    "date": "2022-12-31",
    "symbol": "MS",
    "reportedCurrency": "USD",
    "cik": "0000895421",
    "fillingDate": "2023-02-24",
    "acceptedDate": "2023-02-24 16:05:43",
    "calendarYear": "2022",
    "period": "FY",
    "revenue": 62478000000,
    "costOfRevenue": 12548000000,
    "grossProfit": 49930000000,
    "grossProfitRatio": 0.7991613048,
    "researchAndDevelopmentExpenses": 0,
    "generalAndAdministrativeExpenses": 23053000000,
    "sellingAndMarketingExpenses": 905000000,
    "sellingGeneralAndAdministrativeExpenses": 23958000000,
    "otherExpenses": 11883000000,
    "operatingExpenses": 35841000000,
    "costAndExpenses": 48389000000,
    "interestIncome": 21595000000,
    "interestExpense": 12268000000,
    "depreciationAndAmortization": 3998000000,
    "ebitda": 18087000000,
    "ebitdaratio": 0.2894939019,
    "operatingIncome": 14089000000,
    "operatingIncomeRatio": 0.2255033772,
    "totalOtherIncomeExpensesNet": 0,
    "incomeBeforeTax": 14089000000,
    "incomeBeforeTaxRatio": 0.2255033772,
    "incomeTaxExpense": 2910000000,
    "netIncome": 11029000000,
    "netIncomeRatio": 0.1765261372,
    "eps": 6.23,
    "epsdiluted": 6.15,
    "weightedAverageShsOut": 1691000000,
    "weightedAverageShsOutDil": 1713000000,
    "link": "https://www.sec.gov/Archives/edgar/data/895421/000089542123000284/0000895421-23-000284-index.htm",
    "finalLink": "https://www.sec.gov/Archives/edgar/data/895421/000089542123000284/ms-20221231.htm"
  },
  {
    "date": "2021-12-31",
    "symbol": "MS",
    "reportedCurrency": "USD",
    "cik": "0000895421",
    "fillingDate": "2022-02-24",
    "acceptedDate": "2022-02-24 16:06:17",
    "calendarYear": "2021",
    "period": "FY",
    "revenue": 57780000000,
    "costOfRevenue": 1370000000,
    "grossProfit": 56410000000,
    "grossProfitRatio": 0.9762893735,
    "researchAndDevelopmentExpenses": 0,
    "generalAndAdministrativeExpenses": 24628000000,
    "sellingAndMarketingExpenses": 643000000,
    "sellingGeneralAndAdministrativeExpenses": 25271000000,
    "otherExpenses": 11471000000,
    "operatingExpenses": 36742000000,
    "costAndExpenses": 38112000000,
    "interestIncome": 9411000000,
    "interestExpense": 1366000000,
    "depreciationAndAmortization": 4216000000,
    "ebitda": 23884000000,
    "ebitdaratio": 0.4133610246,
    "operatingIncome": 19668000000,
    "operatingIncomeRatio": 0.3403946002,
    "totalOtherIncomeExpensesNet": 0,
    "incomeBeforeTax": 19668000000,
    "incomeBeforeTaxRatio": 0.3403946002,
    "incomeTaxExpense": 4548000000,
    "netIncome": 15034000000,
    "netIncomeRatio": 0.2601938387,
    "eps": 8.16,
    "epsdiluted": 8.03,
    "weightedAverageShsOut": 1785000000,
    "weightedAverageShsOutDil": 1814000000,
    "link": "https://www.sec.gov/Archives/edgar/data/895421/000089542122000400/0000895421-22-000400-index.htm",
    "finalLink": "https://www.sec.gov/Archives/edgar/data/895421/000089542122000400/ms-20211231.htm"
  },
  {
    "date": "2020-12-31",
    "symbol": "MS",
    "reportedCurrency": "USD",
    "cik": "0000895421",
    "fillingDate": "2021-02-26",
    "acceptedDate": "2021-02-26 16:23:40",
    "calendarYear": "2020",
    "period": "FY",
    "revenue": 45828000000,
    "costOfRevenue": 0,
    "grossProfit": 45828000000,
    "grossProfitRatio": 1,
    "researchAndDevelopmentExpenses": 0,
    "generalAndAdministrativeExpenses": 20703000000,
    "sellingAndMarketingExpenses": 434000000,
    "sellingGeneralAndAdministrativeExpenses": 21137000000,
    "otherExpenses": 24691000000,
    "operatingExpenses": 45828000000,
    "costAndExpenses": 45828000000,
    "interestIncome": 10162000000,
    "interestExpense": 3849000000,
    "depreciationAndAmortization": 3769000000,
    "ebitda": 0,
    "ebitdaratio": 0,
    "operatingIncome": 0,
    "operatingIncomeRatio": 0,
    "totalOtherIncomeExpensesNet": 14418000000,
    "incomeBeforeTax": 14418000000,
    "incomeBeforeTaxRatio": 0.3146111548,
    "incomeTaxExpense": 3239000000,
    "netIncome": 10996000000,
    "netIncomeRatio": 0.2399406476,
    "eps": 6.55,
    "epsdiluted": 6.46,
    "weightedAverageShsOut": 1603000000,
    "weightedAverageShsOutDil": 1624000000,
    "link": "https://www.sec.gov/Archives/edgar/data/895421/000089542121000286/0000895421-21-000286-index.htm",
    "finalLink": "https://www.sec.gov/Archives/edgar/data/895421/000089542121000286/ms-20201231.htm"
  },
  {
    "date": "2019-12-31",
    "symbol": "MS",
    "reportedCurrency": "USD",
    "cik": "0000895421",
    "fillingDate": "2020-02-27",
    "acceptedDate": "2020-02-27 16:34:27",
    "calendarYear": "2019",
    "period": "FY",
    "revenue": 39045000000,
    "costOfRevenue": 0,
    "grossProfit": 39045000000,
    "grossProfitRatio": 1,
    "researchAndDevelopmentExpenses": 0,
    "generalAndAdministrativeExpenses": 18665000000,
    "sellingAndMarketingExpenses": 660000000,
    "sellingGeneralAndAdministrativeExpenses": 19325000000,
    "otherExpenses": 19720000000,
    "operatingExpenses": 39045000000,
    "costAndExpenses": 39045000000,
    "interestIncome": 17098000000,
    "interestExpense": 12404000000,
    "depreciationAndAmortization": 2643000000,
    "ebitda": 0,
    "ebitdaratio": 0,
    "operatingIncome": 0,
    "operatingIncomeRatio": 0,
    "totalOtherIncomeExpensesNet": 11301000000,
    "incomeBeforeTax": 11301000000,
    "incomeBeforeTaxRatio": 0.289435267,
    "incomeTaxExpense": 2064000000,
    "netIncome": 9042000000,
    "netIncomeRatio": 0.2315789474,
    "eps": 5.26,
    "epsdiluted": 5.19,
    "weightedAverageShsOut": 1617000000,
    "weightedAverageShsOutDil": 1640000000,
    "link": "https://www.sec.gov/Archives/edgar/data/895421/000089542120000265/0000895421-20-000265-index.htm",
    "finalLink": "https://www.sec.gov/Archives/edgar/data/895421/000089542120000265/msq4201910k.htm"
  },
  {
    "date": "2018-12-31",
    "symbol": "MS",
    "reportedCurrency": "USD",
    "cik": "0000895421",
    "fillingDate": "2019-02-26",
    "acceptedDate": "2019-02-26 16:12:52",
    "calendarYear": "2018",
    "period": "FY",
    "revenue": 37714000000,
    "costOfRevenue": 0,
    "grossProfit": 37714000000,
    "grossProfitRatio": 1,
    "researchAndDevelopmentExpenses": 0,
    "generalAndAdministrativeExpenses": 17632000000,
    "sellingAndMarketingExpenses": 691000000,
    "sellingGeneralAndAdministrativeExpenses": 18323000000,
    "otherExpenses": 19391000000,
    "operatingExpenses": 37714000000,
    "costAndExpenses": 37714000000,
    "interestIncome": 13892000000,
    "interestExpense": 10086000000,
    "depreciationAndAmortization": 1844000000,
    "ebitda": 0,
    "ebitdaratio": 0,
    "operatingIncome": 0,
    "operatingIncomeRatio": 0,
    "totalOtherIncomeExpensesNet": 11237000000,
    "incomeBeforeTax": 11237000000,
    "incomeBeforeTaxRatio": 0.2979530148,
    "incomeTaxExpense": 2350000000,
    "netIncome": 8748000000,
    "netIncomeRatio": 0.2319563027,
    "eps": 4.82,
    "epsdiluted": 4.73,
    "weightedAverageShsOut": 1708000000,
    "weightedAverageShsOutDil": 1738000000,
    "link": "https://www.sec.gov/Archives/edgar/data/895421/000119312519051943/0001193125-19-051943-index.htm",
    "finalLink": "https://www.sec.gov/Archives/edgar/data/895421/000119312519051943/d707577d10k.htm"
  },
  {
    "date": "2017-12-31",
    "symbol": "MS",
    "reportedCurrency": "USD",
    "cik": "0000895421",
    "fillingDate": "2018-02-27",
    "acceptedDate": "2018-02-27 16:09:47",
    "calendarYear": "2017",
    "period": "FY",
    "revenue": 35852000000,
    "costOfRevenue": 0,
    "grossProfit": 35852000000,
    "grossProfitRatio": 1,
    "researchAndDevelopmentExpenses": 0,
    "generalAndAdministrativeExpenses": 17166000000,
    "sellingAndMarketingExpenses": 609000000,
    "sellingGeneralAndAdministrativeExpenses": 17775000000,
    "otherExpenses": 18077000000,
    "operatingExpenses": 35852000000,
    "costAndExpenses": 35852000000,
    "interestIncome": 8997000000,
    "interestExpense": 5697000000,
    "depreciationAndAmortization": 1753000000,
    "ebitda": 0,
    "ebitdaratio": 0,
    "operatingIncome": 0,
    "operatingIncomeRatio": 0,
    "totalOtherIncomeExpensesNet": 10403000000,
    "incomeBeforeTax": 10403000000,
    "incomeBeforeTaxRatio": 0.2901651233,
    "incomeTaxExpense": 4168000000,
    "netIncome": 6111000000,
    "netIncomeRatio": 0.1704507419,
    "eps": 3.15,
    "epsdiluted": 3.08,
    "weightedAverageShsOut": 1984091000,
    "weightedAverageShsOutDil": 1821000000,
    "link": "https://www.sec.gov/Archives/edgar/data/895421/000119312518060831/0001193125-18-060831-index.htm",
    "finalLink": "https://www.sec.gov/Archives/edgar/data/895421/000119312518060831/d500533d10k.htm"
  },
  {
    "date": "2016-12-31",
    "symbol": "MS",
    "reportedCurrency": "USD",
    "cik": "0000895421",
    "fillingDate": "2017-02-27",
    "acceptedDate": "2017-02-27 17:05:04",
    "calendarYear": "2016",
    "period": "FY",
    "revenue": 32711000000,
    "costOfRevenue": 0,
    "grossProfit": 32711000000,
    "grossProfitRatio": 1,
    "researchAndDevelopmentExpenses": 0,
    "generalAndAdministrativeExpenses": 15878000000,
    "sellingAndMarketingExpenses": 587000000,
    "sellingGeneralAndAdministrativeExpenses": 16465000000,
    "otherExpenses": 16246000000,
    "operatingExpenses": 32711000000,
    "costAndExpenses": 32711000000,
    "interestIncome": 7016000000,
    "interestExpense": 3318000000,
    "depreciationAndAmortization": 1736000000,
    "ebitda": 0,
    "ebitdaratio": 0,
    "operatingIncome": 0,
    "operatingIncomeRatio": 0,
    "totalOtherIncomeExpensesNet": 8848000000,
    "incomeBeforeTax": 8848000000,
    "incomeBeforeTaxRatio": 0.2704900492,
    "incomeTaxExpense": 2726000000,
    "netIncome": 5979000000,
    "netIncomeRatio": 0.1827825502,
    "eps": 2.98,
    "epsdiluted": 2.92,
    "weightedAverageShsOut": 1849000000,
    "weightedAverageShsOutDil": 1887000000,
    "link": "https://www.sec.gov/Archives/edgar/data/895421/000119312517059212/0001193125-17-059212-index.htm",
    "finalLink": "https://www.sec.gov/Archives/edgar/data/895421/000119312517059212/d328282d10k.htm"
  },
  {
    "date": "2015-12-31",
    "symbol": "MS",
    "reportedCurrency": "USD",
    "cik": "0000895421",
    "fillingDate": "2016-02-23",
    "acceptedDate": "2016-02-23 16:13:59",
    "calendarYear": "2015",
    "period": "FY",
    "revenue": 33263000000,
    "costOfRevenue": 0,
    "grossProfit": 33263000000,
    "grossProfitRatio": 1,
    "researchAndDevelopmentExpenses": 0,
    "generalAndAdministrativeExpenses": 16016000000,
    "sellingAndMarketingExpenses": 681000000,
    "sellingGeneralAndAdministrativeExpenses": 16697000000,
    "otherExpenses": 16566000000,
    "operatingExpenses": 33263000000,
    "costAndExpenses": 33263000000,
    "interestIncome": 5835000000,
    "interestExpense": 2742000000,
    "depreciationAndAmortization": 1433000000,
    "ebitda": 0,
    "ebitdaratio": 0,
    "operatingIncome": 0,
    "operatingIncomeRatio": 0,
    "totalOtherIncomeExpensesNet": 8495000000,
    "incomeBeforeTax": 8495000000,
    "incomeBeforeTaxRatio": 0.2553888705,
    "incomeTaxExpense": 2200000000,
    "netIncome": 6127000000,
    "netIncomeRatio": 0.1841986592,
    "eps": 2.98,
    "epsdiluted": 2.91,
    "weightedAverageShsOut": 1909000000,
    "weightedAverageShsOutDil": 1953000000,
    "link": "https://www.sec.gov/Archives/edgar/data/895421/000119312516473553/0001193125-16-473553-index.htm",
    "finalLink": "https://www.sec.gov/Archives/edgar/data/895421/000119312516473553/d48186d10k.htm"
  },
  {
    "date": "2014-12-31",
    "symbol": "MS",
    "reportedCurrency": "USD",
    "cik": "0000895421",
    "fillingDate": "2015-03-02",
    "acceptedDate": "2015-03-02 09:16:58",
    "calendarYear": "2014",
    "period": "FY",
    "revenue": 32469000000,
    "costOfRevenue": 0,
    "grossProfit": 32469000000,
    "grossProfitRatio": 1,
    "researchAndDevelopmentExpenses": 0,
    "generalAndAdministrativeExpenses": 17824000000,
    "sellingAndMarketingExpenses": 658000000,
    "sellingGeneralAndAdministrativeExpenses": 18482000000,
    "otherExpenses": 13987000000,
    "operatingExpenses": 32469000000,
    "costAndExpenses": 32469000000,
    "interestIncome": 5413000000,
    "interestExpense": 3678000000,
    "depreciationAndAmortization": 1161000000,
    "ebitda": 0,
    "ebitdaratio": 0,
    "operatingIncome": 0,
    "operatingIncomeRatio": 0,
    "totalOtherIncomeExpensesNet": 3591000000,
    "incomeBeforeTax": 3591000000,
    "incomeBeforeTaxRatio": 0.110597801,
    "incomeTaxExpense": -90000000,
    "netIncome": 3467000000,
    "netIncomeRatio": 0.1067787736,
    "eps": 1.65,
    "epsdiluted": 1.61,
    "weightedAverageShsOut": 1924000000,
    "weightedAverageShsOutDil": 1971000000,
    "link": "https://www.sec.gov/Archives/edgar/data/895421/000119312515071980/0001193125-15-071980-index.htm",
    "finalLink": "https://www.sec.gov/Archives/edgar/data/895421/000119312515071980/d869080d10k.htm"
  },
  {
    "date": "2013-12-31",
    "symbol": "MS",
    "reportedCurrency": "USD",
    "cik": "0000895421",
    "fillingDate": "2014-02-25",
    "acceptedDate": "2014-02-25 16:34:54",
    "calendarYear": "2013",
    "period": "FY",
    "revenue": 30782000000,
    "costOfRevenue": 0,
    "grossProfit": 30782000000,
    "grossProfitRatio": 1,
    "researchAndDevelopmentExpenses": 0,
    "generalAndAdministrativeExpenses": 16277000000,
    "sellingAndMarketingExpenses": 638000000,
    "sellingGeneralAndAdministrativeExpenses": 16915000000,
    "otherExpenses": 13867000000,
    "operatingExpenses": 30782000000,
    "costAndExpenses": 30782000000,
    "interestIncome": 5209000000,
    "interestExpense": 4431000000,
    "depreciationAndAmortization": 1511000000,
    "ebitda": 0,
    "ebitdaratio": 0,
    "operatingIncome": 0,
    "operatingIncomeRatio": 0,
    "totalOtherIncomeExpensesNet": 4558000000,
    "incomeBeforeTax": 4558000000,
    "incomeBeforeTaxRatio": 0.1480735495,
    "incomeTaxExpense": 902000000,
    "netIncome": 2932000000,
    "netIncomeRatio": 0.0952504711,
    "eps": 1.39,
    "epsdiluted": 1.38,
    "weightedAverageShsOut": 1905824000,
    "weightedAverageShsOutDil": 1956520000,
    "link": "https://www.sec.gov/Archives/edgar/data/895421/000119312514067354/0001193125-14-067354-index.htm",
    "finalLink": "https://www.sec.gov/Archives/edgar/data/895421/000119312514067354/d639242d10k.htm"
  },
  {
    "date": "2012-12-31",
    "symbol": "MS",
    "reportedCurrency": "USD",
    "cik": "0000895421",
    "fillingDate": "2013-02-26",
    "acceptedDate": "2013-02-26 17:13:37",
    "calendarYear": "2012",
    "period": "FY",
    "revenue": 24643000000,
    "costOfRevenue": 0,
    "grossProfit": 24643000000,
    "grossProfitRatio": 1,
    "researchAndDevelopmentExpenses": 0,
    "generalAndAdministrativeExpenses": 15615000000,
    "sellingAndMarketingExpenses": 601000000,
    "sellingGeneralAndAdministrativeExpenses": 16216000000,
    "otherExpenses": 8427000000,
    "operatingExpenses": 24643000000,
    "costAndExpenses": 24643000000,
    "interestIncome": 5692000000,
    "interestExpense": 5897000000,
    "depreciationAndAmortization": 1581000000,
    "ebitda": 0,
    "ebitdaratio": 0,
    "operatingIncome": 0,
    "operatingIncomeRatio": 0,
    "totalOtherIncomeExpensesNet": 596000000,
    "incomeBeforeTax": 596000000,
    "incomeBeforeTaxRatio": 0.024185367,
    "incomeTaxExpense": -161000000,
    "netIncome": 68000000,
    "netIncomeRatio": 0.0027594043,
    "eps": -0.02,
    "epsdiluted": -0.02,
    "weightedAverageShsOut": 1885774000,
    "weightedAverageShsOutDil": 1918811000,
    "link": "https://www.sec.gov/Archives/edgar/data/895421/000119312513077191/0001193125-13-077191-index.htm",
    "finalLink": "https://www.sec.gov/Archives/edgar/data/895421/000119312513077191/d484822d10k.htm"
  },
  {
    "date": "2011-12-31",
    "symbol": "MS",
    "reportedCurrency": "USD",
    "cik": "0000895421",
    "fillingDate": "2012-02-27",
    "acceptedDate": "2012-02-27 16:49:37",
    "calendarYear": "2011",
    "period": "FY",
    "revenue": 30594000000,
    "costOfRevenue": 0,
    "grossProfit": 30594000000,
    "grossProfitRatio": 1,
    "researchAndDevelopmentExpenses": 0,
    "generalAndAdministrativeExpenses": 16325000000,
    "sellingAndMarketingExpenses": 594000000,
    "sellingGeneralAndAdministrativeExpenses": 16919000000,
    "otherExpenses": 13675000000,
    "operatingExpenses": 30594000000,
    "costAndExpenses": 30594000000,
    "interestIncome": 7234000000,
    "interestExpense": 6883000000,
    "depreciationAndAmortization": 1404000000,
    "ebitda": 0,
    "ebitdaratio": 0,
    "operatingIncome": 0,
    "operatingIncomeRatio": 0,
    "totalOtherIncomeExpensesNet": 6110000000,
    "incomeBeforeTax": 6110000000,
    "incomeBeforeTaxRatio": 0.1997123619,
    "incomeTaxExpense": 1414000000,
    "netIncome": 4110000000,
    "netIncomeRatio": 0.1343400667,
    "eps": 1.25,
    "epsdiluted": 1.23,
    "weightedAverageShsOut": 1654709000,
    "weightedAverageShsOutDil": 1675272000,
    "link": "https://www.sec.gov/Archives/edgar/data/895421/000119312512081807/0001193125-12-081807-index.htm",
    "finalLink": "https://www.sec.gov/Archives/edgar/data/895421/000119312512081807/d262950d10k.htm"
  },
  {
    "date": "2010-12-31",
    "symbol": "MS",
    "reportedCurrency": "USD",
    "cik": "0000895421",
    "fillingDate": "2011-02-28",
    "acceptedDate": "2011-02-28 16:44:00",
    "calendarYear": "2010",
    "period": "FY",
    "revenue": 29361000000,
    "costOfRevenue": 0,
    "grossProfit": 29361000000,
    "grossProfitRatio": 1,
    "researchAndDevelopmentExpenses": 0,
    "generalAndAdministrativeExpenses": 15866000000,
    "sellingAndMarketingExpenses": 571000000,
    "sellingGeneralAndAdministrativeExpenses": 16437000000,
    "otherExpenses": 12924000000,
    "operatingExpenses": 29361000000,
    "costAndExpenses": 29361000000,
    "interestIncome": 7305000000,
    "interestExpense": 6407000000,
    "depreciationAndAmortization": 1419000000,
    "ebitda": 0,
    "ebitdaratio": 0,
    "operatingIncome": 0,
    "operatingIncomeRatio": 0,
    "totalOtherIncomeExpensesNet": 6198000000,
    "incomeBeforeTax": 6198000000,
    "incomeBeforeTaxRatio": 0.2110963523,
    "incomeTaxExpense": 743000000,
    "netIncome": 4703000000,
    "netIncomeRatio": 0.160178468,
    "eps": 2.64,
    "epsdiluted": 2.63,
    "weightedAverageShsOut": 1361671000,
    "weightedAverageShsOutDil": 1411269000,
    "link": "https://www.sec.gov/Archives/edgar/data/895421/000119312511050049/0001193125-11-050049-index.htm",
    "finalLink": "https://www.sec.gov/Archives/edgar/data/895421/000119312511050049/d10k.htm"
  },
  {
    "date": "2009-12-31",
    "symbol": "MS",
    "reportedCurrency": "USD",
    "cik": "0000895421",
    "fillingDate": "2010-02-26",
    "acceptedDate": "2010-02-26 15:34:34",
    "calendarYear": "2009",
    "period": "FY",
    "revenue": 21599000000,
    "costOfRevenue": 0,
    "grossProfit": 21599000000,
    "grossProfitRatio": 1,
    "researchAndDevelopmentExpenses": 0,
    "generalAndAdministrativeExpenses": 14331000000,
    "sellingAndMarketingExpenses": 500000000,
    "sellingGeneralAndAdministrativeExpenses": 14831000000,
    "otherExpenses": 6768000000,
    "operatingExpenses": 21599000000,
    "costAndExpenses": 21599000000,
    "interestIncome": 7477000000,
    "interestExpense": 6687000000,
    "depreciationAndAmortization": 1224000000,
    "ebitda": 0,
    "ebitdaratio": 0,
    "operatingIncome": 0,
    "operatingIncomeRatio": 0,
    "totalOtherIncomeExpensesNet": 1130000000,
    "incomeBeforeTax": 1130000000,
    "incomeBeforeTaxRatio": 0.0523172369,
    "incomeTaxExpense": -297000000,
    "netIncome": 1346000000,
    "netIncomeRatio": 0.0623176999,
    "eps": -0.77,
    "epsdiluted": -0.77,
    "weightedAverageShsOut": 1185415000,
    "weightedAverageShsOutDil": 1185415000,
    "link": "https://www.sec.gov/Archives/edgar/data/895421/000119312510042763/0001193125-10-042763-index.htm",
    "finalLink": "https://www.sec.gov/Archives/edgar/data/895421/000119312510042763/d10k.htm"
  },
  {
    "date": "2008-11-30",
    "symbol": "MS",
    "reportedCurrency": "USD",
    "cik": "0000895421",
    "fillingDate": "2009-01-29",
    "acceptedDate": "2009-01-28 21:54:54",
    "calendarYear": "2008",
    "period": "FY",
    "revenue": 17662000000,
    "costOfRevenue": 0,
    "grossProfit": 17662000000,
    "grossProfitRatio": 1,
    "researchAndDevelopmentExpenses": 0,
    "generalAndAdministrativeExpenses": 11851000000,
    "sellingAndMarketingExpenses": 714000000,
    "sellingGeneralAndAdministrativeExpenses": 12565000000,
    "otherExpenses": 5097000000,
    "operatingExpenses": 17662000000,
    "costAndExpenses": 17662000000,
    "interestIncome": 38931000000,
    "interestExpense": 36263000000,
    "depreciationAndAmortization": 794000000,
    "ebitda": 0,
    "ebitdaratio": 0,
    "operatingIncome": 0,
    "operatingIncomeRatio": 0,
    "totalOtherIncomeExpensesNet": 1254000000,
    "incomeBeforeTax": 1254000000,
    "incomeBeforeTaxRatio": 0.0709998868,
    "incomeTaxExpense": 16000000,
    "netIncome": 1707000000,
    "netIncomeRatio": 0.0966481712,
    "eps": 1.45,
    "epsdiluted": 1.39,
    "weightedAverageShsOut": 1028180000,
    "weightedAverageShsOutDil": 1095705000,
    "link": "https://www.sec.gov/Archives/edgar/data/895421/000119312509013429/0001193125-09-013429-index.htm",
    "finalLink": "https://www.sec.gov/Archives/edgar/data/895421/000119312509013429/d10k.htm"
  },
  {
    "date": "2007-11-30",
    "symbol": "MS",
    "reportedCurrency": "USD",
    "cik": "0000895421",
    "fillingDate": "2008-01-29",
    "acceptedDate": "2008-01-28 20:55:31",
    "calendarYear": "2007",
    "period": "FY",
    "revenue": 24985000000,
    "costOfRevenue": 0,
    "grossProfit": 24985000000,
    "grossProfitRatio": 1,
    "researchAndDevelopmentExpenses": 0,
    "generalAndAdministrativeExpenses": 16122000000,
    "sellingAndMarketingExpenses": 752000000,
    "sellingGeneralAndAdministrativeExpenses": 16874000000,
    "otherExpenses": 8111000000,
    "operatingExpenses": 24985000000,
    "costAndExpenses": 24985000000,
    "interestIncome": 60069000000,
    "interestExpense": 57283000000,
    "depreciationAndAmortization": 475000000,
    "ebitda": 0,
    "ebitdaratio": 0,
    "operatingIncome": 0,
    "operatingIncomeRatio": 0,
    "totalOtherIncomeExpensesNet": 2776000000,
    "incomeBeforeTax": 3394000000,
    "incomeBeforeTaxRatio": 0.1358415049,
    "incomeTaxExpense": 576000000,
    "netIncome": 3209000000,
    "netIncomeRatio": 0.1284370622,
    "eps": 2.97,
    "epsdiluted": 2.9,
    "weightedAverageShsOut": 1001879000,
    "weightedAverageShsOutDil": 1054240000,
    "link": "https://www.sec.gov/Archives/edgar/data/895421/000119312508013719/0001193125-08-013719-index.htm",
    "finalLink": "https://www.sec.gov/Archives/edgar/data/895421/000119312508013719/d10k.htm"
  },
  {
    "date": "2006-11-30",
    "symbol": "MS",
    "reportedCurrency": "USD",
    "cik": "0000895421",
    "fillingDate": "2007-02-13",
    "acceptedDate": "2007-02-12 20:30:30",
    "calendarYear": "2006",
    "period": "FY",
    "revenue": 28494000000,
    "costOfRevenue": 0,
    "grossProfit": 28494000000,
    "grossProfitRatio": 1,
    "researchAndDevelopmentExpenses": 0,
    "generalAndAdministrativeExpenses": 13986000000,
    "sellingAndMarketingExpenses": 643000000,
    "sellingGeneralAndAdministrativeExpenses": 14629000000,
    "otherExpenses": 13865000000,
    "operatingExpenses": 28494000000,
    "costAndExpenses": 28494000000,
    "interestIncome": 42776000000,
    "interestExpense": 40897000000,
    "depreciationAndAmortization": 876000000,
    "ebitda": 0,
    "ebitdaratio": 0,
    "operatingIncome": 0,
    "operatingIncomeRatio": 0,
    "totalOtherIncomeExpensesNet": 9064000000,
    "incomeBeforeTax": 9064000000,
    "incomeBeforeTaxRatio": 0.3181020566,
    "incomeTaxExpense": 2729000000,
    "netIncome": 7472000000,
    "netIncomeRatio": 0.262230645,
    "eps": 7.38,
    "epsdiluted": 7.07,
    "weightedAverageShsOut": 1010254000,
    "weightedAverageShsOutDil": 1054796000,
    "link": "https://www.sec.gov/Archives/edgar/data/895421/000119312507027693/0001193125-07-027693-index.htm",
    "finalLink": "https://www.sec.gov/Archives/edgar/data/895421/000119312507027693/d10k.htm"
  },
  {
    "date": "2005-11-30",
    "symbol": "MS",
    "reportedCurrency": "USD",
    "cik": "0000895421",
    "fillingDate": "2006-02-13",
    "acceptedDate": "2006-02-13 15:30:36",
    "calendarYear": "2005",
    "period": "FY",
    "revenue": 22707000000,
    "costOfRevenue": 0,
    "grossProfit": 22707000000,
    "grossProfitRatio": 1,
    "researchAndDevelopmentExpenses": 0,
    "generalAndAdministrativeExpenses": 10749000000,
    "sellingAndMarketingExpenses": 576000000,
    "sellingGeneralAndAdministrativeExpenses": 11325000000,
    "otherExpenses": 11382000000,
    "operatingExpenses": 22707000000,
    "costAndExpenses": 22707000000,
    "interestIncome": 25987000000,
    "interestExpense": 23552000000,
    "depreciationAndAmortization": 815000000,
    "ebitda": 0,
    "ebitdaratio": 0,
    "operatingIncome": 0,
    "operatingIncomeRatio": 0,
    "totalOtherIncomeExpensesNet": 6316000000,
    "incomeBeforeTax": 6316000000,
    "incomeBeforeTaxRatio": 0.2781521117,
    "incomeTaxExpense": 1473000000,
    "netIncome": 4890000000,
    "netIncomeRatio": 0.2153520941,
    "eps": 4.7,
    "epsdiluted": 4.57,
    "weightedAverageShsOut": 1049896000,
    "weightedAverageShsOutDil": 1079936000,
    "link": "https://www.sec.gov/Archives/edgar/data/895421/000119312506028736/0001193125-06-028736-index.htm",
    "finalLink": "https://www.sec.gov/Archives/edgar/data/895421/000119312506028736/d10k.htm"
  },
  {
    "date": "2004-11-30",
    "symbol": "MS",
    "reportedCurrency": "USD",
    "cik": "0000895421",
    "fillingDate": "2005-02-11",
    "acceptedDate": "2005-02-10 20:23:30",
    "calendarYear": "2004",
    "period": "FY",
    "revenue": 23702000000,
    "costOfRevenue": 0,
    "grossProfit": 23702000000,
    "grossProfitRatio": 1,
    "researchAndDevelopmentExpenses": 0,
    "generalAndAdministrativeExpenses": 9853000000,
    "sellingAndMarketingExpenses": 1123000000,
    "sellingGeneralAndAdministrativeExpenses": 10976000000,
    "otherExpenses": 12726000000,
    "operatingExpenses": 23702000000,
    "costAndExpenses": 23702000000,
    "interestIncome": 18584000000,
    "interestExpense": 14707000000,
    "depreciationAndAmortization": 805000000,
    "ebitda": 0,
    "ebitdaratio": 0,
    "operatingIncome": 0,
    "operatingIncomeRatio": 0,
    "totalOtherIncomeExpensesNet": 6818000000,
    "incomeBeforeTax": 6818000000,
    "incomeBeforeTaxRatio": 0.2876550502,
    "incomeTaxExpense": 1856000000,
    "netIncome": 4486000000,
    "netIncomeRatio": 0.1892667285,
    "eps": 4.15,
    "epsdiluted": 4.06,
    "weightedAverageShsOut": 1080122000,
    "weightedAverageShsOutDil": 1105185000,
    "link": "https://www.sec.gov/Archives/edgar/data/895421/000119312505025463/0001193125-05-025463-index.htm",
    "finalLink": "https://www.sec.gov/Archives/edgar/data/895421/000119312505025463/d10k.htm"
  },
  {
    "date": "2003-11-30",
    "symbol": "MS",
    "reportedCurrency": "USD",
    "cik": "0000895421",
    "fillingDate": "2004-02-25",
    "acceptedDate": "2004-02-25 09:40:46",
    "calendarYear": "2003",
    "period": "FY",
    "revenue": 22124000000,
    "costOfRevenue": 0,
    "grossProfit": 22124000000,
    "grossProfitRatio": 1,
    "researchAndDevelopmentExpenses": 0,
    "generalAndAdministrativeExpenses": 8545000000,
    "sellingAndMarketingExpenses": 967000000,
    "sellingGeneralAndAdministrativeExpenses": 9512000000,
    "otherExpenses": 12612000000,
    "operatingExpenses": 22124000000,
    "costAndExpenses": 22124000000,
    "interestIncome": 15744000000,
    "interestExpense": 12809000000,
    "depreciationAndAmortization": 637000000,
    "ebitda": 0,
    "ebitdaratio": 0,
    "operatingIncome": 0,
    "operatingIncomeRatio": 0,
    "totalOtherIncomeExpensesNet": 5334000000,
    "incomeBeforeTax": 5334000000,
    "incomeBeforeTaxRatio": 0.2410956427,
    "incomeTaxExpense": 1547000000,
    "netIncome": 3787000000,
    "netIncomeRatio": 0.1711715784,
    "eps": 3.52,
    "epsdiluted": 3.45,
    "weightedAverageShsOut": 1076755000,
    "weightedAverageShsOutDil": 1099118000,
    "link": "https://www.sec.gov/Archives/edgar/data/895421/000119312504029127/0001193125-04-029127-index.htm",
    "finalLink": "https://www.sec.gov/Archives/edgar/data/895421/000119312504029127/d10k.htm"
  },
  {
    "date": "2002-11-30",
    "symbol": "MS",
    "reportedCurrency": "USD",
    "cik": "0000895421",
    "fillingDate": "2003-02-19",
    "acceptedDate": "2003-02-19 14:25:54",
    "calendarYear": "2002",
    "period": "FY",
    "revenue": 20445000000,
    "costOfRevenue": 0,
    "grossProfit": 20445000000,
    "grossProfitRatio": 1,
    "researchAndDevelopmentExpenses": 0,
    "generalAndAdministrativeExpenses": 7933000000,
    "sellingAndMarketingExpenses": 1133000000,
    "sellingGeneralAndAdministrativeExpenses": 9066000000,
    "otherExpenses": 11379000000,
    "operatingExpenses": 20445000000,
    "costAndExpenses": 20445000000,
    "interestIncome": 15866000000,
    "interestExpense": 11970000000,
    "depreciationAndAmortization": 787000000,
    "ebitda": 0,
    "ebitdaratio": 0,
    "operatingIncome": 0,
    "operatingIncomeRatio": 0,
    "totalOtherIncomeExpensesNet": 4633000000,
    "incomeBeforeTax": 4633000000,
    "incomeBeforeTaxRatio": 0.2266079726,
    "incomeTaxExpense": 1645000000,
    "netIncome": 2988000000,
    "netIncomeRatio": 0.1461482025,
    "eps": 2.76,
    "epsdiluted": 2.69,
    "weightedAverageShsOut": 1083271000,
    "weightedAverageShsOutDil": 1110781000,
    "link": "https://www.sec.gov/Archives/edgar/data/895421/000095013003001275/0000950130-03-001275-index.htm",
    "finalLink": "https://www.sec.gov/Archives/edgar/data/895421/000095013003001275/d10k.htm"
  },
  {
    "date": "2001-11-30",
    "symbol": "MS",
    "reportedCurrency": "USD",
    "cik": "0000895421",
    "fillingDate": "2001-11-30",
    "acceptedDate": "2001-11-30 00:00:00",
    "calendarYear": "2001",
    "period": "FY",
    "revenue": 23095000000,
    "costOfRevenue": 0,
    "grossProfit": 23095000000,
    "grossProfitRatio": 1,
    "researchAndDevelopmentExpenses": 0,
    "generalAndAdministrativeExpenses": 9372000000,
    "sellingAndMarketingExpenses": 1277000000,
    "sellingGeneralAndAdministrativeExpenses": 10649000000,
    "otherExpenses": 12446000000,
    "operatingExpenses": 23095000000,
    "costAndExpenses": 23095000000,
    "interestIncome": 24127000000,
    "interestExpense": 20779000000,
    "depreciationAndAmortization": 729000000,
    "ebitda": 0,
    "ebitdaratio": 0,
    "operatingIncome": 0,
    "operatingIncomeRatio": 0,
    "totalOtherIncomeExpensesNet": 5684000000,
    "incomeBeforeTax": 5684000000,
    "incomeBeforeTaxRatio": 0.2461138775,
    "incomeTaxExpense": 2074000000,
    "netIncome": 3521000000,
    "netIncomeRatio": 0.1524572418,
    "eps": 3.21,
    "epsdiluted": 3.11,
    "weightedAverageShsOut": 1086122000,
    "weightedAverageShsOutDil": 1121865000,
    "link": null,
    "finalLink": null
  },
  {
    "date": "2000-11-30",
    "symbol": "MS",
    "reportedCurrency": "USD",
    "cik": "0000895421",
    "fillingDate": "2001-02-16",
    "acceptedDate": "2001-02-16 00:00:00",
    "calendarYear": "2000",
    "period": "FY",
    "revenue": 26930000000,
    "costOfRevenue": 0,
    "grossProfit": 26930000000,
    "grossProfitRatio": 1,
    "researchAndDevelopmentExpenses": 0,
    "generalAndAdministrativeExpenses": 10896000000,
    "sellingAndMarketingExpenses": 1582000000,
    "sellingGeneralAndAdministrativeExpenses": 12478000000,
    "otherExpenses": 14452000000,
    "operatingExpenses": 26930000000,
    "costAndExpenses": 26930000000,
    "interestIncome": 21234000000,
    "interestExpense": 18176000000,
    "depreciationAndAmortization": 727000000,
    "ebitda": 0,
    "ebitdaratio": 0,
    "operatingIncome": 0,
    "operatingIncomeRatio": 0,
    "totalOtherIncomeExpensesNet": 8526000000,
    "incomeBeforeTax": 8526000000,
    "incomeBeforeTaxRatio": 0.3165985889,
    "incomeTaxExpense": 3070000000,
    "netIncome": 5456000000,
    "netIncomeRatio": 0.2025993316,
    "eps": 4.95,
    "epsdiluted": 4.73,
    "weightedAverageShsOut": 1095858000,
    "weightedAverageShsOutDil": 1145012000,
    "link": "https://www.sec.gov/Archives/edgar/data/895421/000095013001500161/0000950130-01-500161-index.htm",
    "finalLink": "https://www.sec.gov/Archives/edgar/data/895421/000095013001500161/dex31.txt"
  },
  {
    "date": "1999-11-30",
    "symbol": "MS",
    "reportedCurrency": "USD",
    "cik": "0000895421",
    "fillingDate": "2000-02-25",
    "acceptedDate": "2000-02-25 00:00:00",
    "calendarYear": "1999",
    "period": "FY",
    "revenue": 22072000000,
    "costOfRevenue": 0,
    "grossProfit": 22072000000,
    "grossProfitRatio": 1,
    "researchAndDevelopmentExpenses": 0,
    "generalAndAdministrativeExpenses": 8398000000,
    "sellingAndMarketingExpenses": 1221000000,
    "sellingGeneralAndAdministrativeExpenses": 9619000000,
    "otherExpenses": 12453000000,
    "operatingExpenses": 22072000000,
    "costAndExpenses": 22072000000,
    "interestIncome": 14880000000,
    "interestExpense": 12515000000,
    "depreciationAndAmortization": 541000000,
    "ebitda": 0,
    "ebitdaratio": 0,
    "operatingIncome": 0,
    "operatingIncomeRatio": 0,
    "totalOtherIncomeExpensesNet": 7728000000,
    "incomeBeforeTax": 7728000000,
    "incomeBeforeTaxRatio": 0.3501268576,
    "incomeTaxExpense": 2937000000,
    "netIncome": 4791000000,
    "netIncomeRatio": 0.2170623414,
    "eps": 4.33,
    "epsdiluted": 4.1,
    "weightedAverageShsOut": 1096790000,
    "weightedAverageShsOutDil": 1159501000,
    "link": "https://www.sec.gov/Archives/edgar/data/895421/000095013000000882/0000950130-00-000882-index.htm",
    "finalLink": "https://www.sec.gov/Archives/edgar/data/895421/000095013000000882/"
  },
  {
    "date": "1998-11-30",
    "symbol": "MS",
    "reportedCurrency": "USD",
    "cik": "0000895421",
    "fillingDate": "1999-02-23",
    "acceptedDate": "1999-02-23 00:00:00",
    "calendarYear": "1998",
    "period": "FY",
    "revenue": 17617000000,
    "costOfRevenue": 0,
    "grossProfit": 17617000000,
    "grossProfitRatio": 1,
    "researchAndDevelopmentExpenses": 0,
    "generalAndAdministrativeExpenses": 6636000000,
    "sellingAndMarketingExpenses": 1411000000,
    "sellingGeneralAndAdministrativeExpenses": 8047000000,
    "otherExpenses": 9570000000,
    "operatingExpenses": 17617000000,
    "costAndExpenses": 17617000000,
    "interestIncome": 16436000000,
    "interestExpense": 13514000000,
    "depreciationAndAmortization": 575000000,
    "ebitda": 0,
    "ebitdaratio": 0,
    "operatingIncome": 0,
    "operatingIncomeRatio": 0,
    "totalOtherIncomeExpensesNet": 5385000000,
    "incomeBeforeTax": 5385000000,
    "incomeBeforeTaxRatio": 0.305670659,
    "incomeTaxExpense": 1992000000,
    "netIncome": 3276000000,
    "netIncomeRatio": 0.1859567463,
    "eps": 2.8,
    "epsdiluted": 2.67,
    "weightedAverageShsOut": 1151645000,
    "weightedAverageShsOutDil": 1212588000,
    "link": "https://www.sec.gov/Archives/edgar/data/895421/000095013099000948/0000950130-99-000948-index.htm",
    "finalLink": "https://www.sec.gov/Archives/edgar/data/895421/000095013099000948/"
  },
  {
    "date": "1997-11-30",
    "symbol": "MS",
    "reportedCurrency": "USD",
    "cik": "0000895421",
    "fillingDate": "1998-02-20",
    "acceptedDate": "1998-02-20 00:00:00",
    "calendarYear": "1997",
    "period": "FY",
    "revenue": 16326000000,
    "costOfRevenue": 0,
    "grossProfit": 16326000000,
    "grossProfitRatio": 1,
    "researchAndDevelopmentExpenses": 0,
    "generalAndAdministrativeExpenses": 6019000000,
    "sellingAndMarketingExpenses": 1179000000,
    "sellingGeneralAndAdministrativeExpenses": 7198000000,
    "otherExpenses": 9128000000,
    "operatingExpenses": 16326000000,
    "costAndExpenses": 16326000000,
    "interestIncome": 13583000000,
    "interestExpense": 10806000000,
    "depreciationAndAmortization": 338000000,
    "ebitda": 0,
    "ebitdaratio": 0,
    "operatingIncome": 0,
    "operatingIncomeRatio": 0,
    "totalOtherIncomeExpensesNet": 4274000000,
    "incomeBeforeTax": 4274000000,
    "incomeBeforeTaxRatio": 0.2617910082,
    "incomeTaxExpense": 1688000000,
    "netIncome": 2586000000,
    "netIncomeRatio": 0.1583976479,
    "eps": 2.13,
    "epsdiluted": 2.08,
    "weightedAverageShsOut": 1150685000,
    "weightedAverageShsOutDil": 1218088000,
    "link": "https://www.sec.gov/Archives/edgar/data/895421/000095013098000803/0000950130-98-000803-index.htm",
    "finalLink": "https://www.sec.gov/Archives/edgar/data/895421/0000950130-98-000803.txt"
  },
  {
    "date": "1996-12-31",
    "symbol": "MS",
    "reportedCurrency": "USD",
    "cik": "0000895421",
    "fillingDate": "1997-03-31",
    "acceptedDate": "1997-03-31 00:00:00",
    "calendarYear": "1996",
    "period": "FY",
    "revenue": 7462400000,
    "costOfRevenue": 0,
    "grossProfit": 7462400000,
    "grossProfitRatio": 1,
    "researchAndDevelopmentExpenses": 0,
    "generalAndAdministrativeExpenses": 2208200000,
    "sellingAndMarketingExpenses": 856800000,
    "sellingGeneralAndAdministrativeExpenses": 3065000000,
    "otherExpenses": 4397400000,
    "operatingExpenses": 7462400000,
    "costAndExpenses": 7462400000,
    "interestIncome": 3587300000,
    "interestExpense": 1566200000,
    "depreciationAndAmortization": 83300000,
    "ebitda": 0,
    "ebitdaratio": 0,
    "operatingIncome": 0,
    "operatingIncomeRatio": 0,
    "totalOtherIncomeExpensesNet": 1545100000,
    "incomeBeforeTax": 1545100000,
    "incomeBeforeTaxRatio": 0.2070513508,
    "incomeTaxExpense": 593700000,
    "netIncome": 951400000,
    "netIncomeRatio": 0.1274924957,
    "eps": 1.4,
    "epsdiluted": 1.39,
    "weightedAverageShsOut": 632429000,
    "weightedAverageShsOutDil": 632429000,
    "link": "https://www.sec.gov/Archives/edgar/data/895421/000095013097001437/0000950130-97-001437-index.htm",
    "finalLink": "https://www.sec.gov/Archives/edgar/data/895421/000095013097001437/"
  },
  {
    "date": "1995-12-31",
    "symbol": "MS",
    "reportedCurrency": "USD",
    "cik": "0000895421",
    "fillingDate": "1995-12-31",
    "acceptedDate": "1995-12-31 00:00:00",
    "calendarYear": "1995",
    "period": "FY",
    "revenue": 6419600000,
    "costOfRevenue": 0,
    "grossProfit": 6419600000,
    "grossProfitRatio": 1,
    "researchAndDevelopmentExpenses": 0,
    "generalAndAdministrativeExpenses": 1981600000,
    "sellingAndMarketingExpenses": 735100000,
    "sellingGeneralAndAdministrativeExpenses": 2716700000,
    "otherExpenses": 3702900000,
    "operatingExpenses": 6419600000,
    "costAndExpenses": 6419600000,
    "interestIncome": 3319000000,
    "interestExpense": 1514800000,
    "depreciationAndAmortization": 70000000,
    "ebitda": 0,
    "ebitdaratio": 0,
    "operatingIncome": 0,
    "operatingIncomeRatio": 0,
    "totalOtherIncomeExpensesNet": 1395900000,
    "incomeBeforeTax": 1395900000,
    "incomeBeforeTaxRatio": 0.2174434544,
    "incomeTaxExpense": 539500000,
    "netIncome": 856400000,
    "netIncomeRatio": 0.1334039504,
    "eps": 1.15,
    "epsdiluted": 1.13,
    "weightedAverageShsOut": 744696000,
    "weightedAverageShsOutDil": 757876000,
    "link": null,
    "finalLink": null
  },
  {
    "date": "1994-12-31",
    "symbol": "MS",
    "reportedCurrency": "USD",
    "cik": "0000895421",
    "fillingDate": "1994-12-31",
    "acceptedDate": "1994-12-31 00:00:00",
    "calendarYear": "1994",
    "period": "FY",
    "revenue": 5554100000,
    "costOfRevenue": 0,
    "grossProfit": 5554100000,
    "grossProfitRatio": 1,
    "researchAndDevelopmentExpenses": 0,
    "generalAndAdministrativeExpenses": 1764200000,
    "sellingAndMarketingExpenses": 607200000,
    "sellingGeneralAndAdministrativeExpenses": 2371400000,
    "otherExpenses": 3182700000,
    "operatingExpenses": 5554100000,
    "costAndExpenses": 5554100000,
    "interestIncome": 2507200000,
    "interestExpense": 1048500000,
    "depreciationAndAmortization": 58800000,
    "ebitda": 0,
    "ebitdaratio": 0,
    "operatingIncome": 0,
    "operatingIncomeRatio": 0,
    "totalOtherIncomeExpensesNet": 1214600000,
    "incomeBeforeTax": 1214600000,
    "incomeBeforeTaxRatio": 0.2186852955,
    "incomeTaxExpense": 473700000,
    "netIncome": 740900000,
    "netIncomeRatio": 0.13339695,
    "eps": 0.98,
    "epsdiluted": 0.97,
    "weightedAverageShsOut": 756020000,
    "weightedAverageShsOutDil": 763814000,
    "link": null,
    "finalLink": null
  },
  {
    "date": "1993-12-31",
    "symbol": "MS",
    "reportedCurrency": "USD",
    "cik": "0000895421",
    "fillingDate": "1993-12-31",
    "acceptedDate": "1993-12-31 00:00:00",
    "calendarYear": "1993",
    "period": "FY",
    "revenue": 5006300000,
    "costOfRevenue": 0,
    "grossProfit": 5006300000,
    "grossProfitRatio": 1,
    "researchAndDevelopmentExpenses": 0,
    "generalAndAdministrativeExpenses": 1703900000,
    "sellingAndMarketingExpenses": 470400000,
    "sellingGeneralAndAdministrativeExpenses": 2174300000,
    "otherExpenses": 2832000000,
    "operatingExpenses": 5006300000,
    "costAndExpenses": 5006300000,
    "interestIncome": 1909200000,
    "interestExpense": 815300000,
    "depreciationAndAmortization": 51300000,
    "ebitda": 0,
    "ebitdaratio": 0,
    "operatingIncome": 0,
    "operatingIncomeRatio": 0,
    "totalOtherIncomeExpensesNet": 996200000,
    "incomeBeforeTax": 996200000,
    "incomeBeforeTaxRatio": 0.1989892735,
    "incomeTaxExpense": 392600000,
    "netIncome": 603600000,
    "netIncomeRatio": 0.1205680842,
    "eps": 1.12,
    "epsdiluted": 1.1,
    "weightedAverageShsOut": 538929000,
    "weightedAverageShsOutDil": 548727000,
    "link": null,
    "finalLink": null
  },
  {
    "date": "1993-01-31",
    "symbol": "MS",
    "reportedCurrency": "USD",
    "cik": "0000895421",
    "fillingDate": "1993-01-31",
    "acceptedDate": "1993-01-31 00:00:00",
    "calendarYear": "1992",
    "period": "FY",
    "revenue": 1487200000,
    "costOfRevenue": 0,
    "grossProfit": 1487200000,
    "grossProfitRatio": 1,
    "researchAndDevelopmentExpenses": 0,
    "generalAndAdministrativeExpenses": 1456800000,
    "sellingAndMarketingExpenses": 0,
    "sellingGeneralAndAdministrativeExpenses": 1456800000,
    "otherExpenses": 30400000,
    "operatingExpenses": 1487200000,
    "costAndExpenses": 1487200000,
    "interestIncome": 5894900000,
    "interestExpense": 4362400000,
    "depreciationAndAmortization": 0,
    "ebitda": 0,
    "ebitdaratio": 0,
    "operatingIncome": 0,
    "operatingIncomeRatio": 0,
    "totalOtherIncomeExpensesNet": 793500000,
    "incomeBeforeTax": 793500000,
    "incomeBeforeTaxRatio": 0.5335529855,
    "incomeTaxExpense": 283000000,
    "netIncome": 510500000,
    "netIncomeRatio": 0.3432625067,
    "eps": 2.95,
    "epsdiluted": 2.86,
    "weightedAverageShsOut": 155587000,
    "weightedAverageShsOutDil": 162451000,
    "link": null,
    "finalLink": null
  },
  {
    "date": "1991-12-31",
    "symbol": "MS",
    "reportedCurrency": "USD",
    "cik": "0000895421",
    "fillingDate": "1991-12-31",
    "acceptedDate": "1991-12-31 00:00:00",
    "calendarYear": "1991",
    "period": "FY",
    "revenue": 1265500000,
    "costOfRevenue": 0,
    "grossProfit": 1265500000,
    "grossProfitRatio": 1,
    "researchAndDevelopmentExpenses": 0,
    "generalAndAdministrativeExpenses": 1396000000,
    "sellingAndMarketingExpenses": 0,
    "sellingGeneralAndAdministrativeExpenses": 1396000000,
    "otherExpenses": -130500000,
    "operatingExpenses": 1265500000,
    "costAndExpenses": 1265500000,
    "interestIncome": 5519700000,
    "interestExpense": 3924500000,
    "depreciationAndAmortization": 0,
    "ebitda": 0,
    "ebitdaratio": 0,
    "operatingIncome": 0,
    "operatingIncomeRatio": 0,
    "totalOtherIncomeExpensesNet": 772500000,
    "incomeBeforeTax": 772500000,
    "incomeBeforeTaxRatio": 0.6104306598,
    "incomeTaxExpense": 297400000,
    "netIncome": 475100000,
    "netIncomeRatio": 0.3754247333,
    "eps": 2.97,
    "epsdiluted": 2.81,
    "weightedAverageShsOut": 150471000,
    "weightedAverageShsOutDil": 159039000,
    "link": null,
    "finalLink": null
  },
  {
    "date": "1990-12-31",
    "symbol": "MS",
    "reportedCurrency": "USD",
    "cik": "0000895421",
    "fillingDate": "1990-12-31",
    "acceptedDate": "1990-12-31 00:00:00",
    "calendarYear": "1990",
    "period": "FY",
    "revenue": 1072000000,
    "costOfRevenue": 0,
    "grossProfit": 1072000000,
    "grossProfitRatio": 1,
    "researchAndDevelopmentExpenses": 0,
    "generalAndAdministrativeExpenses": 1057000000,
    "sellingAndMarketingExpenses": 0,
    "sellingGeneralAndAdministrativeExpenses": 1057000000,
    "otherExpenses": 15000000,
    "operatingExpenses": 1072000000,
    "costAndExpenses": 1072000000,
    "interestIncome": 4797700000,
    "interestExpense": 3711000000,
    "depreciationAndAmortization": 0,
    "ebitda": 0,
    "ebitdaratio": 0,
    "operatingIncome": 0,
    "operatingIncomeRatio": 0,
    "totalOtherIncomeExpensesNet": 470200000,
    "incomeBeforeTax": 470200000,
    "incomeBeforeTaxRatio": 0.438619403,
    "incomeTaxExpense": 199800000,
    "netIncome": 270400000,
    "netIncomeRatio": 0.252238806,
    "eps": 1.69,
    "epsdiluted": 1.69,
    "weightedAverageShsOut": 148225000,
    "weightedAverageShsOutDil": 148225000,
    "link": null,
    "finalLink": null
  },
  {
    "date": "1989-12-31",
    "symbol": "MS",
    "reportedCurrency": "USD",
    "cik": "0000895421",
    "fillingDate": "1989-12-31",
    "acceptedDate": "1989-12-31 00:00:00",
    "calendarYear": "1989",
    "period": "FY",
    "revenue": 1324200000,
    "costOfRevenue": 0,
    "grossProfit": 1324200000,
    "grossProfitRatio": 1,
    "researchAndDevelopmentExpenses": 0,
    "generalAndAdministrativeExpenses": 1137600000,
    "sellingAndMarketingExpenses": 0,
    "sellingGeneralAndAdministrativeExpenses": 1137600000,
    "otherExpenses": 186600000,
    "operatingExpenses": 1324200000,
    "costAndExpenses": 1324200000,
    "interestIncome": 4506800000,
    "interestExpense": 3378400000,
    "depreciationAndAmortization": 0,
    "ebitda": 0,
    "ebitdaratio": 0,
    "operatingIncome": 0,
    "operatingIncomeRatio": 0,
    "totalOtherIncomeExpensesNet": 738300000,
    "incomeBeforeTax": 738300000,
    "incomeBeforeTaxRatio": 0.5575441776,
    "incomeTaxExpense": 295300000,
    "netIncome": 443000000,
    "netIncomeRatio": 0.33454161,
    "eps": 2.81,
    "epsdiluted": 2.81,
    "weightedAverageShsOut": 151068000,
    "weightedAverageShsOutDil": 151068000,
    "link": null,
    "finalLink": null
  },
  {
    "date": "1988-12-31",
    "symbol": "MS",
    "reportedCurrency": "USD",
    "cik": "0000895421",
    "fillingDate": "1988-12-31",
    "acceptedDate": "1988-12-31 00:00:00",
    "calendarYear": "1988",
    "period": "FY",
    "revenue": -1904700000,
    "costOfRevenue": 0,
    "grossProfit": -1904700000,
    "grossProfitRatio": 1,
    "researchAndDevelopmentExpenses": 0,
    "generalAndAdministrativeExpenses": 0,
    "sellingAndMarketingExpenses": 0,
    "sellingGeneralAndAdministrativeExpenses": 0,
    "otherExpenses": -1904700000,
    "operatingExpenses": -1904700000,
    "costAndExpenses": -1904700000,
    "interestIncome": 0,
    "interestExpense": 1904700000,
    "depreciationAndAmortization": 0,
    "ebitda": 0,
    "ebitdaratio": 0,
    "operatingIncome": 0,
    "operatingIncomeRatio": 0,
    "totalOtherIncomeExpensesNet": 636500000,
    "incomeBeforeTax": 636500000,
    "incomeBeforeTaxRatio": -0.3341733606,
    "incomeTaxExpense": 241900000,
    "netIncome": 394600000,
    "netIncomeRatio": -0.2071717331,
    "eps": 2.57,
    "epsdiluted": 2.57,
    "weightedAverageShsOut": 147704000,
    "weightedAverageShsOutDil": 147704000,
    "link": null,
    "finalLink": null
  },
  {
    "date": "1987-12-31",
    "symbol": "MS",
    "reportedCurrency": "USD",
    "cik": "0000895421",
    "fillingDate": "1987-12-31",
    "acceptedDate": "1987-12-31 00:00:00",
    "calendarYear": "1987",
    "period": "FY",
    "revenue": 0,
    "costOfRevenue": 0,
    "grossProfit": 0,
    "grossProfitRatio": 0,
    "researchAndDevelopmentExpenses": 0,
    "generalAndAdministrativeExpenses": 0,
    "sellingAndMarketingExpenses": 0,
    "sellingGeneralAndAdministrativeExpenses": 0,
    "otherExpenses": 364200000,
    "operatingExpenses": 364200000,
    "costAndExpenses": 364200000,
    "interestIncome": 0,
    "interestExpense": 0,
    "depreciationAndAmortization": 728400000,
    "ebitda": 364200000,
    "ebitdaratio": 0,
    "operatingIncome": -364200000,
    "operatingIncomeRatio": 0,
    "totalOtherIncomeExpensesNet": 728400000,
    "incomeBeforeTax": 364200000,
    "incomeBeforeTaxRatio": 0,
    "incomeTaxExpense": 133300000,
    "netIncome": 230900000,
    "netIncomeRatio": 0,
    "eps": 1.5,
    "epsdiluted": 1.5,
    "weightedAverageShsOut": 153933000,
    "weightedAverageShsOutDil": 153933000,
    "link": null,
    "finalLink": null
  },
  {
    "date": "1986-12-31",
    "symbol": "MS",
    "reportedCurrency": "USD",
    "cik": "0000895421",
    "fillingDate": "1986-12-31",
    "acceptedDate": "1986-12-31 00:00:00",
    "calendarYear": "1986",
    "period": "FY",
    "revenue": -1035100000,
    "costOfRevenue": 0,
    "grossProfit": -1035100000,
    "grossProfitRatio": 1,
    "researchAndDevelopmentExpenses": 0,
    "generalAndAdministrativeExpenses": 0,
    "sellingAndMarketingExpenses": 0,
    "sellingGeneralAndAdministrativeExpenses": 0,
    "otherExpenses": -1035100000,
    "operatingExpenses": -1035100000,
    "costAndExpenses": -1035100000,
    "interestIncome": 0,
    "interestExpense": 1035100000,
    "depreciationAndAmortization": 0,
    "ebitda": 0,
    "ebitdaratio": 0,
    "operatingIncome": 0,
    "operatingIncomeRatio": 0,
    "totalOtherIncomeExpensesNet": 322600000,
    "incomeBeforeTax": 322600000,
    "incomeBeforeTaxRatio": -0.3116607091,
    "incomeTaxExpense": 121300000,
    "netIncome": 201300000,
    "netIncomeRatio": -0.1944739639,
    "eps": 1.41,
    "epsdiluted": 1.41,
    "weightedAverageShsOut": 142057000,
    "weightedAverageShsOutDil": 142057000,
    "link": null,
    "finalLink": null
  },
  {
    "date": "1985-12-31",
    "symbol": "MS",
    "reportedCurrency": "USD",
    "cik": "0000895421",
    "fillingDate": "1985-12-31",
    "acceptedDate": "1985-12-31 00:00:00",
    "calendarYear": "1985",
    "period": "FY",
    "revenue": -900200000,
    "costOfRevenue": 0,
    "grossProfit": -900200000,
    "grossProfitRatio": 1,
    "researchAndDevelopmentExpenses": 0,
    "generalAndAdministrativeExpenses": 0,
    "sellingAndMarketingExpenses": 0,
    "sellingGeneralAndAdministrativeExpenses": 0,
    "otherExpenses": -900200000,
    "operatingExpenses": -900200000,
    "costAndExpenses": -900200000,
    "interestIncome": 0,
    "interestExpense": 900200000,
    "depreciationAndAmortization": 0,
    "ebitda": 0,
    "ebitdaratio": 0,
    "operatingIncome": 0,
    "operatingIncomeRatio": 0,
    "totalOtherIncomeExpensesNet": 183300000,
    "incomeBeforeTax": 183300000,
    "incomeBeforeTaxRatio": -0.2036214175,
    "incomeTaxExpense": 77400000,
    "netIncome": 105900000,
    "netIncomeRatio": -0.1176405243,
    "eps": 0.89,
    "epsdiluted": 0.89,
    "weightedAverageShsOut": 117865000,
    "weightedAverageShsOutDil": 117865000,
    "link": null,
    "finalLink": null
  }
]