[
  {
    "date": "2025-06-30",
    "symbol": "MSCI",
    "reportedCurrency": "USD",
    "cik": "0001408198",
    "fillingDate": "2025-07-22",
    "acceptedDate": "2025-07-22 06:46:08",
    "calendarYear": "2025",
    "period": "Q2",
    "revenue": 772679000,
    "costOfRevenue": 137667000,
    "grossProfit": 635012000,
    "grossProfitRatio": 0.8218315756,
    "researchAndDevelopmentExpenses": 44074000,
    "generalAndAdministrativeExpenses": 38349000,
    "sellingAndMarketingExpenses": 78210000,
    "sellingGeneralAndAdministrativeExpenses": 116559000,
    "otherExpenses": 49145000,
    "operatingExpenses": 209778000,
    "costAndExpenses": 347445000,
    "interestIncome": 2929000,
    "interestExpense": 46184000,
    "depreciationAndAmortization": 5385000,
    "ebitda": 429409000,
    "ebitdaratio": 0.5557404821,
    "operatingIncome": 425234000,
    "operatingIncomeRatio": 0.5503372034,
    "totalOtherIncomeExpensesNet": -47394000,
    "incomeBeforeTax": 377840000,
    "incomeBeforeTaxRatio": 0.4889999599,
    "incomeTaxExpense": 74190000,
    "netIncome": 303650000,
    "netIncomeRatio": 0.3929833734,
    "eps": 3.92,
    "epsdiluted": 3.92,
    "weightedAverageShsOut": 77400000,
    "weightedAverageShsOutDil": 77496000,
    "link": "https://www.sec.gov/Archives/edgar/data/1408198/000140819825000175/0001408198-25-000175-index.htm",
    "finalLink": "https://www.sec.gov/Archives/edgar/data/1408198/000140819825000175/exhibit991earningsrelease-.htm"
  },
  {
    "date": "2025-03-31",
    "symbol": "MSCI",
    "reportedCurrency": "USD",
    "cik": "0001408198",
    "fillingDate": "2025-04-22",
    "acceptedDate": "2025-04-22 15:54:30",
    "calendarYear": "2025",
    "period": "Q1",
    "revenue": 745826000,
    "costOfRevenue": 136790000,
    "grossProfit": 609036000,
    "grossProfitRatio": 0.8165926101,
    "researchAndDevelopmentExpenses": 47591000,
    "generalAndAdministrativeExpenses": 57097000,
    "sellingAndMarketingExpenses": 78707000,
    "sellingGeneralAndAdministrativeExpenses": 135804000,
    "otherExpenses": 48618000,
    "operatingExpenses": 232013000,
    "costAndExpenses": 368803000,
    "interestIncome": 3876000,
    "interestExpense": 46492000,
    "depreciationAndAmortization": 54549000,
    "ebitda": 432111000,
    "ebitdaratio": 0.5793724005,
    "operatingIncome": 377023000,
    "operatingIncomeRatio": 0.5055106687,
    "totalOtherIncomeExpensesNet": -45953000,
    "incomeBeforeTax": 331070000,
    "incomeBeforeTaxRatio": 0.443897102,
    "incomeTaxExpense": 42470000,
    "netIncome": 288600000,
    "netIncomeRatio": 0.3869535254,
    "eps": 3.72,
    "epsdiluted": 3.71,
    "weightedAverageShsOut": 77630000,
    "weightedAverageShsOutDil": 77807000,
    "link": "https://www.sec.gov/Archives/edgar/data/1408198/000140819825000111/0001408198-25-000111-index.htm",
    "finalLink": "https://www.sec.gov/Archives/edgar/data/1408198/000140819825000111/msci-20250331.htm"
  },
  {
    "date": "2024-12-31",
    "symbol": "MSCI",
    "reportedCurrency": "USD",
    "cik": "0001408198",
    "fillingDate": "2025-02-07",
    "acceptedDate": "2025-02-07 16:02:25",
    "calendarYear": "2024",
    "period": "Q4",
    "revenue": 743509000,
    "costOfRevenue": 131567000,
    "grossProfit": 611942000,
    "grossProfitRatio": 0.8230458542,
    "researchAndDevelopmentExpenses": 38471000,
    "generalAndAdministrativeExpenses": 44382000,
    "sellingAndMarketingExpenses": 76835000,
    "sellingGeneralAndAdministrativeExpenses": 121217000,
    "otherExpenses": 47060000,
    "operatingExpenses": 206748000,
    "costAndExpenses": 338315000,
    "interestIncome": 3902000,
    "interestExpense": 45505000,
    "depreciationAndAmortization": 52738000,
    "ebitda": 461588000,
    "ebitdaratio": 0.6208236888,
    "operatingIncome": 405194000,
    "operatingIncomeRatio": 0.5449752458,
    "totalOtherIncomeExpensesNet": -41849000,
    "incomeBeforeTax": 363345000,
    "incomeBeforeTaxRatio": 0.4886894442,
    "incomeTaxExpense": 57830000,
    "netIncome": 305515000,
    "netIncomeRatio": 0.4109096191,
    "eps": 3.9,
    "epsdiluted": 3.9,
    "weightedAverageShsOut": 78365000,
    "weightedAverageShsOutDil": 78365000,
    "link": "https://www.sec.gov/Archives/edgar/data/1408198/000140819825000053/0001408198-25-000053-index.htm",
    "finalLink": "https://www.sec.gov/Archives/edgar/data/1408198/000140819825000053/msci-20241231.htm"
  },
  {
    "date": "2024-09-30",
    "symbol": "MSCI",
    "reportedCurrency": "USD",
    "cik": "0001408198",
    "fillingDate": "2024-10-31",
    "acceptedDate": "2024-10-31 15:31:13",
    "calendarYear": "2024",
    "period": "Q3",
    "revenue": 724705000,
    "costOfRevenue": 126192000,
    "grossProfit": 598513000,
    "grossProfitRatio": 0.8258712166,
    "researchAndDevelopmentExpenses": 38584000,
    "generalAndAdministrativeExpenses": 41561000,
    "sellingAndMarketingExpenses": 70763000,
    "sellingGeneralAndAdministrativeExpenses": 112324000,
    "otherExpenses": 46271000,
    "operatingExpenses": 197179000,
    "costAndExpenses": 323371000,
    "interestIncome": 5217000,
    "interestExpense": 46688000,
    "depreciationAndAmortization": 54016000,
    "ebitda": 457640000,
    "ebitdaratio": 0.6314845351,
    "operatingIncome": 401334000,
    "operatingIncomeRatio": 0.553789473,
    "totalOtherIncomeExpensesNet": -44398000,
    "incomeBeforeTax": 356936000,
    "incomeBeforeTaxRatio": 0.4925259243,
    "incomeTaxExpense": 76035000,
    "netIncome": 280901000,
    "netIncomeRatio": 0.3876073713,
    "eps": 3.58,
    "epsdiluted": 3.57,
    "weightedAverageShsOut": 78499000,
    "weightedAverageShsOutDil": 78729000,
    "link": "https://www.sec.gov/Archives/edgar/data/1408198/000140819824000170/0001408198-24-000170-index.htm",
    "finalLink": "https://www.sec.gov/Archives/edgar/data/1408198/000140819824000170/msci-20240930.htm"
  },
  {
    "date": "2024-06-30",
    "symbol": "MSCI",
    "reportedCurrency": "USD",
    "cik": "0001408198",
    "fillingDate": "2024-07-23",
    "acceptedDate": "2024-07-23 16:58:16",
    "calendarYear": "2024",
    "period": "Q2",
    "revenue": 707949000,
    "costOfRevenue": 128109000,
    "grossProfit": 579840000,
    "grossProfitRatio": 0.8190420496,
    "researchAndDevelopmentExpenses": 41073000,
    "generalAndAdministrativeExpenses": 39706000,
    "sellingAndMarketingExpenses": 71454000,
    "sellingGeneralAndAdministrativeExpenses": 111160000,
    "otherExpenses": 44999000,
    "operatingExpenses": 197232000,
    "costAndExpenses": 325341000,
    "interestIncome": 6110000,
    "interestExpense": 46633000,
    "depreciationAndAmortization": 51023000,
    "ebitda": 437650000,
    "ebitdaratio": 0.6181942485,
    "operatingIncome": 382608000,
    "operatingIncomeRatio": 0.5404457101,
    "totalOtherIncomeExpensesNet": -42614000,
    "incomeBeforeTax": 339994000,
    "incomeBeforeTaxRatio": 0.4802521086,
    "incomeTaxExpense": 73236000,
    "netIncome": 266758000,
    "netIncomeRatio": 0.3768039788,
    "eps": 3.37,
    "epsdiluted": 3.37,
    "weightedAverageShsOut": 79085000,
    "weightedAverageShsOutDil": 79245000,
    "link": "https://www.sec.gov/Archives/edgar/data/1408198/000140819824000131/0001408198-24-000131-index.htm",
    "finalLink": "https://www.sec.gov/Archives/edgar/data/1408198/000140819824000131/msci-20240630.htm"
  },
  {
    "date": "2024-03-31",
    "symbol": "MSCI",
    "reportedCurrency": "USD",
    "cik": "0001408198",
    "fillingDate": "2024-04-23",
    "acceptedDate": "2024-04-23 13:10:27",
    "calendarYear": "2024",
    "period": "Q1",
    "revenue": 679965000,
    "costOfRevenue": 128514000,
    "grossProfit": 551451000,
    "grossProfitRatio": 0.8109990955,
    "researchAndDevelopmentExpenses": 40525000,
    "generalAndAdministrativeExpenses": 56691000,
    "sellingAndMarketingExpenses": 72168000,
    "sellingGeneralAndAdministrativeExpenses": 128859000,
    "otherExpenses": 42685000,
    "operatingExpenses": 212069000,
    "costAndExpenses": 340583000,
    "interestIncome": 6048000,
    "interestExpense": 46674000,
    "depreciationAndAmortization": 48498000,
    "ebitda": 389386000,
    "ebitdaratio": 0.5726559455,
    "operatingIncome": 339382000,
    "operatingIncomeRatio": 0.4991168663,
    "totalOtherIncomeExpensesNet": -43489000,
    "incomeBeforeTax": 295893000,
    "incomeBeforeTaxRatio": 0.4351591626,
    "incomeTaxExpense": 39939000,
    "netIncome": 255954000,
    "netIncomeRatio": 0.3764223159,
    "eps": 3.23,
    "epsdiluted": 3.22,
    "weightedAverageShsOut": 79195000,
    "weightedAverageShsOutDil": 79508000,
    "link": "https://www.sec.gov/Archives/edgar/data/1408198/000140819824000075/0001408198-24-000075-index.htm",
    "finalLink": "https://www.sec.gov/Archives/edgar/data/1408198/000140819824000075/msci-20240331.htm"
  },
  {
    "date": "2023-12-31",
    "symbol": "MSCI",
    "reportedCurrency": "USD",
    "cik": "0001408198",
    "fillingDate": "2024-02-09",
    "acceptedDate": "2024-02-09 16:39:39",
    "calendarYear": "2023",
    "period": "Q4",
    "revenue": 690106000,
    "costOfRevenue": 122557000,
    "grossProfit": 567549000,
    "grossProfitRatio": 0.8224084416,
    "researchAndDevelopmentExpenses": 39220000,
    "generalAndAdministrativeExpenses": 40440000,
    "sellingAndMarketingExpenses": 75160000,
    "sellingGeneralAndAdministrativeExpenses": 115600000,
    "otherExpenses": 41984000,
    "operatingExpenses": 196804000,
    "costAndExpenses": 319361000,
    "interestIncome": 3400000,
    "interestExpense": 46954000,
    "depreciationAndAmortization": 48281000,
    "ebitda": 563110000,
    "ebitdaratio": 0.8159760964,
    "operatingIncome": 370745000,
    "operatingIncomeRatio": 0.5372290634,
    "totalOtherIncomeExpensesNet": 97130000,
    "incomeBeforeTax": 467875000,
    "incomeBeforeTaxRatio": 0.6779755574,
    "incomeTaxExpense": 64495000,
    "netIncome": 403380000,
    "netIncomeRatio": 0.5845189,
    "eps": 5.1,
    "epsdiluted": 5.07,
    "weightedAverageShsOut": 79115000,
    "weightedAverageShsOutDil": 79499000,
    "link": "https://www.sec.gov/Archives/edgar/data/1408198/000140819824000030/0001408198-24-000030-index.htm",
    "finalLink": "https://www.sec.gov/Archives/edgar/data/1408198/000140819824000030/msci-20231231.htm"
  },
  {
    "date": "2023-09-30",
    "symbol": "MSCI",
    "reportedCurrency": "USD",
    "cik": "0001408198",
    "fillingDate": "2023-10-31",
    "acceptedDate": "2023-10-31 13:26:06",
    "calendarYear": "2023",
    "period": "Q3",
    "revenue": 625439000,
    "costOfRevenue": 105311000,
    "grossProfit": 520128000,
    "grossProfitRatio": 0.8316206696,
    "researchAndDevelopmentExpenses": 31438000,
    "generalAndAdministrativeExpenses": 36826000,
    "sellingAndMarketingExpenses": 66581000,
    "sellingGeneralAndAdministrativeExpenses": 103407000,
    "otherExpenses": 31974000,
    "operatingExpenses": 166819000,
    "costAndExpenses": 272130000,
    "interestIncome": 10314000,
    "interestExpense": 46902000,
    "depreciationAndAmortization": 37872000,
    "ebitda": 402430000,
    "ebitdaratio": 0.6434360505,
    "operatingIncome": 353309000,
    "operatingIncomeRatio": 0.5648976159,
    "totalOtherIncomeExpensesNet": -35653000,
    "incomeBeforeTax": 317656000,
    "incomeBeforeTaxRatio": 0.5078928561,
    "incomeTaxExpense": 57997000,
    "netIncome": 259659000,
    "netIncomeRatio": 0.4151627897,
    "eps": 3.28,
    "epsdiluted": 3.27,
    "weightedAverageShsOut": 79116000,
    "weightedAverageShsOutDil": 79500000,
    "link": "https://www.sec.gov/Archives/edgar/data/1408198/000140819823000055/0001408198-23-000055-index.htm",
    "finalLink": "https://www.sec.gov/Archives/edgar/data/1408198/000140819823000055/msci-20230930.htm"
  },
  {
    "date": "2023-06-30",
    "symbol": "MSCI",
    "reportedCurrency": "USD",
    "cik": "0001408198",
    "fillingDate": "2023-07-25",
    "acceptedDate": "2023-07-25 13:05:09",
    "calendarYear": "2023",
    "period": "Q2",
    "revenue": 621157000,
    "costOfRevenue": 110066000,
    "grossProfit": 511091000,
    "grossProfitRatio": 0.8228048625,
    "researchAndDevelopmentExpenses": 30140000,
    "generalAndAdministrativeExpenses": 35657000,
    "sellingAndMarketingExpenses": 67988000,
    "sellingGeneralAndAdministrativeExpenses": 103645000,
    "otherExpenses": 31353000,
    "operatingExpenses": 165138000,
    "costAndExpenses": 275204000,
    "interestIncome": 10403000,
    "interestExpense": 46617000,
    "depreciationAndAmortization": 37157000,
    "ebitda": 390932000,
    "ebitdaratio": 0.629361015,
    "operatingIncome": 345953000,
    "operatingIncomeRatio": 0.5569493703,
    "totalOtherIncomeExpensesNet": -38795000,
    "incomeBeforeTax": 307158000,
    "incomeBeforeTaxRatio": 0.4944933407,
    "incomeTaxExpense": 60333000,
    "netIncome": 246825000,
    "netIncomeRatio": 0.3973633075,
    "eps": 3.1,
    "epsdiluted": 3.09,
    "weightedAverageShsOut": 79592000,
    "weightedAverageShsOutDil": 79905000,
    "link": "https://www.sec.gov/Archives/edgar/data/1408198/000140819823000039/0001408198-23-000039-index.htm",
    "finalLink": "https://www.sec.gov/Archives/edgar/data/1408198/000140819823000039/msci-20230630.htm"
  },
  {
    "date": "2023-03-31",
    "symbol": "MSCI",
    "reportedCurrency": "USD",
    "cik": "0001408198",
    "fillingDate": "2023-04-25",
    "acceptedDate": "2023-04-25 16:52:07",
    "calendarYear": "2023",
    "period": "Q1",
    "revenue": 592218000,
    "costOfRevenue": 108647000,
    "grossProfit": 483571000,
    "grossProfitRatio": 0.8165422193,
    "researchAndDevelopmentExpenses": 31323000,
    "generalAndAdministrativeExpenses": 41044000,
    "sellingAndMarketingExpenses": 66475000,
    "sellingGeneralAndAdministrativeExpenses": 107519000,
    "otherExpenses": 30127000,
    "operatingExpenses": 168969000,
    "costAndExpenses": 277616000,
    "interestIncome": 10362000,
    "interestExpense": 46206000,
    "depreciationAndAmortization": 35909000,
    "ebitda": 358487000,
    "ebitdaratio": 0.6053294564,
    "operatingIncome": 314602000,
    "operatingIncomeRatio": 0.5312266767,
    "totalOtherIncomeExpensesNet": -38230000,
    "incomeBeforeTax": 276372000,
    "incomeBeforeTaxRatio": 0.4666727455,
    "incomeTaxExpense": 37644000,
    "netIncome": 238728000,
    "netIncomeRatio": 0.4031083148,
    "eps": 2.98,
    "epsdiluted": 2.97,
    "weightedAverageShsOut": 80041000,
    "weightedAverageShsOutDil": 80482000,
    "link": "https://www.sec.gov/Archives/edgar/data/1408198/000140819823000032/0001408198-23-000032-index.htm",
    "finalLink": "https://www.sec.gov/Archives/edgar/data/1408198/000140819823000032/msci-20230331.htm"
  },
  {
    "date": "2022-12-31",
    "symbol": "MSCI",
    "reportedCurrency": "USD",
    "cik": "0001408198",
    "fillingDate": "2023-02-10",
    "acceptedDate": "2023-02-10 16:28:55",
    "calendarYear": "2022",
    "period": "Q4",
    "revenue": 576208000,
    "costOfRevenue": 102384000,
    "grossProfit": 473824000,
    "grossProfitRatio": 0.8223141643,
    "researchAndDevelopmentExpenses": 29026000,
    "generalAndAdministrativeExpenses": 33864000,
    "sellingAndMarketingExpenses": 71912000,
    "sellingGeneralAndAdministrativeExpenses": 105776000,
    "otherExpenses": 30272000,
    "operatingExpenses": 165074000,
    "costAndExpenses": 267458000,
    "interestIncome": 6609000,
    "interestExpense": 45610000,
    "depreciationAndAmortization": 36241000,
    "ebitda": 347513000,
    "ebitdaratio": 0.6031033932,
    "operatingIncome": 308750000,
    "operatingIncomeRatio": 0.5358308111,
    "totalOtherIncomeExpensesNet": -43088000,
    "incomeBeforeTax": 265662000,
    "incomeBeforeTaxRatio": 0.4610522589,
    "incomeTaxExpense": 50691000,
    "netIncome": 214971000,
    "netIncomeRatio": 0.3730788188,
    "eps": 2.69,
    "epsdiluted": 2.67,
    "weightedAverageShsOut": 79989000,
    "weightedAverageShsOutDil": 80424000,
    "link": "https://www.sec.gov/Archives/edgar/data/1408198/000140819823000011/0001408198-23-000011-index.htm",
    "finalLink": "https://www.sec.gov/Archives/edgar/data/1408198/000140819823000011/msci-20221231.htm"
  },
  {
    "date": "2022-09-30",
    "symbol": "MSCI",
    "reportedCurrency": "USD",
    "cik": "0001408198",
    "fillingDate": "2022-10-25",
    "acceptedDate": "2022-10-25 15:36:37",
    "calendarYear": "2022",
    "period": "Q3",
    "revenue": 560639000,
    "costOfRevenue": 98418000,
    "grossProfit": 462221000,
    "grossProfitRatio": 0.8244538821,
    "researchAndDevelopmentExpenses": 25941000,
    "generalAndAdministrativeExpenses": 30702000,
    "sellingAndMarketingExpenses": 65545000,
    "sellingGeneralAndAdministrativeExpenses": 96247000,
    "otherExpenses": 30502000,
    "operatingExpenses": 152690000,
    "costAndExpenses": 251108000,
    "interestIncome": 3938000,
    "interestExpense": 44162000,
    "depreciationAndAmortization": 36566000,
    "ebitda": 349932000,
    "ebitdaratio": 0.624166353,
    "operatingIncome": 309531000,
    "operatingIncomeRatio": 0.5521039385,
    "totalOtherIncomeExpensesNet": -40327000,
    "incomeBeforeTax": 269204000,
    "incomeBeforeTaxRatio": 0.4801735163,
    "incomeTaxExpense": 52612000,
    "netIncome": 216592000,
    "netIncomeRatio": 0.3863305978,
    "eps": 2.69,
    "epsdiluted": 2.68,
    "weightedAverageShsOut": 80500000,
    "weightedAverageShsOutDil": 80874000,
    "link": "https://www.sec.gov/Archives/edgar/data/1408198/000140819822000012/0001408198-22-000012-index.htm",
    "finalLink": "https://www.sec.gov/Archives/edgar/data/1408198/000140819822000012/msci-20220930.htm"
  },
  {
    "date": "2022-06-30",
    "symbol": "MSCI",
    "reportedCurrency": "USD",
    "cik": "0001408198",
    "fillingDate": "2022-07-26",
    "acceptedDate": "2022-07-26 13:50:28",
    "calendarYear": "2022",
    "period": "Q2",
    "revenue": 551806000,
    "costOfRevenue": 100768000,
    "grossProfit": 451038000,
    "grossProfitRatio": 0.8173850955,
    "researchAndDevelopmentExpenses": 23916000,
    "generalAndAdministrativeExpenses": 36724000,
    "sellingAndMarketingExpenses": 61073000,
    "sellingGeneralAndAdministrativeExpenses": 97797000,
    "otherExpenses": 28944000,
    "operatingExpenses": 150657000,
    "costAndExpenses": 251425000,
    "interestIncome": 924000,
    "interestExpense": 41085000,
    "depreciationAndAmortization": 35143000,
    "ebitda": 336260000,
    "ebitdaratio": 0.6093808331,
    "operatingIncome": 300381000,
    "operatingIncomeRatio": 0.5443597931,
    "totalOtherIncomeExpensesNet": -40349000,
    "incomeBeforeTax": 260032000,
    "incomeBeforeTaxRatio": 0.47123808,
    "incomeTaxExpense": 49445000,
    "netIncome": 210587000,
    "netIncomeRatio": 0.3816323128,
    "eps": 2.6,
    "epsdiluted": 2.59,
    "weightedAverageShsOut": 80923000,
    "weightedAverageShsOutDil": 81295000,
    "link": "https://www.sec.gov/Archives/edgar/data/1408198/000156459022026419/0001564590-22-026419-index.htm",
    "finalLink": "https://www.sec.gov/Archives/edgar/data/1408198/000156459022026419/msci-10q_20220630.htm"
  },
  {
    "date": "2022-03-31",
    "symbol": "MSCI",
    "reportedCurrency": "USD",
    "cik": "0001408198",
    "fillingDate": "2022-04-26",
    "acceptedDate": "2022-04-26 13:06:33",
    "calendarYear": "2022",
    "period": "Q1",
    "revenue": 559945000,
    "costOfRevenue": 102771000,
    "grossProfit": 457174000,
    "grossProfitRatio": 0.8164623311,
    "researchAndDevelopmentExpenses": 28322000,
    "generalAndAdministrativeExpenses": 45567000,
    "sellingAndMarketingExpenses": 66053000,
    "sellingGeneralAndAdministrativeExpenses": 111620000,
    "otherExpenses": 28254000,
    "operatingExpenses": 168196000,
    "costAndExpenses": 270967000,
    "interestIncome": 298000,
    "interestExpense": 40714000,
    "depreciationAndAmortization": 34546000,
    "ebitda": 324203000,
    "ebitdaratio": 0.5789907937,
    "operatingIncome": 288978000,
    "operatingIncomeRatio": 0.5160828296,
    "totalOtherIncomeExpensesNet": -40035000,
    "incomeBeforeTax": 248943000,
    "incomeBeforeTaxRatio": 0.444584736,
    "incomeTaxExpense": 20520000,
    "netIncome": 228423000,
    "netIncomeRatio": 0.4079382797,
    "eps": 2.8,
    "epsdiluted": 2.78,
    "weightedAverageShsOut": 81591000,
    "weightedAverageShsOutDil": 82286000,
    "link": "https://www.sec.gov/Archives/edgar/data/1408198/000156459022015592/0001564590-22-015592-index.htm",
    "finalLink": "https://www.sec.gov/Archives/edgar/data/1408198/000156459022015592/msci-10q_20220331.htm"
  },
  {
    "date": "2021-12-31",
    "symbol": "MSCI",
    "reportedCurrency": "USD",
    "cik": "0001408198",
    "fillingDate": "2022-02-11",
    "acceptedDate": "2022-02-11 16:30:54",
    "calendarYear": "2021",
    "period": "Q4",
    "revenue": 549842000,
    "costOfRevenue": 95903000,
    "grossProfit": 453939000,
    "grossProfitRatio": 0.8255808032,
    "researchAndDevelopmentExpenses": 30819000,
    "generalAndAdministrativeExpenses": 44873000,
    "sellingAndMarketingExpenses": 68708000,
    "sellingGeneralAndAdministrativeExpenses": 113581000,
    "otherExpenses": 28952000,
    "operatingExpenses": 173352000,
    "costAndExpenses": 269255000,
    "interestIncome": 368000,
    "interestExpense": 40336000,
    "depreciationAndAmortization": 35329000,
    "ebitda": 321428000,
    "ebitdaratio": 0.5845824801,
    "operatingIncome": 280587000,
    "operatingIncomeRatio": 0.5103047785,
    "totalOtherIncomeExpensesNet": -34824000,
    "incomeBeforeTax": 245763000,
    "incomeBeforeTaxRatio": 0.4469702205,
    "incomeTaxExpense": 51898000,
    "netIncome": 193865000,
    "netIncomeRatio": 0.3525831057,
    "eps": 2.35,
    "epsdiluted": 2.32,
    "weightedAverageShsOut": 82473000,
    "weightedAverageShsOutDil": 83578001,
    "link": "https://www.sec.gov/Archives/edgar/data/1408198/000156459022004803/0001564590-22-004803-index.htm",
    "finalLink": "https://www.sec.gov/Archives/edgar/data/1408198/000156459022004803/msci-10k_20211231.htm"
  },
  {
    "date": "2021-09-30",
    "symbol": "MSCI",
    "reportedCurrency": "USD",
    "cik": "0001408198",
    "fillingDate": "2021-10-26",
    "acceptedDate": "2021-10-26 15:04:13",
    "calendarYear": "2021",
    "period": "Q3",
    "revenue": 517099000,
    "costOfRevenue": 89674000,
    "grossProfit": 427425000,
    "grossProfitRatio": 0.8265825306,
    "researchAndDevelopmentExpenses": 28352000,
    "generalAndAdministrativeExpenses": 38110000,
    "sellingAndMarketingExpenses": 59819000,
    "sellingGeneralAndAdministrativeExpenses": 97929000,
    "otherExpenses": 20914000,
    "operatingExpenses": 147195000,
    "costAndExpenses": 236869000,
    "interestIncome": 396000,
    "interestExpense": 42137000,
    "depreciationAndAmortization": 27040000,
    "ebitda": 269827000,
    "ebitdaratio": 0.52180917,
    "operatingIncome": 280230000,
    "operatingIncomeRatio": 0.5419271745,
    "totalOtherIncomeExpensesNet": -79580000,
    "incomeBeforeTax": 200650000,
    "incomeBeforeTaxRatio": 0.3880301451,
    "incomeTaxExpense": 30774000,
    "netIncome": 169876000,
    "netIncomeRatio": 0.3285173632,
    "eps": 2.06,
    "epsdiluted": 2.03,
    "weightedAverageShsOut": 82470000,
    "weightedAverageShsOutDil": 83554001,
    "link": "https://www.sec.gov/Archives/edgar/data/1408198/000156459021051945/0001564590-21-051945-index.htm",
    "finalLink": "https://www.sec.gov/Archives/edgar/data/1408198/000156459021051945/msci-10q_20210930.htm"
  },
  {
    "date": "2021-06-30",
    "symbol": "MSCI",
    "reportedCurrency": "USD",
    "cik": "0001408198",
    "fillingDate": "2021-07-27",
    "acceptedDate": "2021-07-27 14:33:39",
    "calendarYear": "2021",
    "period": "Q2",
    "revenue": 498180000,
    "costOfRevenue": 87327000,
    "grossProfit": 410853000,
    "grossProfitRatio": 0.8247079369,
    "researchAndDevelopmentExpenses": 27531000,
    "generalAndAdministrativeExpenses": 30182000,
    "sellingAndMarketingExpenses": 58191000,
    "sellingGeneralAndAdministrativeExpenses": 88373000,
    "otherExpenses": 37416000,
    "operatingExpenses": 153320000,
    "costAndExpenses": 240647000,
    "interestIncome": 347000,
    "interestExpense": 39557000,
    "depreciationAndAmortization": 43417000,
    "ebitda": 278669000,
    "ebitdaratio": 0.5593741218,
    "operatingIncome": 257533000,
    "operatingIncomeRatio": 0.5169476896,
    "totalOtherIncomeExpensesNet": -61838000,
    "incomeBeforeTax": 195695000,
    "incomeBeforeTaxRatio": 0.3928198643,
    "incomeTaxExpense": 30272000,
    "netIncome": 165423000,
    "netIncomeRatio": 0.332054679,
    "eps": 2.01,
    "epsdiluted": 1.99,
    "weightedAverageShsOut": 82454000,
    "weightedAverageShsOutDil": 83295000,
    "link": "https://www.sec.gov/Archives/edgar/data/1408198/000156459021038234/0001564590-21-038234-index.htm",
    "finalLink": "https://www.sec.gov/Archives/edgar/data/1408198/000156459021038234/msci-10q_20210630.htm"
  },
  {
    "date": "2021-03-31",
    "symbol": "MSCI",
    "reportedCurrency": "USD",
    "cik": "0001408198",
    "fillingDate": "2021-04-28",
    "acceptedDate": "2021-04-28 12:35:23",
    "calendarYear": "2021",
    "period": "Q1",
    "revenue": 478423000,
    "costOfRevenue": 85780000,
    "grossProfit": 392643000,
    "grossProfitRatio": 0.8207026,
    "researchAndDevelopmentExpenses": 24862000,
    "generalAndAdministrativeExpenses": 34728000,
    "sellingAndMarketingExpenses": 56467000,
    "sellingGeneralAndAdministrativeExpenses": 91195000,
    "otherExpenses": 22211000,
    "operatingExpenses": 138268000,
    "costAndExpenses": 224048000,
    "interestIncome": 386000,
    "interestExpense": 37584000,
    "depreciationAndAmortization": 28339000,
    "ebitda": 281951000,
    "ebitdaratio": 0.5893341248,
    "operatingIncome": 254375000,
    "operatingIncomeRatio": 0.5316947555,
    "totalOtherIncomeExpensesNet": -38347000,
    "incomeBeforeTax": 216028000,
    "incomeBeforeTaxRatio": 0.4515418364,
    "incomeTaxExpense": 19209000,
    "netIncome": 196819000,
    "netIncomeRatio": 0.4113911748,
    "eps": 2.38,
    "epsdiluted": 2.36,
    "weightedAverageShsOut": 82640000,
    "weightedAverageShsOutDil": 83493001,
    "link": "https://www.sec.gov/Archives/edgar/data/1408198/000156459021021208/0001564590-21-021208-index.htm",
    "finalLink": "https://www.sec.gov/Archives/edgar/data/1408198/000156459021021208/msci-10q_20210331.htm"
  },
  {
    "date": "2020-12-31",
    "symbol": "MSCI",
    "reportedCurrency": "USD",
    "cik": "0001408198",
    "fillingDate": "2021-02-12",
    "acceptedDate": "2021-02-12 16:54:12",
    "calendarYear": "2020",
    "period": "Q4",
    "revenue": 443661000,
    "costOfRevenue": 75935000,
    "grossProfit": 367726000,
    "grossProfitRatio": 0.8288445457,
    "researchAndDevelopmentExpenses": 27056000,
    "generalAndAdministrativeExpenses": 27872000,
    "sellingAndMarketingExpenses": 56662000,
    "sellingGeneralAndAdministrativeExpenses": 84534000,
    "otherExpenses": 22051000,
    "operatingExpenses": 133641000,
    "costAndExpenses": 209576000,
    "interestIncome": 301000,
    "interestExpense": 37330000,
    "depreciationAndAmortization": 28039000,
    "ebitda": 260535000,
    "ebitdaratio": 0.5872389054,
    "operatingIncome": 234085000,
    "operatingIncomeRatio": 0.5276213145,
    "totalOtherIncomeExpensesNet": -38919000,
    "incomeBeforeTax": 195166000,
    "incomeBeforeTaxRatio": 0.4398989318,
    "incomeTaxExpense": 38950000,
    "netIncome": 156216000,
    "netIncomeRatio": 0.352106676,
    "eps": 1.89,
    "epsdiluted": 1.87,
    "weightedAverageShsOut": 82737000,
    "weightedAverageShsOutDil": 83707001,
    "link": "https://www.sec.gov/Archives/edgar/data/1408198/000156459021005811/0001564590-21-005811-index.htm",
    "finalLink": "https://www.sec.gov/Archives/edgar/data/1408198/000156459021005811/msci-10k_20201231.htm"
  },
  {
    "date": "2020-09-30",
    "symbol": "MSCI",
    "reportedCurrency": "USD",
    "cik": "0001408198",
    "fillingDate": "2020-10-28",
    "acceptedDate": "2020-10-28 13:51:44",
    "calendarYear": "2020",
    "period": "Q3",
    "revenue": 425333000,
    "costOfRevenue": 70704000,
    "grossProfit": 354629000,
    "grossProfitRatio": 0.8337678948,
    "researchAndDevelopmentExpenses": 24901000,
    "generalAndAdministrativeExpenses": 27613000,
    "sellingAndMarketingExpenses": 52668000,
    "sellingGeneralAndAdministrativeExpenses": 80281000,
    "otherExpenses": 21827000,
    "operatingExpenses": 127009000,
    "costAndExpenses": 197713000,
    "interestIncome": 475000,
    "interestExpense": 37536000,
    "depreciationAndAmortization": 27871000,
    "ebitda": 254450000,
    "ebitdaratio": 0.598237146,
    "operatingIncome": 227620000,
    "operatingIncomeRatio": 0.5351571592,
    "totalOtherIncomeExpensesNet": -38577000,
    "incomeBeforeTax": 189043000,
    "incomeBeforeTaxRatio": 0.4444588123,
    "incomeTaxExpense": 6685000,
    "netIncome": 182358000,
    "netIncomeRatio": 0.4287417153,
    "eps": 2.18,
    "epsdiluted": 2.16,
    "weightedAverageShsOut": 83602001,
    "weightedAverageShsOutDil": 84479001,
    "link": "https://www.sec.gov/Archives/edgar/data/1408198/000156459020048265/0001564590-20-048265-index.htm",
    "finalLink": "https://www.sec.gov/Archives/edgar/data/1408198/000156459020048265/msci-10q_20200930.htm"
  },
  {
    "date": "2020-06-30",
    "symbol": "MSCI",
    "reportedCurrency": "USD",
    "cik": "0001408198",
    "fillingDate": "2020-07-29",
    "acceptedDate": "2020-07-29 16:00:40",
    "calendarYear": "2020",
    "period": "Q2",
    "revenue": 409616000,
    "costOfRevenue": 70456000,
    "grossProfit": 339160000,
    "grossProfitRatio": 0.8279950002,
    "researchAndDevelopmentExpenses": 22534000,
    "generalAndAdministrativeExpenses": 28309000,
    "sellingAndMarketingExpenses": 51617000,
    "sellingGeneralAndAdministrativeExpenses": 79926000,
    "otherExpenses": 21525000,
    "operatingExpenses": 123985000,
    "costAndExpenses": 194441000,
    "interestIncome": 771000,
    "interestExpense": 41227000,
    "depreciationAndAmortization": 27553000,
    "ebitda": 207947000,
    "ebitdaratio": 0.5076632749,
    "operatingIncome": 215175000,
    "operatingIncomeRatio": 0.52530907,
    "totalOtherIncomeExpensesNet": -76008000,
    "incomeBeforeTax": 139167000,
    "incomeBeforeTaxRatio": 0.3397499121,
    "incomeTaxExpense": 24044000,
    "netIncome": 115123000,
    "netIncomeRatio": 0.2810510332,
    "eps": 1.38,
    "epsdiluted": 1.36,
    "weightedAverageShsOut": 83666001,
    "weightedAverageShsOutDil": 84349001,
    "link": "https://www.sec.gov/Archives/edgar/data/1408198/000156459020034274/0001564590-20-034274-index.htm",
    "finalLink": "https://www.sec.gov/Archives/edgar/data/1408198/000156459020034274/msci-10q_20200630.htm"
  },
  {
    "date": "2020-03-31",
    "symbol": "MSCI",
    "reportedCurrency": "USD",
    "cik": "0001408198",
    "fillingDate": "2020-04-29",
    "acceptedDate": "2020-04-29 09:23:39",
    "calendarYear": "2020",
    "period": "Q1",
    "revenue": 416780000,
    "costOfRevenue": 74609000,
    "grossProfit": 342171000,
    "grossProfitRatio": 0.8209870915,
    "researchAndDevelopmentExpenses": 26562000,
    "generalAndAdministrativeExpenses": 30833000,
    "sellingAndMarketingExpenses": 55549000,
    "sellingGeneralAndAdministrativeExpenses": 86382000,
    "otherExpenses": 21343000,
    "operatingExpenses": 134287000,
    "costAndExpenses": 208896000,
    "interestIncome": 3483000,
    "interestExpense": 40231000,
    "depreciationAndAmortization": 27332000,
    "ebitda": 230412000,
    "ebitdaratio": 0.5528384279,
    "operatingIncome": 207884000,
    "operatingIncomeRatio": 0.4987859302,
    "totalOtherIncomeExpensesNet": -45035000,
    "incomeBeforeTax": 162849000,
    "incomeBeforeTaxRatio": 0.3907313211,
    "incomeTaxExpense": 14724000,
    "netIncome": 148125000,
    "netIncomeRatio": 0.3554033303,
    "eps": 1.75,
    "epsdiluted": 1.73,
    "weightedAverageShsOut": 84870001,
    "weightedAverageShsOutDil": 85548001,
    "link": "https://www.sec.gov/Archives/edgar/data/1408198/000156459020019459/0001564590-20-019459-index.htm",
    "finalLink": "https://www.sec.gov/Archives/edgar/data/1408198/000156459020019459/msci-10q_20200331.htm"
  },
  {
    "date": "2019-12-31",
    "symbol": "MSCI",
    "reportedCurrency": "USD",
    "cik": "0001408198",
    "fillingDate": "2020-02-18",
    "acceptedDate": "2020-02-18 13:24:25",
    "calendarYear": "2019",
    "period": "Q4",
    "revenue": 406606000,
    "costOfRevenue": 70154000,
    "grossProfit": 336452000,
    "grossProfitRatio": 0.827464425,
    "researchAndDevelopmentExpenses": 27100000,
    "generalAndAdministrativeExpenses": 29659000,
    "sellingAndMarketingExpenses": 59486000,
    "sellingGeneralAndAdministrativeExpenses": 89145000,
    "otherExpenses": 20778000,
    "operatingExpenses": 137023000,
    "costAndExpenses": 207177000,
    "interestIncome": 5299000,
    "interestExpense": 40289000,
    "depreciationAndAmortization": 20778000,
    "ebitda": 207600000,
    "ebitdaratio": 0.51056797,
    "operatingIncome": 199429000,
    "operatingIncomeRatio": 0.4904723492,
    "totalOtherIncomeExpensesNet": -52896000,
    "incomeBeforeTax": 146533000,
    "incomeBeforeTaxRatio": 0.3603808109,
    "incomeTaxExpense": 23750000,
    "netIncome": 122783000,
    "netIncomeRatio": 0.3019704579,
    "eps": 1.45,
    "epsdiluted": 1.44,
    "weightedAverageShsOut": 84802001,
    "weightedAverageShsOutDil": 85546001,
    "link": "https://www.sec.gov/Archives/edgar/data/1408198/000156459020004992/0001564590-20-004992-index.htm",
    "finalLink": "https://www.sec.gov/Archives/edgar/data/1408198/000156459020004992/msci-10k_20191231.htm"
  },
  {
    "date": "2019-09-30",
    "symbol": "MSCI",
    "reportedCurrency": "USD",
    "cik": "0001408198",
    "fillingDate": "2019-10-31",
    "acceptedDate": "2019-10-31 12:37:39",
    "calendarYear": "2019",
    "period": "Q3",
    "revenue": 394251000,
    "costOfRevenue": 70486000,
    "grossProfit": 323765000,
    "grossProfitRatio": 0.8212154186,
    "researchAndDevelopmentExpenses": 24310000,
    "generalAndAdministrativeExpenses": 26559000,
    "sellingAndMarketingExpenses": 52107000,
    "sellingGeneralAndAdministrativeExpenses": 78666000,
    "otherExpenses": 19570000,
    "operatingExpenses": 122546000,
    "costAndExpenses": 193032000,
    "interestIncome": 3673000,
    "interestExpense": 35922000,
    "depreciationAndAmortization": 25145000,
    "ebitda": 229815000,
    "ebitdaratio": 0.5829154523,
    "operatingIncome": 201219000,
    "operatingIncomeRatio": 0.5103829794,
    "totalOtherIncomeExpensesNet": -32471000,
    "incomeBeforeTax": 168748000,
    "incomeBeforeTaxRatio": 0.4280217425,
    "incomeTaxExpense": 31765000,
    "netIncome": 136983000,
    "netIncomeRatio": 0.347451243,
    "eps": 1.62,
    "epsdiluted": 1.6,
    "weightedAverageShsOut": 84765001,
    "weightedAverageShsOutDil": 85550001,
    "link": "https://www.sec.gov/Archives/edgar/data/1408198/000156459019039046/0001564590-19-039046-index.htm",
    "finalLink": "https://www.sec.gov/Archives/edgar/data/1408198/000156459019039046/msci-10q_20190930.htm"
  },
  {
    "date": "2019-06-30",
    "symbol": "MSCI",
    "reportedCurrency": "USD",
    "cik": "0001408198",
    "fillingDate": "2019-08-01",
    "acceptedDate": "2019-08-01 14:15:17",
    "calendarYear": "2019",
    "period": "Q2",
    "revenue": 385558000,
    "costOfRevenue": 71975000,
    "grossProfit": 313583000,
    "grossProfitRatio": 0.8133225092,
    "researchAndDevelopmentExpenses": 23752000,
    "generalAndAdministrativeExpenses": 26378000,
    "sellingAndMarketingExpenses": 51657000,
    "sellingGeneralAndAdministrativeExpenses": 78035000,
    "otherExpenses": 19418000,
    "operatingExpenses": 121205000,
    "costAndExpenses": 193180000,
    "interestIncome": 3345000,
    "interestExpense": 35915000,
    "depreciationAndAmortization": 25038000,
    "ebitda": 220698000,
    "ebitdaratio": 0.5724119328,
    "operatingIncome": 192378000,
    "operatingIncomeRatio": 0.498959949,
    "totalOtherIncomeExpensesNet": -32633000,
    "incomeBeforeTax": 159745000,
    "incomeBeforeTaxRatio": 0.4143215807,
    "incomeTaxExpense": 34055000,
    "netIncome": 125690000,
    "netIncomeRatio": 0.3259950513,
    "eps": 1.48,
    "epsdiluted": 1.47,
    "weightedAverageShsOut": 84750001,
    "weightedAverageShsOutDil": 85393001,
    "link": "https://www.sec.gov/Archives/edgar/data/1408198/000156459019027845/0001564590-19-027845-index.htm",
    "finalLink": "https://www.sec.gov/Archives/edgar/data/1408198/000156459019027845/msci-10q_20190630.htm"
  },
  {
    "date": "2019-03-31",
    "symbol": "MSCI",
    "reportedCurrency": "USD",
    "cik": "0001408198",
    "fillingDate": "2019-05-03",
    "acceptedDate": "2019-05-03 10:58:54",
    "calendarYear": "2019",
    "period": "Q1",
    "revenue": 371381000,
    "costOfRevenue": 82346000,
    "grossProfit": 289035000,
    "grossProfitRatio": 0.7782708324,
    "researchAndDevelopmentExpenses": 23172000,
    "generalAndAdministrativeExpenses": 27497000,
    "sellingAndMarketingExpenses": 56048000,
    "sellingGeneralAndAdministrativeExpenses": 83545000,
    "otherExpenses": 19643000,
    "operatingExpenses": 126360000,
    "costAndExpenses": 208706000,
    "interestIncome": 4086000,
    "interestExpense": 35915000,
    "depreciationAndAmortization": 25226000,
    "ebitda": 189433000,
    "ebitdaratio": 0.5100772522,
    "operatingIncome": 162675000,
    "operatingIncomeRatio": 0.438027255,
    "totalOtherIncomeExpensesNet": -34383000,
    "incomeBeforeTax": 128292000,
    "incomeBeforeTaxRatio": 0.3454457821,
    "incomeTaxExpense": -49900000,
    "netIncome": 178192000,
    "netIncomeRatio": 0.4798091448,
    "eps": 2.11,
    "epsdiluted": 2.08,
    "weightedAverageShsOut": 84253001,
    "weightedAverageShsOutDil": 85649001,
    "link": "https://www.sec.gov/Archives/edgar/data/1408198/000156459019015544/0001564590-19-015544-index.htm",
    "finalLink": "https://www.sec.gov/Archives/edgar/data/1408198/000156459019015544/msci-10q_20190331.htm"
  },
  {
    "date": "2018-12-31",
    "symbol": "MSCI",
    "reportedCurrency": "USD",
    "cik": "0001408198",
    "fillingDate": "2019-02-22",
    "acceptedDate": "2019-02-22 15:26:15",
    "calendarYear": "2018",
    "period": "Q4",
    "revenue": 361688000,
    "costOfRevenue": 73757000,
    "grossProfit": 287931000,
    "grossProfitRatio": 0.7960756232,
    "researchAndDevelopmentExpenses": 20312000,
    "generalAndAdministrativeExpenses": 24908000,
    "sellingAndMarketingExpenses": 52949000,
    "sellingGeneralAndAdministrativeExpenses": 77857000,
    "otherExpenses": 19944000,
    "operatingExpenses": 118113000,
    "costAndExpenses": 191870000,
    "interestIncome": 6096000,
    "interestExpense": 35891000,
    "depreciationAndAmortization": 19944000,
    "ebitda": 243124000,
    "ebitdaratio": 0.672192608,
    "operatingIncome": 169818000,
    "operatingIncomeRatio": 0.4695151622,
    "totalOtherIncomeExpensesNet": 17471000,
    "incomeBeforeTax": 187289000,
    "incomeBeforeTaxRatio": 0.5178192254,
    "incomeTaxExpense": 35157000,
    "netIncome": 152132000,
    "netIncomeRatio": 0.4206166641,
    "eps": 1.75,
    "epsdiluted": 1.7,
    "weightedAverageShsOut": 86968001,
    "weightedAverageShsOutDil": 89495001,
    "link": "https://www.sec.gov/Archives/edgar/data/1408198/000156459019003885/0001564590-19-003885-index.htm",
    "finalLink": "https://www.sec.gov/Archives/edgar/data/1408198/000156459019003885/msci-10k_20181231.htm"
  },
  {
    "date": "2018-09-30",
    "symbol": "MSCI",
    "reportedCurrency": "USD",
    "cik": "0001408198",
    "fillingDate": "2018-11-02",
    "acceptedDate": "2018-11-02 10:28:10",
    "calendarYear": "2018",
    "period": "Q3",
    "revenue": 357934000,
    "costOfRevenue": 70906000,
    "grossProfit": 287028000,
    "grossProfitRatio": 0.8019020266,
    "researchAndDevelopmentExpenses": 20591000,
    "generalAndAdministrativeExpenses": 24751000,
    "sellingAndMarketingExpenses": 46149000,
    "sellingGeneralAndAdministrativeExpenses": 70900000,
    "otherExpenses": 19134000,
    "operatingExpenses": 110625000,
    "costAndExpenses": 181531000,
    "interestIncome": 6522000,
    "interestExpense": 35902000,
    "depreciationAndAmortization": 19134000,
    "ebitda": 201882000,
    "ebitdaratio": 0.5640201825,
    "operatingIncome": 176403000,
    "operatingIncomeRatio": 0.4928366682,
    "totalOtherIncomeExpensesNet": -29557000,
    "incomeBeforeTax": 146846000,
    "incomeBeforeTaxRatio": 0.4102599921,
    "incomeTaxExpense": 23014000,
    "netIncome": 123832000,
    "netIncomeRatio": 0.3459632223,
    "eps": 1.39,
    "epsdiluted": 1.36,
    "weightedAverageShsOut": 88796001,
    "weightedAverageShsOutDil": 91372001,
    "link": "https://www.sec.gov/Archives/edgar/data/1408198/000156459018026397/0001564590-18-026397-index.htm",
    "finalLink": "https://www.sec.gov/Archives/edgar/data/1408198/000156459018026397/msci-10q_20180930.htm"
  },
  {
    "date": "2018-06-30",
    "symbol": "MSCI",
    "reportedCurrency": "USD",
    "cik": "0001408198",
    "fillingDate": "2018-08-03",
    "acceptedDate": "2018-08-03 10:38:13",
    "calendarYear": "2018",
    "period": "Q2",
    "revenue": 363046000,
    "costOfRevenue": 71368000,
    "grossProfit": 291678000,
    "grossProfitRatio": 0.8034188505,
    "researchAndDevelopmentExpenses": 19801000,
    "generalAndAdministrativeExpenses": 24036000,
    "sellingAndMarketingExpenses": 47416000,
    "sellingGeneralAndAdministrativeExpenses": 71452000,
    "otherExpenses": 26914000,
    "operatingExpenses": 118167000,
    "costAndExpenses": 189535000,
    "interestIncome": 4281000,
    "interestExpense": 31761000,
    "depreciationAndAmortization": 26914000,
    "ebitda": 214998000,
    "ebitdaratio": 0.5922059464,
    "operatingIncome": 173511000,
    "operatingIncomeRatio": 0.4779311713,
    "totalOtherIncomeExpensesNet": -17188000,
    "incomeBeforeTax": 156323000,
    "incomeBeforeTaxRatio": 0.4305873085,
    "incomeTaxExpense": 39494000,
    "netIncome": 116829000,
    "netIncomeRatio": 0.3218021959,
    "eps": 1.31,
    "epsdiluted": 1.28,
    "weightedAverageShsOut": 89112001,
    "weightedAverageShsOutDil": 91585001,
    "link": "https://www.sec.gov/Archives/edgar/data/1408198/000156459018019058/0001564590-18-019058-index.htm",
    "finalLink": "https://www.sec.gov/Archives/edgar/data/1408198/000156459018019058/msci-10q_20180630.htm"
  },
  {
    "date": "2018-03-31",
    "symbol": "MSCI",
    "reportedCurrency": "USD",
    "cik": "0001408198",
    "fillingDate": "2018-05-04",
    "acceptedDate": "2018-05-04 10:57:54",
    "calendarYear": "2018",
    "period": "Q1",
    "revenue": 351316000,
    "costOfRevenue": 71304000,
    "grossProfit": 280012000,
    "grossProfitRatio": 0.797037425,
    "researchAndDevelopmentExpenses": 20707000,
    "generalAndAdministrativeExpenses": 26187000,
    "sellingAndMarketingExpenses": 46409000,
    "sellingGeneralAndAdministrativeExpenses": 72596000,
    "otherExpenses": 19543000,
    "operatingExpenses": 112846000,
    "costAndExpenses": 184150000,
    "interestIncome": 2770000,
    "interestExpense": 29560000,
    "depreciationAndAmortization": 19543000,
    "ebitda": 188541000,
    "ebitdaratio": 0.5366706896,
    "operatingIncome": 167166000,
    "operatingIncomeRatio": 0.4758280295,
    "totalOtherIncomeExpensesNet": -27728000,
    "incomeBeforeTax": 139438000,
    "incomeBeforeTaxRatio": 0.3969019344,
    "incomeTaxExpense": 24346000,
    "netIncome": 115092000,
    "netIncomeRatio": 0.3276025003,
    "eps": 1.28,
    "epsdiluted": 1.24,
    "weightedAverageShsOut": 90075001,
    "weightedAverageShsOutDil": 92587001,
    "link": "https://www.sec.gov/Archives/edgar/data/1408198/000156459018010882/0001564590-18-010882-index.htm",
    "finalLink": "https://www.sec.gov/Archives/edgar/data/1408198/000156459018010882/msci-10q_20180331.htm"
  },
  {
    "date": "2017-12-31",
    "symbol": "MSCI",
    "reportedCurrency": "USD",
    "cik": "0001408198",
    "fillingDate": "2018-02-26",
    "acceptedDate": "2018-02-26 10:45:53",
    "calendarYear": "2017",
    "period": "Q4",
    "revenue": 334779000,
    "costOfRevenue": 69306000,
    "grossProfit": 265473000,
    "grossProfitRatio": 0.7929798464,
    "researchAndDevelopmentExpenses": 20721000,
    "generalAndAdministrativeExpenses": 23348000,
    "sellingAndMarketingExpenses": 47771000,
    "sellingGeneralAndAdministrativeExpenses": 71119000,
    "otherExpenses": 19678000,
    "operatingExpenses": 111518000,
    "costAndExpenses": 180824000,
    "interestIncome": 2237000,
    "interestExpense": 29027000,
    "depreciationAndAmortization": 19678000,
    "ebitda": 175665000,
    "ebitdaratio": 0.5247192924,
    "operatingIncome": 153955000,
    "operatingIncomeRatio": 0.4598705415,
    "totalOtherIncomeExpensesNet": -26995000,
    "incomeBeforeTax": 126960000,
    "incomeBeforeTaxRatio": 0.3792352567,
    "incomeTaxExpense": 62358000,
    "netIncome": 64602000,
    "netIncomeRatio": 0.192969093,
    "eps": 0.72,
    "epsdiluted": 0.7,
    "weightedAverageShsOut": 90130001,
    "weightedAverageShsOutDil": 92467001,
    "link": "https://www.sec.gov/Archives/edgar/data/1408198/000156459018003147/0001564590-18-003147-index.htm",
    "finalLink": "https://www.sec.gov/Archives/edgar/data/1408198/000156459018003147/msci-10k_20171231.htm"
  },
  {
    "date": "2017-09-30",
    "symbol": "MSCI",
    "reportedCurrency": "USD",
    "cik": "0001408198",
    "fillingDate": "2017-11-03",
    "acceptedDate": "2017-11-03 11:42:29",
    "calendarYear": "2017",
    "period": "Q3",
    "revenue": 322097000,
    "costOfRevenue": 68491000,
    "grossProfit": 253606000,
    "grossProfitRatio": 0.7873590875,
    "researchAndDevelopmentExpenses": 17983000,
    "generalAndAdministrativeExpenses": 22103000,
    "sellingAndMarketingExpenses": 44918000,
    "sellingGeneralAndAdministrativeExpenses": 67021000,
    "otherExpenses": 19939000,
    "operatingExpenses": 104943000,
    "costAndExpenses": 173434000,
    "interestIncome": 1835000,
    "interestExpense": 29020000,
    "depreciationAndAmortization": 19939000,
    "ebitda": 169762000,
    "ebitdaratio": 0.5270524097,
    "operatingIncome": 148663000,
    "operatingIncomeRatio": 0.4615472979,
    "totalOtherIncomeExpensesNet": -27860000,
    "incomeBeforeTax": 120803000,
    "incomeBeforeTaxRatio": 0.3750516149,
    "incomeTaxExpense": 35650000,
    "netIncome": 85153000,
    "netIncomeRatio": 0.2643706709,
    "eps": 0.94,
    "epsdiluted": 0.93,
    "weightedAverageShsOut": 90112001,
    "weightedAverageShsOutDil": 91868001,
    "link": "https://www.sec.gov/Archives/edgar/data/1408198/000156459017021419/0001564590-17-021419-index.htm",
    "finalLink": "https://www.sec.gov/Archives/edgar/data/1408198/000156459017021419/msci-10q_20170930.htm"
  },
  {
    "date": "2017-06-30",
    "symbol": "MSCI",
    "reportedCurrency": "USD",
    "cik": "0001408198",
    "fillingDate": "2017-08-04",
    "acceptedDate": "2017-08-04 10:32:15",
    "calendarYear": "2017",
    "period": "Q2",
    "revenue": 316089000,
    "costOfRevenue": 68595000,
    "grossProfit": 247494000,
    "grossProfitRatio": 0.7829883356,
    "researchAndDevelopmentExpenses": 18203000,
    "generalAndAdministrativeExpenses": 21448000,
    "sellingAndMarketingExpenses": 41594000,
    "sellingGeneralAndAdministrativeExpenses": 63042000,
    "otherExpenses": 20281000,
    "operatingExpenses": 101526000,
    "costAndExpenses": 170121000,
    "interestIncome": 1310000,
    "interestExpense": 29027000,
    "depreciationAndAmortization": 20281000,
    "ebitda": 166819000,
    "ebitdaratio": 0.5277595867,
    "operatingIncome": 145968000,
    "operatingIncomeRatio": 0.4617939884,
    "totalOtherIncomeExpensesNet": -28457000,
    "incomeBeforeTax": 117511000,
    "incomeBeforeTaxRatio": 0.371765547,
    "incomeTaxExpense": 36245000,
    "netIncome": 81266000,
    "netIncomeRatio": 0.2570984754,
    "eps": 0.9,
    "epsdiluted": 0.89,
    "weightedAverageShsOut": 90404001,
    "weightedAverageShsOutDil": 91708001,
    "link": "https://www.sec.gov/Archives/edgar/data/1408198/000156459017015537/0001564590-17-015537-index.htm",
    "finalLink": "https://www.sec.gov/Archives/edgar/data/1408198/000156459017015537/msci-10q_20170630.htm"
  },
  {
    "date": "2017-03-31",
    "symbol": "MSCI",
    "reportedCurrency": "USD",
    "cik": "0001408198",
    "fillingDate": "2017-05-05",
    "acceptedDate": "2017-05-05 11:10:08",
    "calendarYear": "2017",
    "period": "Q1",
    "revenue": 301207000,
    "costOfRevenue": 67521000,
    "grossProfit": 233686000,
    "grossProfitRatio": 0.775831903,
    "researchAndDevelopmentExpenses": 18977000,
    "generalAndAdministrativeExpenses": 21004000,
    "sellingAndMarketingExpenses": 43014000,
    "sellingGeneralAndAdministrativeExpenses": 64018000,
    "otherExpenses": 20089000,
    "operatingExpenses": 103084000,
    "costAndExpenses": 170605000,
    "interestIncome": 932000,
    "interestExpense": 29024000,
    "depreciationAndAmortization": 20089000,
    "ebitda": 150738000,
    "ebitdaratio": 0.5004465368,
    "operatingIncome": 130602000,
    "operatingIncomeRatio": 0.4335955008,
    "totalOtherIncomeExpensesNet": -28977000,
    "incomeBeforeTax": 101625000,
    "incomeBeforeTaxRatio": 0.3373925573,
    "incomeTaxExpense": 28674000,
    "netIncome": 72951000,
    "netIncomeRatio": 0.2421955665,
    "eps": 0.8,
    "epsdiluted": 0.8,
    "weightedAverageShsOut": 90708001,
    "weightedAverageShsOutDil": 91624001,
    "link": "https://www.sec.gov/Archives/edgar/data/1408198/000156459017008974/0001564590-17-008974-index.htm",
    "finalLink": "https://www.sec.gov/Archives/edgar/data/1408198/000156459017008974/msci-10q_20170331.htm"
  },
  {
    "date": "2016-12-31",
    "symbol": "MSCI",
    "reportedCurrency": "USD",
    "cik": "0001408198",
    "fillingDate": "2017-02-24",
    "acceptedDate": "2017-02-24 12:14:24",
    "calendarYear": "2016",
    "period": "Q4",
    "revenue": 292812000,
    "costOfRevenue": 63819000,
    "grossProfit": 228993000,
    "grossProfitRatio": 0.7820478669,
    "researchAndDevelopmentExpenses": 18960000,
    "generalAndAdministrativeExpenses": 21467000,
    "sellingAndMarketingExpenses": 41609000,
    "sellingGeneralAndAdministrativeExpenses": 63076000,
    "otherExpenses": 20945000,
    "operatingExpenses": 102981000,
    "costAndExpenses": 166800000,
    "interestIncome": 901000,
    "interestExpense": 29039000,
    "depreciationAndAmortization": 20945000,
    "ebitda": 147079000,
    "ebitdaratio": 0.5022984031,
    "operatingIncome": 126012000,
    "operatingIncomeRatio": 0.4303512151,
    "totalOtherIncomeExpensesNet": -28917000,
    "incomeBeforeTax": 97095000,
    "incomeBeforeTaxRatio": 0.3315950166,
    "incomeTaxExpense": 28845000,
    "netIncome": 68250000,
    "netIncomeRatio": 0.2330847096,
    "eps": 0.73,
    "epsdiluted": 0.73,
    "weightedAverageShsOut": 93327001,
    "weightedAverageShsOutDil": 93845001,
    "link": "https://www.sec.gov/Archives/edgar/data/1408198/000156459017002336/0001564590-17-002336-index.htm",
    "finalLink": "https://www.sec.gov/Archives/edgar/data/1408198/000156459017002336/msci-10k_20161231.htm"
  },
  {
    "date": "2016-09-30",
    "symbol": "MSCI",
    "reportedCurrency": "USD",
    "cik": "0001408198",
    "fillingDate": "2016-10-28",
    "acceptedDate": "2016-10-28 12:45:38",
    "calendarYear": "2016",
    "period": "Q3",
    "revenue": 288433000,
    "costOfRevenue": 62986000,
    "grossProfit": 225447000,
    "grossProfitRatio": 0.781626929,
    "researchAndDevelopmentExpenses": 18750000,
    "generalAndAdministrativeExpenses": 21859000,
    "sellingAndMarketingExpenses": 41514000,
    "sellingGeneralAndAdministrativeExpenses": 63373000,
    "otherExpenses": 20064000,
    "operatingExpenses": 102187000,
    "costAndExpenses": 165173000,
    "interestIncome": 799000,
    "interestExpense": 26790000,
    "depreciationAndAmortization": 20064000,
    "ebitda": 144376000,
    "ebitdaratio": 0.500552988,
    "operatingIncome": 123260000,
    "operatingIncomeRatio": 0.4273436119,
    "totalOtherIncomeExpensesNet": -25738000,
    "incomeBeforeTax": 97522000,
    "incomeBeforeTaxRatio": 0.338109717,
    "incomeTaxExpense": 32241000,
    "netIncome": 65281000,
    "netIncomeRatio": 0.2263298582,
    "eps": 0.69,
    "epsdiluted": 0.68,
    "weightedAverageShsOut": 94823001,
    "weightedAverageShsOutDil": 95473001,
    "link": "https://www.sec.gov/Archives/edgar/data/1408198/000156459016026460/0001564590-16-026460-index.htm",
    "finalLink": "https://www.sec.gov/Archives/edgar/data/1408198/000156459016026460/msci-10q_20160930.htm"
  },
  {
    "date": "2016-06-30",
    "symbol": "MSCI",
    "reportedCurrency": "USD",
    "cik": "0001408198",
    "fillingDate": "2016-07-29",
    "acceptedDate": "2016-07-29 14:28:44",
    "calendarYear": "2016",
    "period": "Q2",
    "revenue": 290596000,
    "costOfRevenue": 62130000,
    "grossProfit": 228466000,
    "grossProfitRatio": 0.7861980206,
    "researchAndDevelopmentExpenses": 18566000,
    "generalAndAdministrativeExpenses": 22019000,
    "sellingAndMarketingExpenses": 41854000,
    "sellingGeneralAndAdministrativeExpenses": 63873000,
    "otherExpenses": 20336000,
    "operatingExpenses": 102775000,
    "costAndExpenses": 164905000,
    "interestIncome": 585000,
    "interestExpense": 22918000,
    "depreciationAndAmortization": 20336000,
    "ebitda": 146027000,
    "ebitdaratio": 0.5025086374,
    "operatingIncome": 125691000,
    "operatingIncomeRatio": 0.4325283211,
    "totalOtherIncomeExpensesNet": -25147000,
    "incomeBeforeTax": 100544000,
    "incomeBeforeTaxRatio": 0.3459923743,
    "incomeTaxExpense": 33587000,
    "netIncome": 66957000,
    "netIncomeRatio": 0.2304126691,
    "eps": 0.69,
    "epsdiluted": 0.69,
    "weightedAverageShsOut": 96412001,
    "weightedAverageShsOutDil": 96888001,
    "link": "https://www.sec.gov/Archives/edgar/data/1408198/000156459016021770/0001564590-16-021770-index.htm",
    "finalLink": "https://www.sec.gov/Archives/edgar/data/1408198/000156459016021770/msci-10q_20160630.htm"
  },
  {
    "date": "2016-03-31",
    "symbol": "MSCI",
    "reportedCurrency": "USD",
    "cik": "0001408198",
    "fillingDate": "2016-04-29",
    "acceptedDate": "2016-04-29 12:38:32",
    "calendarYear": "2016",
    "period": "Q1",
    "revenue": 278828000,
    "costOfRevenue": 63172000,
    "grossProfit": 215656000,
    "grossProfitRatio": 0.7734373879,
    "researchAndDevelopmentExpenses": 18928000,
    "generalAndAdministrativeExpenses": 21890000,
    "sellingAndMarketingExpenses": 41689000,
    "sellingGeneralAndAdministrativeExpenses": 63579000,
    "otherExpenses": 20008000,
    "operatingExpenses": 102515000,
    "costAndExpenses": 165687000,
    "interestIncome": 621000,
    "interestExpense": 22904000,
    "depreciationAndAmortization": 20008000,
    "ebitda": 133149000,
    "ebitdaratio": 0.477530951,
    "operatingIncome": 113141000,
    "operatingIncomeRatio": 0.4057734517,
    "totalOtherIncomeExpensesNet": -22364000,
    "incomeBeforeTax": 90777000,
    "incomeBeforeTaxRatio": 0.3255662989,
    "incomeTaxExpense": 30410000,
    "netIncome": 60367000,
    "netIncomeRatio": 0.2165026468,
    "eps": 0.61,
    "epsdiluted": 0.6,
    "weightedAverageShsOut": 99425001,
    "weightedAverageShsOutDil": 99998001,
    "link": "https://www.sec.gov/Archives/edgar/data/1408198/000119312516567595/0001193125-16-567595-index.htm",
    "finalLink": "https://www.sec.gov/Archives/edgar/data/1408198/000119312516567595/d158720d10q.htm"
  },
  {
    "date": "2015-12-31",
    "symbol": "MSCI",
    "reportedCurrency": "USD",
    "cik": "0001408198",
    "fillingDate": "2016-02-26",
    "acceptedDate": "2016-02-26 17:06:29",
    "calendarYear": "2015",
    "period": "Q4",
    "revenue": 272893000,
    "costOfRevenue": 64804000,
    "grossProfit": 208089000,
    "grossProfitRatio": 0.7625296362,
    "researchAndDevelopmentExpenses": 17776000,
    "generalAndAdministrativeExpenses": 23590000,
    "sellingAndMarketingExpenses": 39809000,
    "sellingGeneralAndAdministrativeExpenses": 63399000,
    "otherExpenses": 19371000,
    "operatingExpenses": 100546000,
    "costAndExpenses": 165350000,
    "interestIncome": 492000,
    "interestExpense": 22896000,
    "depreciationAndAmortization": 19371000,
    "ebitda": 126914000,
    "ebitdaratio": 0.4650687266,
    "operatingIncome": 107543000,
    "operatingIncomeRatio": 0.3940848611,
    "totalOtherIncomeExpensesNet": -22107000,
    "incomeBeforeTax": 85436000,
    "incomeBeforeTaxRatio": 0.313075088,
    "incomeTaxExpense": 25437000,
    "netIncome": 59406000,
    "netIncomeRatio": 0.2176897172,
    "eps": 0.58,
    "epsdiluted": 0.57,
    "weightedAverageShsOut": 102837001,
    "weightedAverageShsOutDil": 103590001,
    "link": "https://www.sec.gov/Archives/edgar/data/1408198/000119312516482334/0001193125-16-482334-index.htm",
    "finalLink": "https://www.sec.gov/Archives/edgar/data/1408198/000119312516482334/d20757d10k.htm"
  },
  {
    "date": "2015-09-30",
    "symbol": "MSCI",
    "reportedCurrency": "USD",
    "cik": "0001408198",
    "fillingDate": "2015-10-30",
    "acceptedDate": "2015-10-30 10:53:48",
    "calendarYear": "2015",
    "period": "Q3",
    "revenue": 268771000,
    "costOfRevenue": 65593000,
    "grossProfit": 203178000,
    "grossProfitRatio": 0.755952093,
    "researchAndDevelopmentExpenses": 15548000,
    "generalAndAdministrativeExpenses": 19960000,
    "sellingAndMarketingExpenses": 38809000,
    "sellingGeneralAndAdministrativeExpenses": 58769000,
    "otherExpenses": 6922000,
    "operatingExpenses": 94076000,
    "costAndExpenses": 159669000,
    "interestIncome": 285000,
    "interestExpense": 17267000,
    "depreciationAndAmortization": 19759000,
    "ebitda": 124358000,
    "ebitdaratio": 0.4626912874,
    "operatingIncome": 109102000,
    "operatingIncomeRatio": 0.4059292111,
    "totalOtherIncomeExpensesNet": -10060000,
    "incomeBeforeTax": 99042000,
    "incomeBeforeTaxRatio": 0.3684995777,
    "incomeTaxExpense": 34644000,
    "netIncome": 64398000,
    "netIncomeRatio": 0.2396017427,
    "eps": 0.59,
    "epsdiluted": 0.59,
    "weightedAverageShsOut": 108773001,
    "weightedAverageShsOutDil": 109440001,
    "link": "https://www.sec.gov/Archives/edgar/data/1408198/000119312515359428/0001193125-15-359428-index.htm",
    "finalLink": "https://www.sec.gov/Archives/edgar/data/1408198/000119312515359428/d40338d10q.htm"
  },
  {
    "date": "2015-06-30",
    "symbol": "MSCI",
    "reportedCurrency": "USD",
    "cik": "0001408198",
    "fillingDate": "2015-07-31",
    "acceptedDate": "2015-07-31 11:27:30",
    "calendarYear": "2015",
    "period": "Q2",
    "revenue": 270580000,
    "costOfRevenue": 76753000,
    "grossProfit": 193827000,
    "grossProfitRatio": 0.7163389755,
    "researchAndDevelopmentExpenses": 20807000,
    "generalAndAdministrativeExpenses": 75556000,
    "sellingAndMarketingExpenses": 0,
    "sellingGeneralAndAdministrativeExpenses": 75556000,
    "otherExpenses": -164000,
    "operatingExpenses": 95316000,
    "costAndExpenses": 172069000,
    "interestIncome": 185000,
    "interestExpense": 11116000,
    "depreciationAndAmortization": 19760000,
    "ebitda": 118271000,
    "ebitdaratio": 0.4371017814,
    "operatingIncome": 98511000,
    "operatingIncomeRatio": 0.3640734718,
    "totalOtherIncomeExpensesNet": -11095000,
    "incomeBeforeTax": 87416000,
    "incomeBeforeTaxRatio": 0.323068963,
    "incomeTaxExpense": 31399000,
    "netIncome": 56017000,
    "netIncomeRatio": 0.2070256486,
    "eps": 0.5,
    "epsdiluted": 0.5,
    "weightedAverageShsOut": 112143001,
    "weightedAverageShsOutDil": 112931001,
    "link": "https://www.sec.gov/Archives/edgar/data/1408198/000119312515272325/0001193125-15-272325-index.htm",
    "finalLink": "https://www.sec.gov/Archives/edgar/data/1408198/000119312515272325/d938959d10q.htm"
  },
  {
    "date": "2015-03-31",
    "symbol": "MSCI",
    "reportedCurrency": "USD",
    "cik": "0001408198",
    "fillingDate": "2015-05-01",
    "acceptedDate": "2015-05-01 15:41:13",
    "calendarYear": "2015",
    "period": "Q1",
    "revenue": 262769000,
    "costOfRevenue": 82653000,
    "grossProfit": 180116000,
    "grossProfitRatio": 0.6854537636,
    "researchAndDevelopmentExpenses": 23189000,
    "generalAndAdministrativeExpenses": 72465000,
    "sellingAndMarketingExpenses": 0,
    "sellingGeneralAndAdministrativeExpenses": 72465000,
    "otherExpenses": -178000,
    "operatingExpenses": 91374000,
    "costAndExpenses": 174027000,
    "interestIncome": 204000,
    "interestExpense": 11108000,
    "depreciationAndAmortization": 18909000,
    "ebitda": 107651000,
    "ebitdaratio": 0.409679224,
    "operatingIncome": 88742000,
    "operatingIncomeRatio": 0.3377186807,
    "totalOtherIncomeExpensesNet": -11082000,
    "incomeBeforeTax": 77660000,
    "incomeBeforeTaxRatio": 0.295544756,
    "incomeTaxExpense": 28036000,
    "netIncome": 43827000,
    "netIncomeRatio": 0.1667890809,
    "eps": 0.39,
    "epsdiluted": 0.39,
    "weightedAverageShsOut": 112520001,
    "weightedAverageShsOutDil": 113522001,
    "link": "https://www.sec.gov/Archives/edgar/data/1408198/000119312515166092/0001193125-15-166092-index.htm",
    "finalLink": "https://www.sec.gov/Archives/edgar/data/1408198/000119312515166092/d890907d10q.htm"
  },
  {
    "date": "2014-12-31",
    "symbol": "MSCI",
    "reportedCurrency": "USD",
    "cik": "0001408198",
    "fillingDate": "2015-02-27",
    "acceptedDate": "2015-02-27 16:08:27",
    "calendarYear": "2014",
    "period": "Q4",
    "revenue": 251105000,
    "costOfRevenue": 77455000,
    "grossProfit": 173650000,
    "grossProfitRatio": 0.6915433783,
    "researchAndDevelopmentExpenses": 17235000,
    "generalAndAdministrativeExpenses": 69345000,
    "sellingAndMarketingExpenses": 0,
    "sellingGeneralAndAdministrativeExpenses": 69345000,
    "otherExpenses": 1199000,
    "operatingExpenses": 88556000,
    "costAndExpenses": 166011000,
    "interestIncome": 226000,
    "interestExpense": 15791000,
    "depreciationAndAmortization": 19211000,
    "ebitda": 104305000,
    "ebitdaratio": 0.4153840027,
    "operatingIncome": 85094000,
    "operatingIncomeRatio": 0.3388781585,
    "totalOtherIncomeExpensesNet": -14366000,
    "incomeBeforeTax": 70728000,
    "incomeBeforeTaxRatio": 0.2816670317,
    "incomeTaxExpense": 27459000,
    "netIncome": 44340000,
    "netIncomeRatio": 0.1765795185,
    "eps": 0.39,
    "epsdiluted": 0.39,
    "weightedAverageShsOut": 112299001,
    "weightedAverageShsOutDil": 113289001,
    "link": "https://www.sec.gov/Archives/edgar/data/1408198/000119312515069699/0001193125-15-069699-index.htm",
    "finalLink": "https://www.sec.gov/Archives/edgar/data/1408198/000119312515069699/d832959d10k.htm"
  },
  {
    "date": "2014-09-30",
    "symbol": "MSCI",
    "reportedCurrency": "USD",
    "cik": "0001408198",
    "fillingDate": "2014-10-30",
    "acceptedDate": "2014-10-30 16:24:22",
    "calendarYear": "2014",
    "period": "Q3",
    "revenue": 251661000,
    "costOfRevenue": 78876000,
    "grossProfit": 172785000,
    "grossProfitRatio": 0.6865783733,
    "researchAndDevelopmentExpenses": 19021000,
    "generalAndAdministrativeExpenses": 70833000,
    "sellingAndMarketingExpenses": 0,
    "sellingGeneralAndAdministrativeExpenses": 70833000,
    "otherExpenses": 1287000,
    "operatingExpenses": 88749000,
    "costAndExpenses": 167625000,
    "interestIncome": 277000,
    "interestExpense": 5604000,
    "depreciationAndAmortization": 17916000,
    "ebitda": 101952000,
    "ebitdaratio": 0.4051164066,
    "operatingIncome": 84036000,
    "operatingIncomeRatio": 0.3339253996,
    "totalOtherIncomeExpensesNet": -4040000,
    "incomeBeforeTax": 79996000,
    "incomeBeforeTaxRatio": 0.317872058,
    "incomeTaxExpense": 28272000,
    "netIncome": 51714000,
    "netIncomeRatio": 0.2054907197,
    "eps": 0.44,
    "epsdiluted": 0.44,
    "weightedAverageShsOut": 116251001,
    "weightedAverageShsOutDil": 117163001,
    "link": "https://www.sec.gov/Archives/edgar/data/1408198/000119312514389705/0001193125-14-389705-index.htm",
    "finalLink": "https://www.sec.gov/Archives/edgar/data/1408198/000119312514389705/d783799d10q.htm"
  },
  {
    "date": "2014-06-30",
    "symbol": "MSCI",
    "reportedCurrency": "USD",
    "cik": "0001408198",
    "fillingDate": "2014-08-06",
    "acceptedDate": "2014-08-06 16:28:29",
    "calendarYear": "2014",
    "period": "Q2",
    "revenue": 254226000,
    "costOfRevenue": 76816000,
    "grossProfit": 177410000,
    "grossProfitRatio": 0.6978436509,
    "researchAndDevelopmentExpenses": 0,
    "generalAndAdministrativeExpenses": 71516000,
    "sellingAndMarketingExpenses": 0,
    "sellingGeneralAndAdministrativeExpenses": 71516000,
    "otherExpenses": 726000,
    "operatingExpenses": 88879000,
    "costAndExpenses": 165695000,
    "interestIncome": 192000,
    "interestExpense": 5366000,
    "depreciationAndAmortization": 17363000,
    "ebitda": 105894000,
    "ebitdaratio": 0.4165348941,
    "operatingIncome": 88531000,
    "operatingIncomeRatio": 0.3482373951,
    "totalOtherIncomeExpensesNet": -4448000,
    "incomeBeforeTax": 84083000,
    "incomeBeforeTaxRatio": 0.3307411516,
    "incomeTaxExpense": 27280000,
    "netIncome": 107660000,
    "netIncomeRatio": 0.4234814692,
    "eps": 0.92,
    "epsdiluted": 0.91,
    "weightedAverageShsOut": 116702001,
    "weightedAverageShsOutDil": 117664001,
    "link": "https://www.sec.gov/Archives/edgar/data/1408198/000119312514298296/0001193125-14-298296-index.htm",
    "finalLink": "https://www.sec.gov/Archives/edgar/data/1408198/000119312514298296/d731901d10q.htm"
  },
  {
    "date": "2014-03-31",
    "symbol": "MSCI",
    "reportedCurrency": "USD",
    "cik": "0001408198",
    "fillingDate": "2014-05-02",
    "acceptedDate": "2014-05-02 15:37:47",
    "calendarYear": "2014",
    "period": "Q1",
    "revenue": 239688000,
    "costOfRevenue": 75427000,
    "grossProfit": 164261000,
    "grossProfitRatio": 0.6853117386,
    "researchAndDevelopmentExpenses": 0,
    "generalAndAdministrativeExpenses": 67658000,
    "sellingAndMarketingExpenses": 0,
    "sellingGeneralAndAdministrativeExpenses": 67658000,
    "otherExpenses": -1071000,
    "operatingExpenses": 84756000,
    "costAndExpenses": 160183000,
    "interestIncome": 156000,
    "interestExpense": 5059000,
    "depreciationAndAmortization": 17098000,
    "ebitda": 99562000,
    "ebitdaratio": 0.4153816628,
    "operatingIncome": 79505000,
    "operatingIncomeRatio": 0.331702046,
    "totalOtherIncomeExpensesNet": -5974000,
    "incomeBeforeTax": 73531000,
    "incomeBeforeTaxRatio": 0.306777978,
    "incomeTaxExpense": 26385000,
    "netIncome": 80399000,
    "netIncomeRatio": 0.3354318948,
    "eps": 0.68,
    "epsdiluted": 0.68,
    "weightedAverageShsOut": 117582001,
    "weightedAverageShsOutDil": 118597001,
    "link": "https://www.sec.gov/Archives/edgar/data/1408198/000119312514180056/0001193125-14-180056-index.htm",
    "finalLink": "https://www.sec.gov/Archives/edgar/data/1408198/000119312514180056/d688658d10q.htm"
  },
  {
    "date": "2013-12-31",
    "symbol": "MSCI",
    "reportedCurrency": "USD",
    "cik": "0001408198",
    "fillingDate": "2014-02-28",
    "acceptedDate": "2014-02-28 17:25:37",
    "calendarYear": "2013",
    "period": "Q4",
    "revenue": 267622000,
    "costOfRevenue": 84727000,
    "grossProfit": 182895000,
    "grossProfitRatio": 0.6834079411,
    "researchAndDevelopmentExpenses": 0,
    "generalAndAdministrativeExpenses": 70722000,
    "sellingAndMarketingExpenses": 0,
    "sellingGeneralAndAdministrativeExpenses": 70722000,
    "otherExpenses": -154000,
    "operatingExpenses": 91524000,
    "costAndExpenses": 176251000,
    "interestIncome": 261000,
    "interestExpense": 6914000,
    "depreciationAndAmortization": 20802000,
    "ebitda": 104449000,
    "ebitdaratio": 0.390285552,
    "operatingIncome": 91371000,
    "operatingIncomeRatio": 0.3414181196,
    "totalOtherIncomeExpensesNet": -6807000,
    "incomeBeforeTax": 84564000,
    "incomeBeforeTaxRatio": 0.3159829909,
    "incomeTaxExpense": 37307000,
    "netIncome": 47257000,
    "netIncomeRatio": 0.176581148,
    "eps": 0.4,
    "epsdiluted": 0.39,
    "weightedAverageShsOut": 118828001,
    "weightedAverageShsOutDil": 119877001,
    "link": "https://www.sec.gov/Archives/edgar/data/1408198/000119312514077882/0001193125-14-077882-index.htm",
    "finalLink": "https://www.sec.gov/Archives/edgar/data/1408198/000119312514077882/d640965d10k.htm"
  },
  {
    "date": "2013-09-30",
    "symbol": "MSCI",
    "reportedCurrency": "USD",
    "cik": "0001408198",
    "fillingDate": "2013-11-01",
    "acceptedDate": "2013-11-01 16:43:58",
    "calendarYear": "2013",
    "period": "Q3",
    "revenue": 258238000,
    "costOfRevenue": 80040000,
    "grossProfit": 178198000,
    "grossProfitRatio": 0.6900533616,
    "researchAndDevelopmentExpenses": 0,
    "generalAndAdministrativeExpenses": 65380000,
    "sellingAndMarketingExpenses": 0,
    "sellingGeneralAndAdministrativeExpenses": 65380000,
    "otherExpenses": -627000,
    "operatingExpenses": 85762000,
    "costAndExpenses": 165802000,
    "interestIncome": 265000,
    "interestExpense": 5827000,
    "depreciationAndAmortization": 20382000,
    "ebitda": 104286000,
    "ebitdaratio": 0.4038367707,
    "operatingIncome": 92436000,
    "operatingIncomeRatio": 0.3579488689,
    "totalOtherIncomeExpensesNet": 2343000,
    "incomeBeforeTax": 86247000,
    "incomeBeforeTaxRatio": 0.3339826052,
    "incomeTaxExpense": 30937000,
    "netIncome": 55310000,
    "netIncomeRatio": 0.214182266,
    "eps": 0.46,
    "epsdiluted": 0.46,
    "weightedAverageShsOut": 119607001,
    "weightedAverageShsOutDil": 120578001,
    "link": "https://www.sec.gov/Archives/edgar/data/1408198/000119312513423118/0001193125-13-423118-index.htm",
    "finalLink": "https://www.sec.gov/Archives/edgar/data/1408198/000119312513423118/d598270d10q.htm"
  },
  {
    "date": "2013-06-30",
    "symbol": "MSCI",
    "reportedCurrency": "USD",
    "cik": "0001408198",
    "fillingDate": "2013-08-02",
    "acceptedDate": "2013-08-02 16:13:47",
    "calendarYear": "2013",
    "period": "Q2",
    "revenue": 257898000,
    "costOfRevenue": 83359000,
    "grossProfit": 174539000,
    "grossProfitRatio": 0.6767753143,
    "researchAndDevelopmentExpenses": 0,
    "generalAndAdministrativeExpenses": 57612000,
    "sellingAndMarketingExpenses": 0,
    "sellingGeneralAndAdministrativeExpenses": 57612000,
    "otherExpenses": 354000,
    "operatingExpenses": 77367000,
    "costAndExpenses": 160726000,
    "interestIncome": 237000,
    "interestExpense": 6504000,
    "depreciationAndAmortization": 19755000,
    "ebitda": 110158000,
    "ebitdaratio": 0.4271378607,
    "operatingIncome": 97172000,
    "operatingIncomeRatio": 0.3767846203,
    "totalOtherIncomeExpensesNet": 1370000,
    "incomeBeforeTax": 91259000,
    "incomeBeforeTaxRatio": 0.3538569512,
    "incomeTaxExpense": 30206000,
    "netIncome": 61053000,
    "netIncomeRatio": 0.2367331271,
    "eps": 0.5,
    "epsdiluted": 0.5,
    "weightedAverageShsOut": 121149001,
    "weightedAverageShsOutDil": 122069001,
    "link": "https://www.sec.gov/Archives/edgar/data/1408198/000119312513317208/0001193125-13-317208-index.htm",
    "finalLink": "https://www.sec.gov/Archives/edgar/data/1408198/000119312513317208/d548102d10q.htm"
  },
  {
    "date": "2013-03-31",
    "symbol": "MSCI",
    "reportedCurrency": "USD",
    "cik": "0001408198",
    "fillingDate": "2013-05-10",
    "acceptedDate": "2013-05-10 16:38:02",
    "calendarYear": "2013",
    "period": "Q1",
    "revenue": 251909000,
    "costOfRevenue": 80185000,
    "grossProfit": 171724000,
    "grossProfitRatio": 0.6816906105,
    "researchAndDevelopmentExpenses": 0,
    "generalAndAdministrativeExpenses": 61631000,
    "sellingAndMarketingExpenses": 0,
    "sellingGeneralAndAdministrativeExpenses": 61631000,
    "otherExpenses": -224000,
    "operatingExpenses": 81197000,
    "costAndExpenses": 161382000,
    "interestIncome": 268000,
    "interestExpense": 7020000,
    "depreciationAndAmortization": 19566000,
    "ebitda": 110137000,
    "ebitdaratio": 0.4372094685,
    "operatingIncome": 90527000,
    "operatingIncomeRatio": 0.3593638973,
    "totalOtherIncomeExpensesNet": 660000,
    "incomeBeforeTax": 83551000,
    "incomeBeforeTaxRatio": 0.3316713575,
    "incomeTaxExpense": 24614000,
    "netIncome": 58937000,
    "netIncomeRatio": 0.2339614702,
    "eps": 0.49,
    "epsdiluted": 0.48,
    "weightedAverageShsOut": 120746001,
    "weightedAverageShsOutDil": 121702001,
    "link": "https://www.sec.gov/Archives/edgar/data/1408198/000119312513214358/0001193125-13-214358-index.htm",
    "finalLink": "https://www.sec.gov/Archives/edgar/data/1408198/000119312513214358/d503647d10q.htm"
  },
  {
    "date": "2012-12-31",
    "symbol": "MSCI",
    "reportedCurrency": "USD",
    "cik": "0001408198",
    "fillingDate": "2013-03-01",
    "acceptedDate": "2013-03-01 17:19:08",
    "calendarYear": "2012",
    "period": "Q4",
    "revenue": 247080000,
    "costOfRevenue": 74191000,
    "grossProfit": 172889000,
    "grossProfitRatio": 0.6997288328,
    "researchAndDevelopmentExpenses": 95500000,
    "generalAndAdministrativeExpenses": 57172000,
    "sellingAndMarketingExpenses": 0,
    "sellingGeneralAndAdministrativeExpenses": 57172000,
    "otherExpenses": -56000,
    "operatingExpenses": 77582000,
    "costAndExpenses": 151773000,
    "interestIncome": 242000,
    "interestExpense": 7178000,
    "depreciationAndAmortization": 20410000,
    "ebitda": 115903000,
    "ebitdaratio": 0.4690909827,
    "operatingIncome": 95307000,
    "operatingIncomeRatio": 0.3857333657,
    "totalOtherIncomeExpensesNet": -6992000,
    "incomeBeforeTax": 88315000,
    "incomeBeforeTaxRatio": 0.3574348389,
    "incomeTaxExpense": 33863000,
    "netIncome": 54452000,
    "netIncomeRatio": 0.2203820625,
    "eps": 0.45,
    "epsdiluted": 0.44,
    "weightedAverageShsOut": 122082001,
    "weightedAverageShsOutDil": 122995001,
    "link": "https://www.sec.gov/Archives/edgar/data/1408198/000119312513087988/0001193125-13-087988-index.htm",
    "finalLink": "https://www.sec.gov/Archives/edgar/data/1408198/000119312513087988/d448124d10k.htm"
  },
  {
    "date": "2012-09-30",
    "symbol": "MSCI",
    "reportedCurrency": "USD",
    "cik": "0001408198",
    "fillingDate": "2012-11-06",
    "acceptedDate": "2012-11-06 16:50:48",
    "calendarYear": "2012",
    "period": "Q3",
    "revenue": 235444000,
    "costOfRevenue": 68350000,
    "grossProfit": 167094000,
    "grossProfitRatio": 0.7096974227,
    "researchAndDevelopmentExpenses": 0,
    "generalAndAdministrativeExpenses": 62973000,
    "sellingAndMarketingExpenses": 0,
    "sellingGeneralAndAdministrativeExpenses": 62973000,
    "otherExpenses": 20592000,
    "operatingExpenses": 83565000,
    "costAndExpenses": 151915000,
    "interestIncome": 252000,
    "interestExpense": 7314000,
    "depreciationAndAmortization": 20592000,
    "ebitda": 87541000,
    "ebitdaratio": 0.3718124055,
    "operatingIncome": 83529000,
    "operatingIncomeRatio": 0.3547722601,
    "totalOtherIncomeExpensesNet": -7935000,
    "incomeBeforeTax": 75594000,
    "incomeBeforeTaxRatio": 0.3210699784,
    "incomeTaxExpense": 27320000,
    "netIncome": 48274000,
    "netIncomeRatio": 0.2050338934,
    "eps": 0.39,
    "epsdiluted": 0.39,
    "weightedAverageShsOut": 122261001,
    "weightedAverageShsOutDil": 123450001,
    "link": "https://www.sec.gov/Archives/edgar/data/1408198/000119312512454715/0001193125-12-454715-index.htm",
    "finalLink": "https://www.sec.gov/Archives/edgar/data/1408198/000119312512454715/d404880d10q.htm"
  },
  {
    "date": "2012-06-30",
    "symbol": "MSCI",
    "reportedCurrency": "USD",
    "cik": "0001408198",
    "fillingDate": "2012-08-03",
    "acceptedDate": "2012-08-03 15:40:38",
    "calendarYear": "2012",
    "period": "Q2",
    "revenue": 238565000,
    "costOfRevenue": 73243000,
    "grossProfit": 165322000,
    "grossProfitRatio": 0.6929851403,
    "researchAndDevelopmentExpenses": 0,
    "generalAndAdministrativeExpenses": 57602000,
    "sellingAndMarketingExpenses": 0,
    "sellingGeneralAndAdministrativeExpenses": 57602000,
    "otherExpenses": 20621000,
    "operatingExpenses": 78223000,
    "costAndExpenses": 151466000,
    "interestIncome": 237000,
    "interestExpense": 29581000,
    "depreciationAndAmortization": 20621000,
    "ebitda": 91504000,
    "ebitdaratio": 0.383560036,
    "operatingIncome": 87121000,
    "operatingIncomeRatio": 0.3651876847,
    "totalOtherIncomeExpensesNet": -29860000,
    "incomeBeforeTax": 57261000,
    "incomeBeforeTaxRatio": 0.2400226353,
    "incomeTaxExpense": 19715000,
    "netIncome": 37546000,
    "netIncomeRatio": 0.157382684,
    "eps": 0.31,
    "epsdiluted": 0.3,
    "weightedAverageShsOut": 122030001,
    "weightedAverageShsOutDil": 123295001,
    "link": "https://www.sec.gov/Archives/edgar/data/1408198/000119312512334714/0001193125-12-334714-index.htm",
    "finalLink": "https://www.sec.gov/Archives/edgar/data/1408198/000119312512334714/d364802d10q.htm"
  },
  {
    "date": "2012-03-31",
    "symbol": "MSCI",
    "reportedCurrency": "USD",
    "cik": "0001408198",
    "fillingDate": "2012-05-04",
    "acceptedDate": "2012-05-04 17:19:52",
    "calendarYear": "2012",
    "period": "Q1",
    "revenue": 229052000,
    "costOfRevenue": 72291000,
    "grossProfit": 156761000,
    "grossProfitRatio": 0.6843904441,
    "researchAndDevelopmentExpenses": 0,
    "generalAndAdministrativeExpenses": 55436000,
    "sellingAndMarketingExpenses": 0,
    "sellingGeneralAndAdministrativeExpenses": 55436000,
    "otherExpenses": 20375000,
    "operatingExpenses": 75811000,
    "costAndExpenses": 148102000,
    "interestIncome": 223000,
    "interestExpense": 12355000,
    "depreciationAndAmortization": 20375000,
    "ebitda": 85010000,
    "ebitdaratio": 0.3711384314,
    "operatingIncome": 80979000,
    "operatingIncomeRatio": 0.3535398076,
    "totalOtherIncomeExpensesNet": -12740000,
    "incomeBeforeTax": 68239000,
    "incomeBeforeTaxRatio": 0.2979192498,
    "incomeTaxExpense": 24273000,
    "netIncome": 43966000,
    "netIncomeRatio": 0.19194768,
    "eps": 0.36,
    "epsdiluted": 0.36,
    "weightedAverageShsOut": 121754001,
    "weightedAverageShsOutDil": 123113001,
    "link": "https://www.sec.gov/Archives/edgar/data/1408198/000119312512212354/0001193125-12-212354-index.htm",
    "finalLink": "https://www.sec.gov/Archives/edgar/data/1408198/000119312512212354/d324997d10q.htm"
  },
  {
    "date": "2011-12-31",
    "symbol": "MSCI",
    "reportedCurrency": "USD",
    "cik": "0001408198",
    "fillingDate": "2012-02-29",
    "acceptedDate": "2012-02-29 06:18:47",
    "calendarYear": "2011",
    "period": "Q4",
    "revenue": 226134000,
    "costOfRevenue": 69121000,
    "grossProfit": 157013000,
    "grossProfitRatio": 0.6943361016,
    "researchAndDevelopmentExpenses": 0,
    "generalAndAdministrativeExpenses": 54509000,
    "sellingAndMarketingExpenses": 0,
    "sellingGeneralAndAdministrativeExpenses": 54509000,
    "otherExpenses": 20746000,
    "operatingExpenses": 75255000,
    "costAndExpenses": 144376000,
    "interestIncome": 335000,
    "interestExpense": 13267000,
    "depreciationAndAmortization": 20746000,
    "ebitda": 38336000,
    "ebitdaratio": 0.1695278021,
    "operatingIncome": 81633000,
    "operatingIncomeRatio": 0.360993924,
    "totalOtherIncomeExpensesNet": -11505000,
    "incomeBeforeTax": 70128000,
    "incomeBeforeTaxRatio": 0.3101170103,
    "incomeTaxExpense": 25642000,
    "netIncome": 44486000,
    "netIncomeRatio": 0.1967240663,
    "eps": 0.37,
    "epsdiluted": 0.37,
    "weightedAverageShsOut": 121158001,
    "weightedAverageShsOutDil": 121754000,
    "link": "https://www.sec.gov/Archives/edgar/data/1408198/000119312512086989/0001193125-12-086989-index.htm",
    "finalLink": "https://www.sec.gov/Archives/edgar/data/1408198/000119312512086989/d264713d10k.htm"
  },
  {
    "date": "2011-09-30",
    "symbol": "MSCI",
    "reportedCurrency": "USD",
    "cik": "0001408198",
    "fillingDate": "2011-11-04",
    "acceptedDate": "2011-11-04 17:19:45",
    "calendarYear": "2011",
    "period": "Q3",
    "revenue": 225026000,
    "costOfRevenue": 68968000,
    "grossProfit": 156058000,
    "grossProfitRatio": 0.6935109721,
    "researchAndDevelopmentExpenses": 0,
    "generalAndAdministrativeExpenses": 53724000,
    "sellingAndMarketingExpenses": 0,
    "sellingGeneralAndAdministrativeExpenses": 53724000,
    "otherExpenses": 21091000,
    "operatingExpenses": 74815000,
    "costAndExpenses": 143783000,
    "interestIncome": 184000,
    "interestExpense": 13113000,
    "depreciationAndAmortization": 21091000,
    "ebitda": 104503000,
    "ebitdaratio": 0.4644041133,
    "operatingIncome": 82245000,
    "operatingIncomeRatio": 0.3654910988,
    "totalOtherIncomeExpensesNet": -11946000,
    "incomeBeforeTax": 70299000,
    "incomeBeforeTaxRatio": 0.3124039,
    "incomeTaxExpense": 20512000,
    "netIncome": 49787000,
    "netIncomeRatio": 0.2212499889,
    "eps": 0.41,
    "epsdiluted": 0.41,
    "weightedAverageShsOut": 120831001,
    "weightedAverageShsOutDil": 122303001,
    "link": "https://www.sec.gov/Archives/edgar/data/1408198/000119312511297728/0001193125-11-297728-index.htm",
    "finalLink": "https://www.sec.gov/Archives/edgar/data/1408198/000119312511297728/d225456d10q.htm"
  },
  {
    "date": "2011-06-30",
    "symbol": "MSCI",
    "reportedCurrency": "USD",
    "cik": "0001408198",
    "fillingDate": "2011-08-05",
    "acceptedDate": "2011-08-05 13:06:40",
    "calendarYear": "2011",
    "period": "Q2",
    "revenue": 226483000,
    "costOfRevenue": 68840000,
    "grossProfit": 157643000,
    "grossProfitRatio": 0.696047827,
    "researchAndDevelopmentExpenses": 0,
    "generalAndAdministrativeExpenses": 53321000,
    "sellingAndMarketingExpenses": 0,
    "sellingGeneralAndAdministrativeExpenses": 53321000,
    "otherExpenses": 21591000,
    "operatingExpenses": 74912000,
    "costAndExpenses": 143752000,
    "interestIncome": 186000,
    "interestExpense": 12852000,
    "depreciationAndAmortization": 21591000,
    "ebitda": 104085000,
    "ebitdaratio": 0.459570917,
    "operatingIncome": 82691000,
    "operatingIncomeRatio": 0.365109081,
    "totalOtherIncomeExpensesNet": -13049000,
    "incomeBeforeTax": 69642000,
    "incomeBeforeTaxRatio": 0.3074932776,
    "incomeTaxExpense": 23982000,
    "netIncome": 45660000,
    "netIncomeRatio": 0.2016045354,
    "eps": 0.38,
    "epsdiluted": 0.37,
    "weightedAverageShsOut": 120592001,
    "weightedAverageShsOutDil": 122235001,
    "link": "https://www.sec.gov/Archives/edgar/data/1408198/000119312511211881/0001193125-11-211881-index.htm",
    "finalLink": "https://www.sec.gov/Archives/edgar/data/1408198/000119312511211881/d10q.htm"
  },
  {
    "date": "2011-03-31",
    "symbol": "MSCI",
    "reportedCurrency": "USD",
    "cik": "0001408198",
    "fillingDate": "2011-05-06",
    "acceptedDate": "2011-05-06 17:05:41",
    "calendarYear": "2011",
    "period": "Q1",
    "revenue": 223298000,
    "costOfRevenue": 70218000,
    "grossProfit": 153080000,
    "grossProfitRatio": 0.6855412946,
    "researchAndDevelopmentExpenses": 0,
    "generalAndAdministrativeExpenses": 51418000,
    "sellingAndMarketingExpenses": 0,
    "sellingGeneralAndAdministrativeExpenses": 51418000,
    "otherExpenses": 21802000,
    "operatingExpenses": 73220000,
    "costAndExpenses": 143438000,
    "interestIncome": 143000,
    "interestExpense": 16587000,
    "depreciationAndAmortization": 21802000,
    "ebitda": 75041000,
    "ebitdaratio": 0.3360576449,
    "operatingIncome": 75429000,
    "operatingIncomeRatio": 0.3377952333,
    "totalOtherIncomeExpensesNet": -22085000,
    "incomeBeforeTax": 53344000,
    "incomeBeforeTaxRatio": 0.2388915261,
    "incomeTaxExpense": 19823000,
    "netIncome": 33521000,
    "netIncomeRatio": 0.1501177798,
    "eps": 0.28,
    "epsdiluted": 0.27,
    "weightedAverageShsOut": 120282001,
    "weightedAverageShsOutDil": 122013001,
    "link": "https://www.sec.gov/Archives/edgar/data/1408198/000119312511130956/0001193125-11-130956-index.htm",
    "finalLink": "https://www.sec.gov/Archives/edgar/data/1408198/000119312511130956/d10q.htm"
  },
  {
    "date": "2010-11-30",
    "symbol": "MSCI",
    "reportedCurrency": "USD",
    "cik": "0001408198",
    "fillingDate": "2011-01-31",
    "acceptedDate": "2011-01-28 20:13:12",
    "calendarYear": "2010",
    "period": "Q4",
    "revenue": 213318000,
    "costOfRevenue": 69131000,
    "grossProfit": 144187000,
    "grossProfitRatio": 0.6759251446,
    "researchAndDevelopmentExpenses": 0,
    "generalAndAdministrativeExpenses": 0,
    "sellingAndMarketingExpenses": 0,
    "sellingGeneralAndAdministrativeExpenses": 49300000,
    "otherExpenses": 22224000,
    "operatingExpenses": 71524000,
    "costAndExpenses": 140655000,
    "interestIncome": 128000,
    "interestExpense": 17495000,
    "depreciationAndAmortization": 22224000,
    "ebitda": 49199000,
    "ebitdaratio": 0.2306368895,
    "operatingIncome": 70720000,
    "operatingIncomeRatio": 0.3315238283,
    "totalOtherIncomeExpensesNet": -19641000,
    "incomeBeforeTax": 51079000,
    "incomeBeforeTaxRatio": 0.239450023,
    "incomeTaxExpense": 20813000,
    "netIncome": 30266000,
    "netIncomeRatio": 0.1418820728,
    "eps": 0.26,
    "epsdiluted": 0.26,
    "weightedAverageShsOut": 118339000,
    "weightedAverageShsOutDil": 118339000,
    "link": "https://www.sec.gov/Archives/edgar/data/1408198/000119312511017728/0001193125-11-017728-index.htm",
    "finalLink": "https://www.sec.gov/Archives/edgar/data/1408198/000119312511017728/d10k.htm"
  },
  {
    "date": "2010-08-31",
    "symbol": "MSCI",
    "reportedCurrency": "USD",
    "cik": "0001408198",
    "fillingDate": "2010-10-01",
    "acceptedDate": "2010-10-01 17:25:41",
    "calendarYear": "2010",
    "period": "Q3",
    "revenue": 202733000,
    "costOfRevenue": 69741000,
    "grossProfit": 132992000,
    "grossProfitRatio": 0.6559958172,
    "researchAndDevelopmentExpenses": 0,
    "generalAndAdministrativeExpenses": 0,
    "sellingAndMarketingExpenses": 0,
    "sellingGeneralAndAdministrativeExpenses": 63306000,
    "otherExpenses": 21284000,
    "operatingExpenses": 84590000,
    "costAndExpenses": 154331000,
    "interestIncome": 114000,
    "interestExpense": 20415000,
    "depreciationAndAmortization": 21284000,
    "ebitda": 45973000,
    "ebitdaratio": 0.2267662393,
    "operatingIncome": 41449000,
    "operatingIncomeRatio": 0.2044511747,
    "totalOtherIncomeExpensesNet": -20825000,
    "incomeBeforeTax": 20624000,
    "incomeBeforeTaxRatio": 0.1017298614,
    "incomeTaxExpense": 10305000,
    "netIncome": 10319000,
    "netIncomeRatio": 0.0508994589,
    "eps": 0.0872,
    "epsdiluted": 0.0857,
    "weightedAverageShsOut": 118339001,
    "weightedAverageShsOutDil": 120341001,
    "link": "https://www.sec.gov/Archives/edgar/data/1408198/000119312510222237/0001193125-10-222237-index.htm",
    "finalLink": "https://www.sec.gov/Archives/edgar/data/1408198/000119312510222237/d10q.htm"
  },
  {
    "date": "2010-05-31",
    "symbol": "MSCI",
    "reportedCurrency": "USD",
    "cik": "0001408198",
    "fillingDate": "2010-07-02",
    "acceptedDate": "2010-07-01 17:54:10",
    "calendarYear": "2010",
    "period": "Q2",
    "revenue": 125170000,
    "costOfRevenue": 30463000,
    "grossProfit": 94707000,
    "grossProfitRatio": 0.7566269873,
    "researchAndDevelopmentExpenses": 0,
    "generalAndAdministrativeExpenses": 0,
    "sellingAndMarketingExpenses": 0,
    "sellingGeneralAndAdministrativeExpenses": 40177000,
    "otherExpenses": 7833000,
    "operatingExpenses": 48010000,
    "costAndExpenses": 78473000,
    "interestIncome": 343000,
    "interestExpense": 8991000,
    "depreciationAndAmortization": 7833000,
    "ebitda": 50498000,
    "ebitdaratio": 0.403435328,
    "operatingIncome": 46697000,
    "operatingIncomeRatio": 0.3730686267,
    "totalOtherIncomeExpensesNet": -8746000,
    "incomeBeforeTax": 37951000,
    "incomeBeforeTaxRatio": 0.3031956539,
    "incomeTaxExpense": 13884000,
    "netIncome": 24067000,
    "netIncomeRatio": 0.1922745067,
    "eps": 0.23,
    "epsdiluted": 0.23,
    "weightedAverageShsOut": 105345001,
    "weightedAverageShsOutDil": 106003001,
    "link": "https://www.sec.gov/Archives/edgar/data/1408198/000095010310001952/0000950103-10-001952-index.htm",
    "finalLink": "https://www.sec.gov/Archives/edgar/data/1408198/000095010310001952/dp18350_10q.htm"
  },
  {
    "date": "2010-02-28",
    "symbol": "MSCI",
    "reportedCurrency": "USD",
    "cik": "0001408198",
    "fillingDate": "2010-04-08",
    "acceptedDate": "2010-04-08 15:56:28",
    "calendarYear": "2010",
    "period": "Q1",
    "revenue": 121680000,
    "costOfRevenue": 29291000,
    "grossProfit": 92389000,
    "grossProfitRatio": 0.7592784352,
    "researchAndDevelopmentExpenses": 0,
    "generalAndAdministrativeExpenses": 0,
    "sellingAndMarketingExpenses": 0,
    "sellingGeneralAndAdministrativeExpenses": 37461000,
    "otherExpenses": 7671000,
    "operatingExpenses": 45132000,
    "costAndExpenses": 74423000,
    "interestIncome": 408000,
    "interestExpense": 4436000,
    "depreciationAndAmortization": 7671000,
    "ebitda": 51666000,
    "ebitdaratio": 0.4246055227,
    "operatingIncome": 47257000,
    "operatingIncomeRatio": 0.3883711374,
    "totalOtherIncomeExpensesNet": -3420000,
    "incomeBeforeTax": 43837000,
    "incomeBeforeTaxRatio": 0.3602646285,
    "incomeTaxExpense": 16319000,
    "netIncome": 27518000,
    "netIncomeRatio": 0.2261505588,
    "eps": 0.26,
    "epsdiluted": 0.26,
    "weightedAverageShsOut": 105235001,
    "weightedAverageShsOutDil": 105844001,
    "link": "https://www.sec.gov/Archives/edgar/data/1408198/000095010310001038/0000950103-10-001038-index.htm",
    "finalLink": "https://www.sec.gov/Archives/edgar/data/1408198/000095010310001038/dp17151_10q.htm"
  },
  {
    "date": "2009-11-30",
    "symbol": "MSCI",
    "reportedCurrency": "USD",
    "cik": "0001408198",
    "fillingDate": "2010-01-29",
    "acceptedDate": "2010-01-29 16:25:09",
    "calendarYear": "2009",
    "period": "Q4",
    "revenue": 118790000,
    "costOfRevenue": 32214000,
    "grossProfit": 86576000,
    "grossProfitRatio": 0.7288155569,
    "researchAndDevelopmentExpenses": 0,
    "generalAndAdministrativeExpenses": 0,
    "sellingAndMarketingExpenses": 0,
    "sellingGeneralAndAdministrativeExpenses": 33487000,
    "otherExpenses": 9333000,
    "operatingExpenses": 42820000,
    "costAndExpenses": 75034000,
    "interestIncome": 339000,
    "interestExpense": 4513000,
    "depreciationAndAmortization": 9333000,
    "ebitda": 27945000,
    "ebitdaratio": 0.2352470747,
    "operatingIncome": 43756000,
    "operatingIncomeRatio": 0.368347504,
    "totalOtherIncomeExpensesNet": -4103000,
    "incomeBeforeTax": 39653000,
    "incomeBeforeTaxRatio": 0.3338075596,
    "incomeTaxExpense": 15118000,
    "netIncome": 24535000,
    "netIncomeRatio": 0.2065409546,
    "eps": 0.24,
    "epsdiluted": 0.24,
    "weightedAverageShsOut": 100402000,
    "weightedAverageShsOutDil": 100402000,
    "link": "https://www.sec.gov/Archives/edgar/data/1408198/000119312510017074/0001193125-10-017074-index.htm",
    "finalLink": "https://www.sec.gov/Archives/edgar/data/1408198/000119312510017074/d10k.htm"
  },
  {
    "date": "2009-08-31",
    "symbol": "MSCI",
    "reportedCurrency": "USD",
    "cik": "0001408198",
    "fillingDate": "2009-10-01",
    "acceptedDate": "2009-10-01 17:24:17",
    "calendarYear": "2009",
    "period": "Q3",
    "revenue": 108868000,
    "costOfRevenue": 28247000,
    "grossProfit": 80621000,
    "grossProfitRatio": 0.7405390014,
    "researchAndDevelopmentExpenses": 0,
    "generalAndAdministrativeExpenses": 0,
    "sellingAndMarketingExpenses": 0,
    "sellingGeneralAndAdministrativeExpenses": 33525000,
    "otherExpenses": 9298000,
    "operatingExpenses": 42823000,
    "costAndExpenses": 71070000,
    "interestIncome": 373000,
    "interestExpense": 4628000,
    "depreciationAndAmortization": 9298000,
    "ebitda": 41208000,
    "ebitdaratio": 0.3785134291,
    "operatingIncome": 37798000,
    "operatingIncomeRatio": 0.3471910938,
    "totalOtherIncomeExpensesNet": -4087000,
    "incomeBeforeTax": 33711000,
    "incomeBeforeTaxRatio": 0.3096502186,
    "incomeTaxExpense": 12787000,
    "netIncome": 20924000,
    "netIncomeRatio": 0.1921960539,
    "eps": 0.21,
    "epsdiluted": 0.21,
    "weightedAverageShsOut": 100402001,
    "weightedAverageShsOutDil": 100833001,
    "link": "https://www.sec.gov/Archives/edgar/data/1408198/000095010309002518/0000950103-09-002518-index.htm",
    "finalLink": "https://www.sec.gov/Archives/edgar/data/1408198/000095010309002518/dp15053_10q.htm"
  },
  {
    "date": "2009-05-31",
    "symbol": "MSCI",
    "reportedCurrency": "USD",
    "cik": "0001408198",
    "fillingDate": "2009-07-02",
    "acceptedDate": "2009-07-02 15:14:11",
    "calendarYear": "2009",
    "period": "Q2",
    "revenue": 109375000,
    "costOfRevenue": 29269000,
    "grossProfit": 80106000,
    "grossProfitRatio": 0.7323977143,
    "researchAndDevelopmentExpenses": 0,
    "generalAndAdministrativeExpenses": 0,
    "sellingAndMarketingExpenses": 0,
    "sellingGeneralAndAdministrativeExpenses": 34052000,
    "otherExpenses": 9400000,
    "operatingExpenses": 43452000,
    "costAndExpenses": 72721000,
    "interestIncome": 220000,
    "interestExpense": 4904000,
    "depreciationAndAmortization": 9400000,
    "ebitda": 46276000,
    "ebitdaratio": 0.4230948571,
    "operatingIncome": 36654000,
    "operatingIncomeRatio": 0.3351222857,
    "totalOtherIncomeExpensesNet": -4682000,
    "incomeBeforeTax": 31972000,
    "incomeBeforeTaxRatio": 0.2923154286,
    "incomeTaxExpense": 12354000,
    "netIncome": 19618000,
    "netIncomeRatio": 0.1793645714,
    "eps": 0.2,
    "epsdiluted": 0.2,
    "weightedAverageShsOut": 100359001,
    "weightedAverageShsOutDil": 100371001,
    "link": "https://www.sec.gov/Archives/edgar/data/1408198/000095010309001589/0000950103-09-001589-index.htm",
    "finalLink": "https://www.sec.gov/Archives/edgar/data/1408198/000095010309001589/dp13994_10q.htm"
  },
  {
    "date": "2009-02-28",
    "symbol": "MSCI",
    "reportedCurrency": "USD",
    "cik": "0001408198",
    "fillingDate": "2009-02-28",
    "acceptedDate": "2009-02-27 19:00:00",
    "calendarYear": "2009",
    "period": "Q1",
    "revenue": 105915000,
    "costOfRevenue": 28935000,
    "grossProfit": 76980000,
    "grossProfitRatio": 0.7268092338,
    "researchAndDevelopmentExpenses": 0,
    "generalAndAdministrativeExpenses": 0,
    "sellingAndMarketingExpenses": 0,
    "sellingGeneralAndAdministrativeExpenses": 34716000,
    "otherExpenses": 9480000,
    "operatingExpenses": 44196000,
    "costAndExpenses": 73131000,
    "interestIncome": 121000,
    "interestExpense": 5638000,
    "depreciationAndAmortization": 9480000,
    "ebitda": 42385000,
    "ebitdaratio": 0.4001793891,
    "operatingIncome": 32784000,
    "operatingIncomeRatio": 0.3095312279,
    "totalOtherIncomeExpensesNet": -6399000,
    "incomeBeforeTax": 26385000,
    "incomeBeforeTaxRatio": 0.2491148563,
    "incomeTaxExpense": 9661000,
    "netIncome": 16724000,
    "netIncomeRatio": 0.157900203,
    "eps": 0.17,
    "epsdiluted": 0.17,
    "weightedAverageShsOut": 100286001,
    "weightedAverageShsOutDil": 100286001,
    "link": "",
    "finalLink": ""
  },
  {
    "date": "2008-11-30",
    "symbol": "MSCI",
    "reportedCurrency": "USD",
    "cik": "0001408198",
    "fillingDate": "2009-01-29",
    "acceptedDate": "2009-01-29 17:27:01",
    "calendarYear": "2008",
    "period": "Q4",
    "revenue": 107416000,
    "costOfRevenue": 35449000,
    "grossProfit": 71967000,
    "grossProfitRatio": 0.6699839875,
    "researchAndDevelopmentExpenses": 0,
    "generalAndAdministrativeExpenses": 34640000,
    "sellingAndMarketingExpenses": 0,
    "sellingGeneralAndAdministrativeExpenses": 34640000,
    "otherExpenses": 7125000,
    "operatingExpenses": 41765000,
    "costAndExpenses": 77214000,
    "interestIncome": 0,
    "interestExpense": 26932000,
    "depreciationAndAmortization": 9697000,
    "ebitda": 39899000,
    "ebitdaratio": 0.3714437328,
    "operatingIncome": 30202000,
    "operatingIncomeRatio": 0.281168541,
    "totalOtherIncomeExpensesNet": -9826000,
    "incomeBeforeTax": 20376000,
    "incomeBeforeTaxRatio": 0.1896924108,
    "incomeTaxExpense": 7551000,
    "netIncome": 12825000,
    "netIncomeRatio": 0.1193956208,
    "eps": 0.13,
    "epsdiluted": 0.13,
    "weightedAverageShsOut": 100088001,
    "weightedAverageShsOutDil": 100286000,
    "link": "https://www.sec.gov/Archives/edgar/data/1408198/000119312509014341/0001193125-09-014341-index.htm",
    "finalLink": "https://www.sec.gov/Archives/edgar/data/1408198/000119312509014341/d10k.htm"
  },
  {
    "date": "2008-08-31",
    "symbol": "MSCI",
    "reportedCurrency": "USD",
    "cik": "0001408198",
    "fillingDate": "2008-10-06",
    "acceptedDate": "2008-10-03 20:24:49",
    "calendarYear": "2008",
    "period": "Q3",
    "revenue": 110399000,
    "costOfRevenue": 28131000,
    "grossProfit": 82268000,
    "grossProfitRatio": 0.7451879093,
    "researchAndDevelopmentExpenses": 0,
    "generalAndAdministrativeExpenses": 37624000,
    "sellingAndMarketingExpenses": 0,
    "sellingGeneralAndAdministrativeExpenses": 37624000,
    "otherExpenses": 7125000,
    "operatingExpenses": 44749000,
    "costAndExpenses": 72880000,
    "interestIncome": 0,
    "interestExpense": 5991000,
    "depreciationAndAmortization": 8517000,
    "ebitda": 37519000,
    "ebitdaratio": 0.3398490928,
    "operatingIncome": 37519000,
    "operatingIncomeRatio": 0.3398490928,
    "totalOtherIncomeExpensesNet": -7372000,
    "incomeBeforeTax": 30147000,
    "incomeBeforeTaxRatio": 0.2730731257,
    "incomeTaxExpense": 11269000,
    "netIncome": 18878000,
    "netIncomeRatio": 0.1709979257,
    "eps": 0.19,
    "epsdiluted": 0.19,
    "weightedAverageShsOut": 100052001,
    "weightedAverageShsOutDil": 101698001,
    "link": "https://www.sec.gov/Archives/edgar/data/1408198/000095010308002494/0000950103-08-002494-index.htm",
    "finalLink": "https://www.sec.gov/Archives/edgar/data/1408198/000095010308002494/dp11503_10q.htm"
  },
  {
    "date": "2008-05-31",
    "symbol": "MSCI",
    "reportedCurrency": "USD",
    "cik": "0001408198",
    "fillingDate": "2008-07-07",
    "acceptedDate": "2008-07-07 07:33:12",
    "calendarYear": "2008",
    "period": "Q2",
    "revenue": 108195000,
    "costOfRevenue": 30011000,
    "grossProfit": 78184000,
    "grossProfitRatio": 0.7226211932,
    "researchAndDevelopmentExpenses": 0,
    "generalAndAdministrativeExpenses": 37611000,
    "sellingAndMarketingExpenses": 0,
    "sellingGeneralAndAdministrativeExpenses": 37611000,
    "otherExpenses": 7125000,
    "operatingExpenses": 44736000,
    "costAndExpenses": 74747000,
    "interestIncome": 0,
    "interestExpense": 0,
    "depreciationAndAmortization": 7647000,
    "ebitda": 33448000,
    "ebitdaratio": 0.3091455243,
    "operatingIncome": 33448000,
    "operatingIncomeRatio": 0.3091455243,
    "totalOtherIncomeExpensesNet": -3063000,
    "incomeBeforeTax": 30385000,
    "incomeBeforeTaxRatio": 0.2808355284,
    "incomeTaxExpense": 11754000,
    "netIncome": 18631000,
    "netIncomeRatio": 0.1721983456,
    "eps": 0.19,
    "epsdiluted": 0.18,
    "weightedAverageShsOut": 100026001,
    "weightedAverageShsOutDil": 101282001,
    "link": "https://www.sec.gov/Archives/edgar/data/1408198/000119312508146972/0001193125-08-146972-index.htm",
    "finalLink": "https://www.sec.gov/Archives/edgar/data/1408198/000119312508146972/d10q.htm"
  },
  {
    "date": "2008-02-29",
    "symbol": "MSCI",
    "reportedCurrency": "USD",
    "cik": "0001408198",
    "fillingDate": "2008-04-11",
    "acceptedDate": "2008-04-10 21:50:36",
    "calendarYear": "2008",
    "period": "Q1",
    "revenue": 104951000,
    "costOfRevenue": 31586000,
    "grossProfit": 73365000,
    "grossProfitRatio": 0.6990405046,
    "researchAndDevelopmentExpenses": 0,
    "generalAndAdministrativeExpenses": 31550000,
    "sellingAndMarketingExpenses": 0,
    "sellingGeneralAndAdministrativeExpenses": 31550000,
    "otherExpenses": 7125000,
    "operatingExpenses": 38675000,
    "costAndExpenses": 70261000,
    "interestIncome": 0,
    "interestExpense": 0,
    "depreciationAndAmortization": 7609000,
    "ebitda": 34690000,
    "ebitdaratio": 0.3305352021,
    "operatingIncome": 34690000,
    "operatingIncomeRatio": 0.3305352021,
    "totalOtherIncomeExpensesNet": -5955000,
    "incomeBeforeTax": 28735000,
    "incomeBeforeTaxRatio": 0.2737944374,
    "incomeTaxExpense": 10801000,
    "netIncome": 17934000,
    "netIncomeRatio": 0.1708797439,
    "eps": 0.18,
    "epsdiluted": 0.18,
    "weightedAverageShsOut": 100011001,
    "weightedAverageShsOutDil": 100728001,
    "link": "https://www.sec.gov/Archives/edgar/data/1408198/000095010308000965/0000950103-08-000965-index.htm",
    "finalLink": "https://www.sec.gov/Archives/edgar/data/1408198/000095010308000965/dp09410_10q.htm"
  },
  {
    "date": "2007-11-30",
    "symbol": "MSCI",
    "reportedCurrency": "USD",
    "cik": "0001408198",
    "fillingDate": "2008-02-28",
    "acceptedDate": "2008-02-28 06:16:08",
    "calendarYear": "2007",
    "period": "Q4",
    "revenue": 101658000,
    "costOfRevenue": 29678000,
    "grossProfit": 71980000,
    "grossProfitRatio": 0.7080603592,
    "researchAndDevelopmentExpenses": 0,
    "generalAndAdministrativeExpenses": 24593000,
    "sellingAndMarketingExpenses": 0,
    "sellingGeneralAndAdministrativeExpenses": 24593000,
    "otherExpenses": 7125000,
    "operatingExpenses": 31718000,
    "costAndExpenses": 61396000,
    "interestIncome": 0,
    "interestExpense": 9586000,
    "depreciationAndAmortization": 7070000,
    "ebitda": 47250000,
    "ebitdaratio": 0.4647937201,
    "operatingIncome": 40262000,
    "operatingIncomeRatio": 0.3960534341,
    "totalOtherIncomeExpensesNet": -6161000,
    "incomeBeforeTax": 34101000,
    "incomeBeforeTaxRatio": 0.3354482677,
    "incomeTaxExpense": 15862000,
    "netIncome": 18239000,
    "netIncomeRatio": 0.1794152944,
    "eps": 0.22,
    "epsdiluted": 0.22,
    "weightedAverageShsOut": 83900000,
    "weightedAverageShsOutDil": 83900000,
    "link": "https://www.sec.gov/Archives/edgar/data/1408198/000119312508040715/0001193125-08-040715-index.htm",
    "finalLink": "https://www.sec.gov/Archives/edgar/data/1408198/000119312508040715/d10k.htm"
  },
  {
    "date": "2007-08-31",
    "symbol": "MSCI",
    "reportedCurrency": "USD",
    "cik": "0001408198",
    "fillingDate": "2007-08-31",
    "acceptedDate": "2007-08-30 20:00:00",
    "calendarYear": "2007",
    "period": "Q3",
    "revenue": 92407000,
    "costOfRevenue": 29426000,
    "grossProfit": 62981000,
    "grossProfitRatio": 0.6815609207,
    "researchAndDevelopmentExpenses": 0,
    "generalAndAdministrativeExpenses": 23431000,
    "sellingAndMarketingExpenses": 0,
    "sellingGeneralAndAdministrativeExpenses": 23431000,
    "otherExpenses": 6697000,
    "operatingExpenses": 30128000,
    "costAndExpenses": 59554000,
    "interestIncome": 0,
    "interestExpense": 0,
    "depreciationAndAmortization": 7138000,
    "ebitda": 39991000,
    "ebitdaratio": 0.4327702447,
    "operatingIncome": 32853000,
    "operatingIncomeRatio": 0.3555250143,
    "totalOtherIncomeExpensesNet": 66000,
    "incomeBeforeTax": 32919000,
    "incomeBeforeTaxRatio": 0.3562392459,
    "incomeTaxExpense": 11540000,
    "netIncome": 21379000,
    "netIncomeRatio": 0.2313569318,
    "eps": 0.25,
    "epsdiluted": 0.25,
    "weightedAverageShsOut": 83900001,
    "weightedAverageShsOutDil": 83900001,
    "link": "",
    "finalLink": ""
  },
  {
    "date": "2007-05-31",
    "symbol": "MSCI",
    "reportedCurrency": "USD",
    "cik": "0001408198",
    "fillingDate": "2007-05-31",
    "acceptedDate": "2007-05-30 20:00:00",
    "calendarYear": "2007",
    "period": "Q2",
    "revenue": 87911000,
    "costOfRevenue": 31304000,
    "grossProfit": 56607000,
    "grossProfitRatio": 0.6439125934,
    "researchAndDevelopmentExpenses": 0,
    "generalAndAdministrativeExpenses": 22227000,
    "sellingAndMarketingExpenses": 0,
    "sellingGeneralAndAdministrativeExpenses": 22227000,
    "otherExpenses": 6265000,
    "operatingExpenses": 28492000,
    "costAndExpenses": 59796000,
    "interestIncome": 0,
    "interestExpense": 0,
    "depreciationAndAmortization": 6266000,
    "ebitda": 32922000,
    "ebitdaratio": 0.3744923843,
    "operatingIncome": 28115000,
    "operatingIncomeRatio": 0.3198120827,
    "totalOtherIncomeExpensesNet": 3590000,
    "incomeBeforeTax": 33136000,
    "incomeBeforeTaxRatio": 0.3769266645,
    "incomeTaxExpense": 12390000,
    "netIncome": 20747000,
    "netIncomeRatio": 0.2360000455,
    "eps": 0.25,
    "epsdiluted": 0.25,
    "weightedAverageShsOut": 83900001,
    "weightedAverageShsOutDil": 83900001,
    "link": "",
    "finalLink": ""
  },
  {
    "date": "2007-02-28",
    "symbol": "MSCI",
    "reportedCurrency": "USD",
    "cik": "0001408198",
    "fillingDate": "2007-02-28",
    "acceptedDate": "2007-02-27 19:00:00",
    "calendarYear": "2007",
    "period": "Q1",
    "revenue": 87911000,
    "costOfRevenue": 0,
    "grossProfit": 87911000,
    "grossProfitRatio": 1,
    "researchAndDevelopmentExpenses": 0,
    "generalAndAdministrativeExpenses": 0,
    "sellingAndMarketingExpenses": 0,
    "sellingGeneralAndAdministrativeExpenses": 0,
    "otherExpenses": 57000000,
    "operatingExpenses": 57000000,
    "costAndExpenses": 57000000,
    "interestIncome": 0,
    "interestExpense": 0,
    "depreciationAndAmortization": 0,
    "ebitda": 87911000,
    "ebitdaratio": 1,
    "operatingIncome": 87911000,
    "operatingIncomeRatio": 1,
    "totalOtherIncomeExpensesNet": -87911000,
    "incomeBeforeTax": 0,
    "incomeBeforeTaxRatio": 0,
    "incomeTaxExpense": -20747000,
    "netIncome": 20747000,
    "netIncomeRatio": 0.2360000455,
    "eps": 0.25,
    "epsdiluted": 0.25,
    "weightedAverageShsOut": 83900001,
    "weightedAverageShsOutDil": 83900001,
    "link": "",
    "finalLink": ""
  },
  {
    "date": "2006-11-30",
    "symbol": "MSCI",
    "reportedCurrency": "USD",
    "cik": "0001408198",
    "fillingDate": "2006-11-30",
    "acceptedDate": "2006-11-29 19:00:00",
    "calendarYear": "2006",
    "period": "Q4",
    "revenue": 77674000,
    "costOfRevenue": 0,
    "grossProfit": 77674000,
    "grossProfitRatio": 1,
    "researchAndDevelopmentExpenses": 0,
    "generalAndAdministrativeExpenses": 0,
    "sellingAndMarketingExpenses": 0,
    "sellingGeneralAndAdministrativeExpenses": 0,
    "otherExpenses": -227402000,
    "operatingExpenses": -227402000,
    "costAndExpenses": -227402000,
    "interestIncome": 0,
    "interestExpense": 0,
    "depreciationAndAmortization": 0,
    "ebitda": -149728000,
    "ebitdaratio": -1.9276463167,
    "operatingIncome": -149728000,
    "operatingIncomeRatio": -1.9276463167,
    "totalOtherIncomeExpensesNet": 149728000,
    "incomeBeforeTax": 0,
    "incomeBeforeTaxRatio": 0,
    "incomeTaxExpense": -17861000,
    "netIncome": 17861000,
    "netIncomeRatio": 0.2299482452,
    "eps": 0.21,
    "epsdiluted": 0.21,
    "weightedAverageShsOut": 83900000,
    "weightedAverageShsOutDil": 83900000,
    "link": "",
    "finalLink": ""
  },
  {
    "date": "2006-08-31",
    "symbol": "MSCI",
    "reportedCurrency": "USD",
    "cik": "0001408198",
    "fillingDate": "2006-08-31",
    "acceptedDate": "2006-08-30 20:00:00",
    "calendarYear": "2006",
    "period": "Q3",
    "revenue": 77675000,
    "costOfRevenue": 0,
    "grossProfit": 77675000,
    "grossProfitRatio": 1,
    "researchAndDevelopmentExpenses": 0,
    "generalAndAdministrativeExpenses": 0,
    "sellingAndMarketingExpenses": 0,
    "sellingGeneralAndAdministrativeExpenses": 0,
    "otherExpenses": 0,
    "operatingExpenses": 0,
    "costAndExpenses": 0,
    "interestIncome": 0,
    "interestExpense": 0,
    "depreciationAndAmortization": 0,
    "ebitda": 77675000,
    "ebitdaratio": 1,
    "operatingIncome": 77675000,
    "operatingIncomeRatio": 1,
    "totalOtherIncomeExpensesNet": -77675000,
    "incomeBeforeTax": 0,
    "incomeBeforeTaxRatio": 0,
    "incomeTaxExpense": -17861000,
    "netIncome": 17861000,
    "netIncomeRatio": 0.2299452848,
    "eps": 0.21,
    "epsdiluted": 0.21,
    "weightedAverageShsOut": 83900001,
    "weightedAverageShsOutDil": 83900001,
    "link": "",
    "finalLink": ""
  },
  {
    "date": "2006-05-31",
    "symbol": "MSCI",
    "reportedCurrency": "USD",
    "cik": "0001408198",
    "fillingDate": "2006-05-31",
    "acceptedDate": "2006-05-30 20:00:00",
    "calendarYear": "2006",
    "period": "Q2",
    "revenue": 77675000,
    "costOfRevenue": 0,
    "grossProfit": 77675000,
    "grossProfitRatio": 1,
    "researchAndDevelopmentExpenses": 0,
    "generalAndAdministrativeExpenses": 0,
    "sellingAndMarketingExpenses": 0,
    "sellingGeneralAndAdministrativeExpenses": 0,
    "otherExpenses": 0,
    "operatingExpenses": 0,
    "costAndExpenses": 0,
    "interestIncome": 0,
    "interestExpense": 0,
    "depreciationAndAmortization": 0,
    "ebitda": 77675000,
    "ebitdaratio": 1,
    "operatingIncome": 77675000,
    "operatingIncomeRatio": 1,
    "totalOtherIncomeExpensesNet": -77675000,
    "incomeBeforeTax": 0,
    "incomeBeforeTaxRatio": 0,
    "incomeTaxExpense": -17861000,
    "netIncome": 17861000,
    "netIncomeRatio": 0.2299452848,
    "eps": 0.21,
    "epsdiluted": 0.21,
    "weightedAverageShsOut": 83900001,
    "weightedAverageShsOutDil": 83900001,
    "link": "",
    "finalLink": ""
  },
  {
    "date": "2006-02-28",
    "symbol": "MSCI",
    "reportedCurrency": "USD",
    "cik": "0001408198",
    "fillingDate": "2006-02-28",
    "acceptedDate": "2006-02-27 19:00:00",
    "calendarYear": "2006",
    "period": "Q1",
    "revenue": 77675000,
    "costOfRevenue": 0,
    "grossProfit": 77675000,
    "grossProfitRatio": 1,
    "researchAndDevelopmentExpenses": 0,
    "generalAndAdministrativeExpenses": 0,
    "sellingAndMarketingExpenses": 0,
    "sellingGeneralAndAdministrativeExpenses": 0,
    "otherExpenses": 0,
    "operatingExpenses": 0,
    "costAndExpenses": 0,
    "interestIncome": 0,
    "interestExpense": 0,
    "depreciationAndAmortization": 0,
    "ebitda": 77675000,
    "ebitdaratio": 1,
    "operatingIncome": 77675000,
    "operatingIncomeRatio": 1,
    "totalOtherIncomeExpensesNet": -77675000,
    "incomeBeforeTax": 0,
    "incomeBeforeTaxRatio": 0,
    "incomeTaxExpense": -17861000,
    "netIncome": 17861000,
    "netIncomeRatio": 0.2299452848,
    "eps": 0.21,
    "epsdiluted": 0.21,
    "weightedAverageShsOut": 83900001,
    "weightedAverageShsOutDil": 83900001,
    "link": "",
    "finalLink": ""
  },
  {
    "date": "2005-11-30",
    "symbol": "MSCI",
    "reportedCurrency": "USD",
    "cik": "0001408198",
    "fillingDate": "2005-11-30",
    "acceptedDate": "2005-11-29 19:00:00",
    "calendarYear": "2005",
    "period": "Q4",
    "revenue": 69618000,
    "costOfRevenue": 0,
    "grossProfit": 69618000,
    "grossProfitRatio": 1,
    "researchAndDevelopmentExpenses": 0,
    "generalAndAdministrativeExpenses": 0,
    "sellingAndMarketingExpenses": 0,
    "sellingGeneralAndAdministrativeExpenses": 0,
    "otherExpenses": -204849000,
    "operatingExpenses": -204849000,
    "costAndExpenses": -204849000,
    "interestIncome": 0,
    "interestExpense": 0,
    "depreciationAndAmortization": 0,
    "ebitda": -135231000,
    "ebitdaratio": -1.9424717745,
    "operatingIncome": -135231000,
    "operatingIncomeRatio": -1.9424717745,
    "totalOtherIncomeExpensesNet": 135231000,
    "incomeBeforeTax": 0,
    "incomeBeforeTaxRatio": 0,
    "incomeTaxExpense": -13638000,
    "netIncome": 13638000,
    "netIncomeRatio": 0.1958976127,
    "eps": 0.16,
    "epsdiluted": 0.16,
    "weightedAverageShsOut": 83900000,
    "weightedAverageShsOutDil": 83900000,
    "link": "",
    "finalLink": ""
  },
  {
    "date": "2005-08-31",
    "symbol": "MSCI",
    "reportedCurrency": "USD",
    "cik": "0001408198",
    "fillingDate": "2005-08-31",
    "acceptedDate": "2005-08-30 20:00:00",
    "calendarYear": "2005",
    "period": "Q3",
    "revenue": 69619000,
    "costOfRevenue": 0,
    "grossProfit": 69619000,
    "grossProfitRatio": 1,
    "researchAndDevelopmentExpenses": 0,
    "generalAndAdministrativeExpenses": 0,
    "sellingAndMarketingExpenses": 0,
    "sellingGeneralAndAdministrativeExpenses": 0,
    "otherExpenses": 0,
    "operatingExpenses": 0,
    "costAndExpenses": 0,
    "interestIncome": 0,
    "interestExpense": 0,
    "depreciationAndAmortization": 0,
    "ebitda": 69619000,
    "ebitdaratio": 1,
    "operatingIncome": 69619000,
    "operatingIncomeRatio": 1,
    "totalOtherIncomeExpensesNet": -69619000,
    "incomeBeforeTax": 0,
    "incomeBeforeTaxRatio": 0,
    "incomeTaxExpense": -13638000,
    "netIncome": 13638000,
    "netIncomeRatio": 0.1958947988,
    "eps": 0.16,
    "epsdiluted": 0.16,
    "weightedAverageShsOut": 83900001,
    "weightedAverageShsOutDil": 83900001,
    "link": "",
    "finalLink": ""
  },
  {
    "date": "2005-05-31",
    "symbol": "MSCI",
    "reportedCurrency": "USD",
    "cik": "0001408198",
    "fillingDate": "2005-05-31",
    "acceptedDate": "2005-05-30 20:00:00",
    "calendarYear": "2005",
    "period": "Q2",
    "revenue": 69619000,
    "costOfRevenue": 0,
    "grossProfit": 69619000,
    "grossProfitRatio": 1,
    "researchAndDevelopmentExpenses": 0,
    "generalAndAdministrativeExpenses": 0,
    "sellingAndMarketingExpenses": 0,
    "sellingGeneralAndAdministrativeExpenses": 0,
    "otherExpenses": 0,
    "operatingExpenses": 0,
    "costAndExpenses": 0,
    "interestIncome": 0,
    "interestExpense": 0,
    "depreciationAndAmortization": 0,
    "ebitda": 69619000,
    "ebitdaratio": 1,
    "operatingIncome": 69619000,
    "operatingIncomeRatio": 1,
    "totalOtherIncomeExpensesNet": -69619000,
    "incomeBeforeTax": 0,
    "incomeBeforeTaxRatio": 0,
    "incomeTaxExpense": -13638000,
    "netIncome": 13638000,
    "netIncomeRatio": 0.1958947988,
    "eps": 0.16,
    "epsdiluted": 0.16,
    "weightedAverageShsOut": 83900001,
    "weightedAverageShsOutDil": 83900001,
    "link": "",
    "finalLink": ""
  },
  {
    "date": "2005-02-28",
    "symbol": "MSCI",
    "reportedCurrency": "USD",
    "cik": "0001408198",
    "fillingDate": "2005-02-28",
    "acceptedDate": "2005-02-27 19:00:00",
    "calendarYear": "2005",
    "period": "Q1",
    "revenue": 69619000,
    "costOfRevenue": 0,
    "grossProfit": 69619000,
    "grossProfitRatio": 1,
    "researchAndDevelopmentExpenses": 0,
    "generalAndAdministrativeExpenses": 0,
    "sellingAndMarketingExpenses": 0,
    "sellingGeneralAndAdministrativeExpenses": 0,
    "otherExpenses": 0,
    "operatingExpenses": 0,
    "costAndExpenses": 0,
    "interestIncome": 0,
    "interestExpense": 0,
    "depreciationAndAmortization": 0,
    "ebitda": 69619000,
    "ebitdaratio": 1,
    "operatingIncome": 69619000,
    "operatingIncomeRatio": 1,
    "totalOtherIncomeExpensesNet": -69619000,
    "incomeBeforeTax": 0,
    "incomeBeforeTaxRatio": 0,
    "incomeTaxExpense": -13638000,
    "netIncome": 13638000,
    "netIncomeRatio": 0.1958947988,
    "eps": 0.16,
    "epsdiluted": 0.16,
    "weightedAverageShsOut": 83900001,
    "weightedAverageShsOutDil": 83900001,
    "link": "",
    "finalLink": ""
  }
]