[
  {
    "date": "2025-06-28",
    "symbol": "MSI",
    "reportedCurrency": "USD",
    "cik": "0000068505",
    "fillingDate": "2025-08-07",
    "acceptedDate": "2025-08-07 16:30:36",
    "calendarYear": "2025",
    "period": "Q2",
    "revenue": 2765000000,
    "costOfRevenue": 1352000000,
    "grossProfit": 1413000000,
    "grossProfitRatio": 0.5110307414,
    "researchAndDevelopmentExpenses": 231000000,
    "generalAndAdministrativeExpenses": 0,
    "sellingAndMarketingExpenses": 0,
    "sellingGeneralAndAdministrativeExpenses": 450000000,
    "otherExpenses": 40000000,
    "operatingExpenses": 721000000,
    "costAndExpenses": 2073000000,
    "interestIncome": 16000000,
    "interestExpense": 71000000,
    "depreciationAndAmortization": 86000000,
    "ebitda": 837000000,
    "ebitdaratio": 0.3027124774,
    "operatingIncome": 692000000,
    "operatingIncomeRatio": 0.2502712477,
    "totalOtherIncomeExpensesNet": -12000000,
    "incomeBeforeTax": 680000000,
    "incomeBeforeTaxRatio": 0.2459312839,
    "incomeTaxExpense": 165000000,
    "netIncome": 513000000,
    "netIncomeRatio": 0.1855334539,
    "eps": 3.08,
    "epsdiluted": 3.04,
    "weightedAverageShsOut": 166800000,
    "weightedAverageShsOutDil": 168800000,
    "link": "https://www.sec.gov/Archives/edgar/data/68505/000006850525000040/0000068505-25-000040-index.htm",
    "finalLink": "https://www.sec.gov/Archives/edgar/data/68505/000006850525000040/msi-20250628.htm"
  },
  {
    "date": "2025-03-29",
    "symbol": "MSI",
    "reportedCurrency": "USD",
    "cik": "0000068505",
    "fillingDate": "2025-05-01",
    "acceptedDate": "2025-05-01 16:55:16",
    "calendarYear": "2025",
    "period": "Q1",
    "revenue": 2528000000,
    "costOfRevenue": 1228000000,
    "grossProfit": 1300000000,
    "grossProfitRatio": 0.5142405063,
    "researchAndDevelopmentExpenses": 233000000,
    "generalAndAdministrativeExpenses": 0,
    "sellingAndMarketingExpenses": 0,
    "sellingGeneralAndAdministrativeExpenses": 436000000,
    "otherExpenses": 49000000,
    "operatingExpenses": 718000000,
    "costAndExpenses": 1946000000,
    "interestIncome": 18000000,
    "interestExpense": 69000000,
    "depreciationAndAmortization": 81000000,
    "ebitda": 697000000,
    "ebitdaratio": 0.2757120253,
    "operatingIncome": 582000000,
    "operatingIncomeRatio": 0.230221519,
    "totalOtherIncomeExpensesNet": -35000000,
    "incomeBeforeTax": 547000000,
    "incomeBeforeTaxRatio": 0.2163765823,
    "incomeTaxExpense": 115000000,
    "netIncome": 430000000,
    "netIncomeRatio": 0.1700949367,
    "eps": 2.58,
    "epsdiluted": 2.53,
    "weightedAverageShsOut": 166900000,
    "weightedAverageShsOutDil": 169800000,
    "link": "https://www.sec.gov/Archives/edgar/data/68505/000006850525000024/0000068505-25-000024-index.htm",
    "finalLink": "https://www.sec.gov/Archives/edgar/data/68505/000006850525000024/msi-20250329.htm"
  },
  {
    "date": "2024-12-31",
    "symbol": "MSI",
    "reportedCurrency": "USD",
    "cik": "0000068505",
    "fillingDate": "2025-02-14",
    "acceptedDate": "2025-02-14 15:37:40",
    "calendarYear": "2024",
    "period": "Q4",
    "revenue": 3011000000,
    "costOfRevenue": 1462000000,
    "grossProfit": 1549000000,
    "grossProfitRatio": 0.5144470276,
    "researchAndDevelopmentExpenses": 246000000,
    "generalAndAdministrativeExpenses": 0,
    "sellingAndMarketingExpenses": 0,
    "sellingGeneralAndAdministrativeExpenses": 487000000,
    "otherExpenses": 2000000,
    "operatingExpenses": 735000000,
    "costAndExpenses": 2197000000,
    "interestIncome": 18000000,
    "interestExpense": 74000000,
    "depreciationAndAmortization": 86000000,
    "ebitda": 948000000,
    "ebitdaratio": 0.3148455663,
    "operatingIncome": 814000000,
    "operatingIncomeRatio": 0.270342079,
    "totalOtherIncomeExpensesNet": -26000000,
    "incomeBeforeTax": 788000000,
    "incomeBeforeTaxRatio": 0.2617070741,
    "incomeTaxExpense": 176000000,
    "netIncome": 611000000,
    "netIncomeRatio": 0.2029226171,
    "eps": 3.66,
    "epsdiluted": 3.56,
    "weightedAverageShsOut": 167100000,
    "weightedAverageShsOutDil": 170800000,
    "link": "https://www.sec.gov/Archives/edgar/data/68505/000006850525000012/0000068505-25-000012-index.htm",
    "finalLink": "https://www.sec.gov/Archives/edgar/data/68505/000006850525000012/msi-20241231.htm"
  },
  {
    "date": "2024-09-28",
    "symbol": "MSI",
    "reportedCurrency": "USD",
    "cik": "0000068505",
    "fillingDate": "2024-11-07",
    "acceptedDate": "2024-11-07 16:18:06",
    "calendarYear": "2024",
    "period": "Q3",
    "revenue": 2790000000,
    "costOfRevenue": 1357000000,
    "grossProfit": 1433000000,
    "grossProfitRatio": 0.5136200717,
    "researchAndDevelopmentExpenses": 234000000,
    "generalAndAdministrativeExpenses": 439000000,
    "sellingAndMarketingExpenses": 0,
    "sellingGeneralAndAdministrativeExpenses": 439000000,
    "otherExpenses": 49000000,
    "operatingExpenses": 722000000,
    "costAndExpenses": 2079000000,
    "interestIncome": 15000000,
    "interestExpense": 73000000,
    "depreciationAndAmortization": 84000000,
    "ebitda": 852000000,
    "ebitdaratio": 0.3053763441,
    "operatingIncome": 711000000,
    "operatingIncomeRatio": 0.2548387097,
    "totalOtherIncomeExpensesNet": -16000000,
    "incomeBeforeTax": 695000000,
    "incomeBeforeTaxRatio": 0.2491039427,
    "incomeTaxExpense": 132000000,
    "netIncome": 562000000,
    "netIncomeRatio": 0.2014336918,
    "eps": 3.36,
    "epsdiluted": 3.29,
    "weightedAverageShsOut": 167100000,
    "weightedAverageShsOutDil": 170900000,
    "link": "https://www.sec.gov/Archives/edgar/data/68505/000006850524000034/0000068505-24-000034-index.htm",
    "finalLink": "https://www.sec.gov/Archives/edgar/data/68505/000006850524000034/msi-20240928.htm"
  },
  {
    "date": "2024-06-29",
    "symbol": "MSI",
    "reportedCurrency": "USD",
    "cik": "0000068505",
    "fillingDate": "2024-08-01",
    "acceptedDate": "2024-08-01 16:56:34",
    "calendarYear": "2024",
    "period": "Q2",
    "revenue": 2628000000,
    "costOfRevenue": 1289000000,
    "grossProfit": 1339000000,
    "grossProfitRatio": 0.5095129376,
    "researchAndDevelopmentExpenses": 220000000,
    "generalAndAdministrativeExpenses": 430000000,
    "sellingAndMarketingExpenses": 0,
    "sellingGeneralAndAdministrativeExpenses": 430000000,
    "otherExpenses": 45000000,
    "operatingExpenses": 695000000,
    "costAndExpenses": 1984000000,
    "interestIncome": 18000000,
    "interestExpense": 87000000,
    "depreciationAndAmortization": 83000000,
    "ebitda": 750000000,
    "ebitdaratio": 0.2853881279,
    "operatingIncome": 644000000,
    "operatingIncomeRatio": 0.2450532725,
    "totalOtherIncomeExpensesNet": -64000000,
    "incomeBeforeTax": 580000000,
    "incomeBeforeTaxRatio": 0.2207001522,
    "incomeTaxExpense": 135000000,
    "netIncome": 443000000,
    "netIncomeRatio": 0.1685692542,
    "eps": 2.65,
    "epsdiluted": 2.6,
    "weightedAverageShsOut": 166900000,
    "weightedAverageShsOutDil": 170300000,
    "link": "https://www.sec.gov/Archives/edgar/data/68505/000006850524000024/0000068505-24-000024-index.htm",
    "finalLink": "https://www.sec.gov/Archives/edgar/data/68505/000006850524000024/msi-20240629.htm"
  },
  {
    "date": "2024-03-30",
    "symbol": "MSI",
    "reportedCurrency": "USD",
    "cik": "0000068505",
    "fillingDate": "2024-05-02",
    "acceptedDate": "2024-05-02 16:57:01",
    "calendarYear": "2024",
    "period": "Q1",
    "revenue": 2389000000,
    "costOfRevenue": 1197000000,
    "grossProfit": 1192000000,
    "grossProfitRatio": 0.498953537,
    "researchAndDevelopmentExpenses": 218000000,
    "generalAndAdministrativeExpenses": 397000000,
    "sellingAndMarketingExpenses": 0,
    "sellingGeneralAndAdministrativeExpenses": 397000000,
    "otherExpenses": 58000000,
    "operatingExpenses": 673000000,
    "costAndExpenses": 1870000000,
    "interestIncome": 17000000,
    "interestExpense": 61000000,
    "depreciationAndAmortization": 83000000,
    "ebitda": 54000000,
    "ebitdaratio": 0.0226035998,
    "operatingIncome": 519000000,
    "operatingIncomeRatio": 0.2172457095,
    "totalOtherIncomeExpensesNet": -609000000,
    "incomeBeforeTax": -90000000,
    "incomeBeforeTaxRatio": -0.0376726664,
    "incomeTaxExpense": -52000000,
    "netIncome": -39000000,
    "netIncomeRatio": -0.0163248221,
    "eps": -0.23,
    "epsdiluted": -0.23,
    "weightedAverageShsOut": 166300000,
    "weightedAverageShsOutDil": 166300000,
    "link": "https://www.sec.gov/Archives/edgar/data/68505/000006850524000016/0000068505-24-000016-index.htm",
    "finalLink": "https://www.sec.gov/Archives/edgar/data/68505/000006850524000016/msi-20240330.htm"
  },
  {
    "date": "2023-12-31",
    "symbol": "MSI",
    "reportedCurrency": "USD",
    "cik": "0000068505",
    "fillingDate": "2024-02-15",
    "acceptedDate": "2024-02-15 07:04:17",
    "calendarYear": "2023",
    "period": "Q4",
    "revenue": 2849000000,
    "costOfRevenue": 1394000000,
    "grossProfit": 1455000000,
    "grossProfitRatio": 0.5107055107,
    "researchAndDevelopmentExpenses": 218000000,
    "generalAndAdministrativeExpenses": 423000000,
    "sellingAndMarketingExpenses": 0,
    "sellingGeneralAndAdministrativeExpenses": 423000000,
    "otherExpenses": 76000000,
    "operatingExpenses": 717000000,
    "costAndExpenses": 2111000000,
    "interestIncome": 11000000,
    "interestExpense": 63000000,
    "depreciationAndAmortization": 85000000,
    "ebitda": 878000000,
    "ebitdaratio": 0.3081783082,
    "operatingIncome": 738000000,
    "operatingIncomeRatio": 0.259038259,
    "totalOtherIncomeExpensesNet": -30000000,
    "incomeBeforeTax": 708000000,
    "incomeBeforeTaxRatio": 0.2485082485,
    "incomeTaxExpense": 111000000,
    "netIncome": 596000000,
    "netIncomeRatio": 0.2091962092,
    "eps": 3.58,
    "epsdiluted": 3.47,
    "weightedAverageShsOut": 166100000,
    "weightedAverageShsOutDil": 171500000,
    "link": "https://www.sec.gov/Archives/edgar/data/68505/000006850524000008/0000068505-24-000008-index.htm",
    "finalLink": "https://www.sec.gov/Archives/edgar/data/68505/000006850524000008/msi-20231231.htm"
  },
  {
    "date": "2023-09-30",
    "symbol": "MSI",
    "reportedCurrency": "USD",
    "cik": "0000068505",
    "fillingDate": "2023-11-02",
    "acceptedDate": "2023-11-02 16:52:34",
    "calendarYear": "2023",
    "period": "Q3",
    "revenue": 2556000000,
    "costOfRevenue": 1276000000,
    "grossProfit": 1280000000,
    "grossProfitRatio": 0.5007824726,
    "researchAndDevelopmentExpenses": 215000000,
    "generalAndAdministrativeExpenses": 380000000,
    "sellingAndMarketingExpenses": 0,
    "sellingGeneralAndAdministrativeExpenses": 380000000,
    "otherExpenses": 46000000,
    "operatingExpenses": 641000000,
    "costAndExpenses": 1917000000,
    "interestIncome": 7000000,
    "interestExpense": 60000000,
    "depreciationAndAmortization": 86000000,
    "ebitda": 738000000,
    "ebitdaratio": 0.2887323944,
    "operatingIncome": 639000000,
    "operatingIncomeRatio": 0.25,
    "totalOtherIncomeExpensesNet": -47000000,
    "incomeBeforeTax": 592000000,
    "incomeBeforeTaxRatio": 0.2316118936,
    "incomeTaxExpense": 127000000,
    "netIncome": 464000000,
    "netIncomeRatio": 0.1815336463,
    "eps": 2.78,
    "epsdiluted": 2.7,
    "weightedAverageShsOut": 166700000,
    "weightedAverageShsOutDil": 171700000,
    "link": "https://www.sec.gov/Archives/edgar/data/68505/000006850523000045/0000068505-23-000045-index.htm",
    "finalLink": "https://www.sec.gov/Archives/edgar/data/68505/000006850523000045/msi-20230930.htm"
  },
  {
    "date": "2023-07-01",
    "symbol": "MSI",
    "reportedCurrency": "USD",
    "cik": "0000068505",
    "fillingDate": "2023-08-03",
    "acceptedDate": "2023-08-03 16:57:20",
    "calendarYear": "2023",
    "period": "Q2",
    "revenue": 2403000000,
    "costOfRevenue": 1214000000,
    "grossProfit": 1189000000,
    "grossProfitRatio": 0.494798169,
    "researchAndDevelopmentExpenses": 215000000,
    "generalAndAdministrativeExpenses": 390000000,
    "sellingAndMarketingExpenses": 0,
    "sellingGeneralAndAdministrativeExpenses": 390000000,
    "otherExpenses": 66000000,
    "operatingExpenses": 671000000,
    "costAndExpenses": 1885000000,
    "interestIncome": 6000000,
    "interestExpense": 63000000,
    "depreciationAndAmortization": 87000000,
    "ebitda": 637000000,
    "ebitdaratio": 0.26508531,
    "operatingIncome": 518000000,
    "operatingIncomeRatio": 0.2155638785,
    "totalOtherIncomeExpensesNet": -31000000,
    "incomeBeforeTax": 487000000,
    "incomeBeforeTaxRatio": 0.2026633375,
    "incomeTaxExpense": 114000000,
    "netIncome": 371000000,
    "netIncomeRatio": 0.1543903454,
    "eps": 2.21,
    "epsdiluted": 2.15,
    "weightedAverageShsOut": 167500000,
    "weightedAverageShsOutDil": 172600000,
    "link": "https://www.sec.gov/Archives/edgar/data/68505/000006850523000039/0000068505-23-000039-index.htm",
    "finalLink": "https://www.sec.gov/Archives/edgar/data/68505/000006850523000039/msi-20230701.htm"
  },
  {
    "date": "2023-04-01",
    "symbol": "MSI",
    "reportedCurrency": "USD",
    "cik": "0000068505",
    "fillingDate": "2023-05-04",
    "acceptedDate": "2023-05-04 16:55:46",
    "calendarYear": "2023",
    "period": "Q1",
    "revenue": 2171000000,
    "costOfRevenue": 1125000000,
    "grossProfit": 1046000000,
    "grossProfitRatio": 0.4818056195,
    "researchAndDevelopmentExpenses": 210000000,
    "generalAndAdministrativeExpenses": 368000000,
    "sellingAndMarketingExpenses": 0,
    "sellingGeneralAndAdministrativeExpenses": 368000000,
    "otherExpenses": 69000000,
    "operatingExpenses": 647000000,
    "costAndExpenses": 1772000000,
    "interestIncome": 9000000,
    "interestExpense": 63000000,
    "depreciationAndAmortization": 98000000,
    "ebitda": 519000000,
    "ebitdaratio": 0.2390603409,
    "operatingIncome": 399000000,
    "operatingIncomeRatio": 0.1837862736,
    "totalOtherIncomeExpensesNet": -41000000,
    "incomeBeforeTax": 358000000,
    "incomeBeforeTaxRatio": 0.1649009673,
    "incomeTaxExpense": 79000000,
    "netIncome": 278000000,
    "netIncomeRatio": 0.1280515891,
    "eps": 1.61,
    "epsdiluted": 1.61,
    "weightedAverageShsOut": 172600000,
    "weightedAverageShsOutDil": 172600000,
    "link": "https://www.sec.gov/Archives/edgar/data/68505/000006850523000026/0000068505-23-000026-index.htm",
    "finalLink": "https://www.sec.gov/Archives/edgar/data/68505/000006850523000026/msi-20230401.htm"
  },
  {
    "date": "2022-12-31",
    "symbol": "MSI",
    "reportedCurrency": "USD",
    "cik": "0000068505",
    "fillingDate": "2023-02-16",
    "acceptedDate": "2023-02-16 16:31:18",
    "calendarYear": "2022",
    "period": "Q4",
    "revenue": 2707000000,
    "costOfRevenue": 1356000000,
    "grossProfit": 1351000000,
    "grossProfitRatio": 0.4990764684,
    "researchAndDevelopmentExpenses": 202000000,
    "generalAndAdministrativeExpenses": 381000000,
    "sellingAndMarketingExpenses": 0,
    "sellingGeneralAndAdministrativeExpenses": 381000000,
    "otherExpenses": 77000000,
    "operatingExpenses": 660000000,
    "costAndExpenses": 2016000000,
    "interestIncome": 6000000,
    "interestExpense": 60000000,
    "depreciationAndAmortization": 109000000,
    "ebitda": 833000000,
    "ebitdaratio": 0.307720724,
    "operatingIncome": 691000000,
    "operatingIncomeRatio": 0.25526413,
    "totalOtherIncomeExpensesNet": -28000000,
    "incomeBeforeTax": 663000000,
    "incomeBeforeTaxRatio": 0.2449205763,
    "incomeTaxExpense": 73000000,
    "netIncome": 589000000,
    "netIncomeRatio": 0.2175840414,
    "eps": 3.52,
    "epsdiluted": 3.43,
    "weightedAverageShsOut": 167400000,
    "weightedAverageShsOutDil": 171900000,
    "link": "https://www.sec.gov/Archives/edgar/data/68505/000006850523000015/0000068505-23-000015-index.htm",
    "finalLink": "https://www.sec.gov/Archives/edgar/data/68505/000006850523000015/msi-20221231.htm"
  },
  {
    "date": "2022-10-01",
    "symbol": "MSI",
    "reportedCurrency": "USD",
    "cik": "0000068505",
    "fillingDate": "2022-11-03",
    "acceptedDate": "2022-11-03 16:50:10",
    "calendarYear": "2022",
    "period": "Q3",
    "revenue": 2373000000,
    "costOfRevenue": 1342000000,
    "grossProfit": 1031000000,
    "grossProfitRatio": 0.4344711336,
    "researchAndDevelopmentExpenses": 197000000,
    "generalAndAdministrativeExpenses": 378000000,
    "sellingAndMarketingExpenses": 0,
    "sellingGeneralAndAdministrativeExpenses": 378000000,
    "otherExpenses": 83000000,
    "operatingExpenses": 658000000,
    "costAndExpenses": 2000000000,
    "interestIncome": 2000000,
    "interestExpense": 62000000,
    "depreciationAndAmortization": 108000000,
    "ebitda": 501000000,
    "ebitdaratio": 0.211125158,
    "operatingIncome": 373000000,
    "operatingIncomeRatio": 0.1571849979,
    "totalOtherIncomeExpensesNet": -40000000,
    "incomeBeforeTax": 333000000,
    "incomeBeforeTaxRatio": 0.1403286979,
    "incomeTaxExpense": 53000000,
    "netIncome": 279000000,
    "netIncomeRatio": 0.1175726928,
    "eps": 1.67,
    "epsdiluted": 1.63,
    "weightedAverageShsOut": 167200000,
    "weightedAverageShsOutDil": 171500000,
    "link": "https://www.sec.gov/Archives/edgar/data/68505/000006850522000031/0000068505-22-000031-index.htm",
    "finalLink": "https://www.sec.gov/Archives/edgar/data/68505/000006850522000031/msi-20221001.htm"
  },
  {
    "date": "2022-07-02",
    "symbol": "MSI",
    "reportedCurrency": "USD",
    "cik": "0000068505",
    "fillingDate": "2022-08-04",
    "acceptedDate": "2022-08-04 16:16:58",
    "calendarYear": "2022",
    "period": "Q2",
    "revenue": 2140000000,
    "costOfRevenue": 1150000000,
    "grossProfit": 990000000,
    "grossProfitRatio": 0.4626168224,
    "researchAndDevelopmentExpenses": 191000000,
    "generalAndAdministrativeExpenses": 356000000,
    "sellingAndMarketingExpenses": 0,
    "sellingGeneralAndAdministrativeExpenses": 356000000,
    "otherExpenses": 85000000,
    "operatingExpenses": 632000000,
    "costAndExpenses": 1782000000,
    "interestIncome": 3000000,
    "interestExpense": 59000000,
    "depreciationAndAmortization": 112000000,
    "ebitda": 471000000,
    "ebitdaratio": 0.2200934579,
    "operatingIncome": 358000000,
    "operatingIncomeRatio": 0.1672897196,
    "totalOtherIncomeExpensesNet": -58000000,
    "incomeBeforeTax": 300000000,
    "incomeBeforeTaxRatio": 0.1401869159,
    "incomeTaxExpense": 71000000,
    "netIncome": 228000000,
    "netIncomeRatio": 0.1065420561,
    "eps": 1.36,
    "epsdiluted": 1.33,
    "weightedAverageShsOut": 167200000,
    "weightedAverageShsOutDil": 170900000,
    "link": "https://www.sec.gov/Archives/edgar/data/68505/000006850522000025/0000068505-22-000025-index.htm",
    "finalLink": "https://www.sec.gov/Archives/edgar/data/68505/000006850522000025/msi-20220702.htm"
  },
  {
    "date": "2022-04-02",
    "symbol": "MSI",
    "reportedCurrency": "USD",
    "cik": "0000068505",
    "fillingDate": "2022-05-12",
    "acceptedDate": "2022-05-12 16:22:22",
    "calendarYear": "2022",
    "period": "Q1",
    "revenue": 1892000000,
    "costOfRevenue": 1035000000,
    "grossProfit": 857000000,
    "grossProfitRatio": 0.4529598309,
    "researchAndDevelopmentExpenses": 188000000,
    "generalAndAdministrativeExpenses": 338000000,
    "sellingAndMarketingExpenses": 0,
    "sellingGeneralAndAdministrativeExpenses": 338000000,
    "otherExpenses": 92000000,
    "operatingExpenses": 618000000,
    "costAndExpenses": 1653000000,
    "interestIncome": 2000000,
    "interestExpense": 58000000,
    "depreciationAndAmortization": 111000000,
    "ebitda": 388000000,
    "ebitdaratio": 0.2050739958,
    "operatingIncome": 239000000,
    "operatingIncomeRatio": 0.1263213531,
    "totalOtherIncomeExpensesNet": -20000000,
    "incomeBeforeTax": 219000000,
    "incomeBeforeTaxRatio": 0.1157505285,
    "incomeTaxExpense": -49000000,
    "netIncome": 267000000,
    "netIncomeRatio": 0.1411205074,
    "eps": 1.59,
    "epsdiluted": 1.54,
    "weightedAverageShsOut": 168000000,
    "weightedAverageShsOutDil": 173100000,
    "link": "https://www.sec.gov/Archives/edgar/data/68505/000006850522000019/0000068505-22-000019-index.htm",
    "finalLink": "https://www.sec.gov/Archives/edgar/data/68505/000006850522000019/msi-20220402.htm"
  },
  {
    "date": "2021-12-31",
    "symbol": "MSI",
    "reportedCurrency": "USD",
    "cik": "0000068505",
    "fillingDate": "2022-02-16",
    "acceptedDate": "2022-02-16 17:28:28",
    "calendarYear": "2021",
    "period": "Q4",
    "revenue": 2320000000,
    "costOfRevenue": 1137000000,
    "grossProfit": 1183000000,
    "grossProfitRatio": 0.5099137931,
    "researchAndDevelopmentExpenses": 189000000,
    "generalAndAdministrativeExpenses": 368000000,
    "sellingAndMarketingExpenses": 0,
    "sellingGeneralAndAdministrativeExpenses": 368000000,
    "otherExpenses": 77000000,
    "operatingExpenses": 634000000,
    "costAndExpenses": 1771000000,
    "interestIncome": 1000000,
    "interestExpense": 55000000,
    "depreciationAndAmortization": 113000000,
    "ebitda": 686000000,
    "ebitdaratio": 0.2956896552,
    "operatingIncome": 549000000,
    "operatingIncomeRatio": 0.236637931,
    "totalOtherIncomeExpensesNet": -31000000,
    "incomeBeforeTax": 518000000,
    "incomeBeforeTaxRatio": 0.2232758621,
    "incomeTaxExpense": 116000000,
    "netIncome": 401000000,
    "netIncomeRatio": 0.1728448276,
    "eps": 2.38,
    "epsdiluted": 2.3,
    "weightedAverageShsOut": 168800000,
    "weightedAverageShsOutDil": 174200000,
    "link": "https://www.sec.gov/Archives/edgar/data/68505/000006850522000010/0000068505-22-000010-index.htm",
    "finalLink": "https://www.sec.gov/Archives/edgar/data/68505/000006850522000010/msi-20211231.htm"
  },
  {
    "date": "2021-10-02",
    "symbol": "MSI",
    "reportedCurrency": "USD",
    "cik": "0000068505",
    "fillingDate": "2021-11-04",
    "acceptedDate": "2021-11-04 17:13:38",
    "calendarYear": "2021",
    "period": "Q3",
    "revenue": 2107000000,
    "costOfRevenue": 1062000000,
    "grossProfit": 1045000000,
    "grossProfitRatio": 0.4959658282,
    "researchAndDevelopmentExpenses": 183000000,
    "generalAndAdministrativeExpenses": 351000000,
    "sellingAndMarketingExpenses": 0,
    "sellingGeneralAndAdministrativeExpenses": 351000000,
    "otherExpenses": 60000000,
    "operatingExpenses": 594000000,
    "costAndExpenses": 1656000000,
    "interestIncome": 2000000,
    "interestExpense": 58000000,
    "depreciationAndAmortization": 105000000,
    "ebitda": 568000000,
    "ebitdaratio": 0.2695775985,
    "operatingIncome": 451000000,
    "operatingIncomeRatio": 0.2140484101,
    "totalOtherIncomeExpensesNet": -46000000,
    "incomeBeforeTax": 405000000,
    "incomeBeforeTaxRatio": 0.1922164215,
    "incomeTaxExpense": 97000000,
    "netIncome": 307000000,
    "netIncomeRatio": 0.1457047935,
    "eps": 1.81,
    "epsdiluted": 1.76,
    "weightedAverageShsOut": 169200000,
    "weightedAverageShsOutDil": 174100000,
    "link": "https://www.sec.gov/Archives/edgar/data/68505/000006850521000027/0000068505-21-000027-index.htm",
    "finalLink": "https://www.sec.gov/Archives/edgar/data/68505/000006850521000027/msi-20211002.htm"
  },
  {
    "date": "2021-07-03",
    "symbol": "MSI",
    "reportedCurrency": "USD",
    "cik": "0000068505",
    "fillingDate": "2021-08-05",
    "acceptedDate": "2021-08-05 17:09:23",
    "calendarYear": "2021",
    "period": "Q2",
    "revenue": 1971000000,
    "costOfRevenue": 1019000000,
    "grossProfit": 952000000,
    "grossProfitRatio": 0.4830035515,
    "researchAndDevelopmentExpenses": 181000000,
    "generalAndAdministrativeExpenses": 331000000,
    "sellingAndMarketingExpenses": 0,
    "sellingGeneralAndAdministrativeExpenses": 331000000,
    "otherExpenses": 70000000,
    "operatingExpenses": 582000000,
    "costAndExpenses": 1601000000,
    "interestIncome": 2000000,
    "interestExpense": 46000000,
    "depreciationAndAmortization": 110000000,
    "ebitda": 496000000,
    "ebitdaratio": 0.2516489092,
    "operatingIncome": 370000000,
    "operatingIncomeRatio": 0.1877219685,
    "totalOtherIncomeExpensesNet": -30000000,
    "incomeBeforeTax": 340000000,
    "incomeBeforeTaxRatio": 0.1725012684,
    "incomeTaxExpense": 46000000,
    "netIncome": 293000000,
    "netIncomeRatio": 0.1486555048,
    "eps": 1.73,
    "epsdiluted": 1.69,
    "weightedAverageShsOut": 169600000,
    "weightedAverageShsOutDil": 173100000,
    "link": "https://www.sec.gov/Archives/edgar/data/68505/000006850521000021/0000068505-21-000021-index.htm",
    "finalLink": "https://www.sec.gov/Archives/edgar/data/68505/000006850521000021/msi-20210703.htm"
  },
  {
    "date": "2021-04-03",
    "symbol": "MSI",
    "reportedCurrency": "USD",
    "cik": "0000068505",
    "fillingDate": "2021-05-06",
    "acceptedDate": "2021-05-06 17:15:37",
    "calendarYear": "2021",
    "period": "Q1",
    "revenue": 1773000000,
    "costOfRevenue": 913000000,
    "grossProfit": 860000000,
    "grossProfitRatio": 0.4850535815,
    "researchAndDevelopmentExpenses": 180000000,
    "generalAndAdministrativeExpenses": 303000000,
    "sellingAndMarketingExpenses": 0,
    "sellingGeneralAndAdministrativeExpenses": 303000000,
    "otherExpenses": 79000000,
    "operatingExpenses": 562000000,
    "costAndExpenses": 1475000000,
    "interestIncome": 2000000,
    "interestExpense": 56000000,
    "depreciationAndAmortization": 110000000,
    "ebitda": 455000000,
    "ebitdaratio": 0.2566271856,
    "operatingIncome": 298000000,
    "operatingIncomeRatio": 0.1680767061,
    "totalOtherIncomeExpensesNet": -9000000,
    "incomeBeforeTax": 289000000,
    "incomeBeforeTaxRatio": 0.163000564,
    "incomeTaxExpense": 44000000,
    "netIncome": 244000000,
    "netIncomeRatio": 0.1376198534,
    "eps": 1.44,
    "epsdiluted": 1.41,
    "weightedAverageShsOut": 169300000,
    "weightedAverageShsOutDil": 173200000,
    "link": "https://www.sec.gov/Archives/edgar/data/68505/000006850521000015/0000068505-21-000015-index.htm",
    "finalLink": "https://www.sec.gov/Archives/edgar/data/68505/000006850521000015/msi-20210403.htm"
  },
  {
    "date": "2020-12-31",
    "symbol": "MSI",
    "reportedCurrency": "USD",
    "cik": "0000068505",
    "fillingDate": "2021-02-12",
    "acceptedDate": "2021-02-12 10:32:15",
    "calendarYear": "2020",
    "period": "Q4",
    "revenue": 2273000000,
    "costOfRevenue": 1127000000,
    "grossProfit": 1146000000,
    "grossProfitRatio": 0.5041794985,
    "researchAndDevelopmentExpenses": 181000000,
    "generalAndAdministrativeExpenses": 342000000,
    "sellingAndMarketingExpenses": 0,
    "sellingGeneralAndAdministrativeExpenses": 342000000,
    "otherExpenses": 68000000,
    "operatingExpenses": 591000000,
    "costAndExpenses": 1718000000,
    "interestIncome": 5000000,
    "interestExpense": 58000000,
    "depreciationAndAmortization": 109000000,
    "ebitda": 689000000,
    "ebitdaratio": 0.3031236252,
    "operatingIncome": 555000000,
    "operatingIncomeRatio": 0.2441706995,
    "totalOtherIncomeExpensesNet": -33000000,
    "incomeBeforeTax": 522000000,
    "incomeBeforeTaxRatio": 0.2296524417,
    "incomeTaxExpense": 109000000,
    "netIncome": 412000000,
    "netIncomeRatio": 0.181258249,
    "eps": 2.43,
    "epsdiluted": 2.37,
    "weightedAverageShsOut": 169500000,
    "weightedAverageShsOutDil": 173500000,
    "link": "https://www.sec.gov/Archives/edgar/data/68505/000006850521000008/0000068505-21-000008-index.htm",
    "finalLink": "https://www.sec.gov/Archives/edgar/data/68505/000006850521000008/msi-20201231.htm"
  },
  {
    "date": "2020-09-26",
    "symbol": "MSI",
    "reportedCurrency": "USD",
    "cik": "0000068505",
    "fillingDate": "2020-10-30",
    "acceptedDate": "2020-10-29 17:33:07",
    "calendarYear": "2020",
    "period": "Q3",
    "revenue": 1868000000,
    "costOfRevenue": 959000000,
    "grossProfit": 909000000,
    "grossProfitRatio": 0.4866167024,
    "researchAndDevelopmentExpenses": 175000000,
    "generalAndAdministrativeExpenses": 313000000,
    "sellingAndMarketingExpenses": 0,
    "sellingGeneralAndAdministrativeExpenses": 313000000,
    "otherExpenses": 69000000,
    "operatingExpenses": 557000000,
    "costAndExpenses": 1516000000,
    "interestIncome": 2000000,
    "interestExpense": 60000000,
    "depreciationAndAmortization": 103000000,
    "ebitda": 414000000,
    "ebitdaratio": 0.221627409,
    "operatingIncome": 352000000,
    "operatingIncomeRatio": 0.1884368308,
    "totalOtherIncomeExpensesNet": -101000000,
    "incomeBeforeTax": 251000000,
    "incomeBeforeTaxRatio": 0.1343683084,
    "incomeTaxExpense": 45000000,
    "netIncome": 205000000,
    "netIncomeRatio": 0.1097430407,
    "eps": 1.21,
    "epsdiluted": 1.18,
    "weightedAverageShsOut": 169700000,
    "weightedAverageShsOutDil": 173500000,
    "link": "https://www.sec.gov/Archives/edgar/data/68505/000006850520000028/0000068505-20-000028-index.htm",
    "finalLink": "https://www.sec.gov/Archives/edgar/data/68505/000006850520000028/msi-20200926.htm"
  },
  {
    "date": "2020-06-27",
    "symbol": "MSI",
    "reportedCurrency": "USD",
    "cik": "0000068505",
    "fillingDate": "2020-08-07",
    "acceptedDate": "2020-08-06 17:45:51",
    "calendarYear": "2020",
    "period": "Q2",
    "revenue": 1618000000,
    "costOfRevenue": 852000000,
    "grossProfit": 766000000,
    "grossProfitRatio": 0.4734239802,
    "researchAndDevelopmentExpenses": 161000000,
    "generalAndAdministrativeExpenses": 297000000,
    "sellingAndMarketingExpenses": 0,
    "sellingGeneralAndAdministrativeExpenses": 297000000,
    "otherExpenses": 90000000,
    "operatingExpenses": 548000000,
    "costAndExpenses": 1400000000,
    "interestIncome": 2000000,
    "interestExpense": 60000000,
    "depreciationAndAmortization": 98000000,
    "ebitda": 334000000,
    "ebitdaratio": 0.2064276885,
    "operatingIncome": 218000000,
    "operatingIncomeRatio": 0.1347342398,
    "totalOtherIncomeExpensesNet": -42000000,
    "incomeBeforeTax": 176000000,
    "incomeBeforeTaxRatio": 0.108776267,
    "incomeTaxExpense": 40000000,
    "netIncome": 135000000,
    "netIncomeRatio": 0.0834363412,
    "eps": 0.79,
    "epsdiluted": 0.78,
    "weightedAverageShsOut": 170000000,
    "weightedAverageShsOutDil": 173600000,
    "link": "https://www.sec.gov/Archives/edgar/data/68505/000006850520000020/0000068505-20-000020-index.htm",
    "finalLink": "https://www.sec.gov/Archives/edgar/data/68505/000006850520000020/msi-20200627.htm"
  },
  {
    "date": "2020-03-28",
    "symbol": "MSI",
    "reportedCurrency": "USD",
    "cik": "0000068505",
    "fillingDate": "2020-05-08",
    "acceptedDate": "2020-05-07 17:56:29",
    "calendarYear": "2020",
    "period": "Q1",
    "revenue": 1655000000,
    "costOfRevenue": 868000000,
    "grossProfit": 787000000,
    "grossProfitRatio": 0.4755287009,
    "researchAndDevelopmentExpenses": 168000000,
    "generalAndAdministrativeExpenses": 341000000,
    "sellingAndMarketingExpenses": 0,
    "sellingGeneralAndAdministrativeExpenses": 341000000,
    "otherExpenses": 19000000,
    "operatingExpenses": 528000000,
    "costAndExpenses": 1396000000,
    "interestIncome": 3000000,
    "interestExpense": 55000000,
    "depreciationAndAmortization": 99000000,
    "ebitda": 378000000,
    "ebitdaratio": 0.2283987915,
    "operatingIncome": 259000000,
    "operatingIncomeRatio": 0.1564954683,
    "totalOtherIncomeExpensesNet": -35000000,
    "incomeBeforeTax": 224000000,
    "incomeBeforeTaxRatio": 0.135347432,
    "incomeTaxExpense": 26000000,
    "netIncome": 197000000,
    "netIncomeRatio": 0.1190332326,
    "eps": 1.15,
    "epsdiluted": 1.12,
    "weightedAverageShsOut": 170600000,
    "weightedAverageShsOutDil": 175900000,
    "link": "https://www.sec.gov/Archives/edgar/data/68505/000006850520000013/0000068505-20-000013-index.htm",
    "finalLink": "https://www.sec.gov/Archives/edgar/data/68505/000006850520000013/msi-20200328.htm"
  },
  {
    "date": "2019-12-31",
    "symbol": "MSI",
    "reportedCurrency": "USD",
    "cik": "0000068505",
    "fillingDate": "2020-02-14",
    "acceptedDate": "2020-02-13 19:41:57",
    "calendarYear": "2019",
    "period": "Q4",
    "revenue": 2376000000,
    "costOfRevenue": 1156000000,
    "grossProfit": 1220000000,
    "grossProfitRatio": 0.5134680135,
    "researchAndDevelopmentExpenses": 182000000,
    "generalAndAdministrativeExpenses": 368000000,
    "sellingAndMarketingExpenses": 0,
    "sellingGeneralAndAdministrativeExpenses": 368000000,
    "otherExpenses": 80000000,
    "operatingExpenses": 630000000,
    "costAndExpenses": 1786000000,
    "interestIncome": 4000000,
    "interestExpense": 59000000,
    "depreciationAndAmortization": 104000000,
    "ebitda": 356000000,
    "ebitdaratio": 0.1498316498,
    "operatingIncome": 590000000,
    "operatingIncomeRatio": 0.2483164983,
    "totalOtherIncomeExpensesNet": -397000000,
    "incomeBeforeTax": 193000000,
    "incomeBeforeTaxRatio": 0.0812289562,
    "incomeTaxExpense": -50000000,
    "netIncome": 243000000,
    "netIncomeRatio": 0.1022727273,
    "eps": 1.38,
    "epsdiluted": 1.38,
    "weightedAverageShsOut": 170500000,
    "weightedAverageShsOutDil": 175900000,
    "link": "https://www.sec.gov/Archives/edgar/data/68505/000006850520000006/0000068505-20-000006-index.htm",
    "finalLink": "https://www.sec.gov/Archives/edgar/data/68505/000006850520000006/msi201910-k.htm"
  },
  {
    "date": "2019-09-28",
    "symbol": "MSI",
    "reportedCurrency": "USD",
    "cik": "0000068505",
    "fillingDate": "2019-10-31",
    "acceptedDate": "2019-10-30 17:53:07",
    "calendarYear": "2019",
    "period": "Q3",
    "revenue": 1994000000,
    "costOfRevenue": 987000000,
    "grossProfit": 1007000000,
    "grossProfitRatio": 0.5050150451,
    "researchAndDevelopmentExpenses": 172000000,
    "generalAndAdministrativeExpenses": 359000000,
    "sellingAndMarketingExpenses": 0,
    "sellingGeneralAndAdministrativeExpenses": 359000000,
    "otherExpenses": 63000000,
    "operatingExpenses": 594000000,
    "costAndExpenses": 1581000000,
    "interestIncome": 6000000,
    "interestExpense": 60000000,
    "depreciationAndAmortization": 99000000,
    "ebitda": 507000000,
    "ebitdaratio": 0.2542627884,
    "operatingIncome": 413000000,
    "operatingIncomeRatio": 0.2071213641,
    "totalOtherIncomeExpensesNet": -65000000,
    "incomeBeforeTax": 348000000,
    "incomeBeforeTaxRatio": 0.1745235707,
    "incomeTaxExpense": 80000000,
    "netIncome": 267000000,
    "netIncomeRatio": 0.1339017051,
    "eps": 1.6,
    "epsdiluted": 1.51,
    "weightedAverageShsOut": 166700000,
    "weightedAverageShsOutDil": 176400000,
    "link": "https://www.sec.gov/Archives/edgar/data/68505/000006850519000025/0000068505-19-000025-index.htm",
    "finalLink": "https://www.sec.gov/Archives/edgar/data/68505/000006850519000025/msi09-28x19q3x10q.htm"
  },
  {
    "date": "2019-06-29",
    "symbol": "MSI",
    "reportedCurrency": "USD",
    "cik": "0000068505",
    "fillingDate": "2019-08-02",
    "acceptedDate": "2019-08-01 17:48:02",
    "calendarYear": "2019",
    "period": "Q2",
    "revenue": 1860000000,
    "costOfRevenue": 929000000,
    "grossProfit": 931000000,
    "grossProfitRatio": 0.5005376344,
    "researchAndDevelopmentExpenses": 170000000,
    "generalAndAdministrativeExpenses": 351000000,
    "sellingAndMarketingExpenses": 0,
    "sellingGeneralAndAdministrativeExpenses": 351000000,
    "otherExpenses": 61000000,
    "operatingExpenses": 582000000,
    "costAndExpenses": 1511000000,
    "interestIncome": 3000000,
    "interestExpense": 59000000,
    "depreciationAndAmortization": 96000000,
    "ebitda": 430000000,
    "ebitdaratio": 0.2311827957,
    "operatingIncome": 349000000,
    "operatingIncomeRatio": 0.1876344086,
    "totalOtherIncomeExpensesNet": -74000000,
    "incomeBeforeTax": 275000000,
    "incomeBeforeTaxRatio": 0.1478494624,
    "incomeTaxExpense": 67000000,
    "netIncome": 207000000,
    "netIncomeRatio": 0.1112903226,
    "eps": 1.25,
    "epsdiluted": 1.18,
    "weightedAverageShsOut": 164900000,
    "weightedAverageShsOutDil": 176100000,
    "link": "https://www.sec.gov/Archives/edgar/data/68505/000006850519000019/0000068505-19-000019-index.htm",
    "finalLink": "https://www.sec.gov/Archives/edgar/data/68505/000006850519000019/msi06-29x19q2x10q.htm"
  },
  {
    "date": "2019-03-30",
    "symbol": "MSI",
    "reportedCurrency": "USD",
    "cik": "0000068505",
    "fillingDate": "2019-05-03",
    "acceptedDate": "2019-05-02 17:47:19",
    "calendarYear": "2019",
    "period": "Q1",
    "revenue": 1657000000,
    "costOfRevenue": 884000000,
    "grossProfit": 773000000,
    "grossProfitRatio": 0.4665057333,
    "researchAndDevelopmentExpenses": 162000000,
    "generalAndAdministrativeExpenses": 327000000,
    "sellingAndMarketingExpenses": 0,
    "sellingGeneralAndAdministrativeExpenses": 327000000,
    "otherExpenses": 55000000,
    "operatingExpenses": 544000000,
    "costAndExpenses": 1428000000,
    "interestIncome": 5000000,
    "interestExpense": 60000000,
    "depreciationAndAmortization": 95000000,
    "ebitda": 340000000,
    "ebitdaratio": 0.2051901026,
    "operatingIncome": 229000000,
    "operatingIncomeRatio": 0.1382015691,
    "totalOtherIncomeExpensesNet": -44000000,
    "incomeBeforeTax": 185000000,
    "incomeBeforeTaxRatio": 0.1116475558,
    "incomeTaxExpense": 33000000,
    "netIncome": 151000000,
    "netIncomeRatio": 0.0911285456,
    "eps": 0.92,
    "epsdiluted": 0.86,
    "weightedAverageShsOut": 164000000,
    "weightedAverageShsOutDil": 174600000,
    "link": "https://www.sec.gov/Archives/edgar/data/68505/000006850519000013/0000068505-19-000013-index.htm",
    "finalLink": "https://www.sec.gov/Archives/edgar/data/68505/000006850519000013/msi03-30x19q1x10q.htm"
  },
  {
    "date": "2018-12-31",
    "symbol": "MSI",
    "reportedCurrency": "USD",
    "cik": "0000068505",
    "fillingDate": "2019-02-15",
    "acceptedDate": "2019-02-15 14:38:15",
    "calendarYear": "2018",
    "period": "Q4",
    "revenue": 2254000000,
    "costOfRevenue": 1166000000,
    "grossProfit": 1088000000,
    "grossProfitRatio": 0.4826974268,
    "researchAndDevelopmentExpenses": 165000000,
    "generalAndAdministrativeExpenses": 336000000,
    "sellingAndMarketingExpenses": 0,
    "sellingGeneralAndAdministrativeExpenses": 336000000,
    "otherExpenses": 71000000,
    "operatingExpenses": 572000000,
    "costAndExpenses": 1738000000,
    "interestIncome": 3000000,
    "interestExpense": 62000000,
    "depreciationAndAmortization": 93000000,
    "ebitda": 620000000,
    "ebitdaratio": 0.2750665484,
    "operatingIncome": 516000000,
    "operatingIncomeRatio": 0.2289263531,
    "totalOtherIncomeExpensesNet": -51000000,
    "incomeBeforeTax": 465000000,
    "incomeBeforeTaxRatio": 0.2062999113,
    "incomeTaxExpense": 42000000,
    "netIncome": 422000000,
    "netIncomeRatio": 0.1872227152,
    "eps": 2.58,
    "epsdiluted": 2.44,
    "weightedAverageShsOut": 163500000,
    "weightedAverageShsOutDil": 173400000,
    "link": "https://www.sec.gov/Archives/edgar/data/68505/000006850519000006/0000068505-19-000006-index.htm",
    "finalLink": "https://www.sec.gov/Archives/edgar/data/68505/000006850519000006/msi201810-k.htm"
  },
  {
    "date": "2018-09-29",
    "symbol": "MSI",
    "reportedCurrency": "USD",
    "cik": "0000068505",
    "fillingDate": "2018-11-02",
    "acceptedDate": "2018-11-01 17:42:04",
    "calendarYear": "2018",
    "period": "Q3",
    "revenue": 1862000000,
    "costOfRevenue": 961000000,
    "grossProfit": 901000000,
    "grossProfitRatio": 0.4838882922,
    "researchAndDevelopmentExpenses": 158000000,
    "generalAndAdministrativeExpenses": 323000000,
    "sellingAndMarketingExpenses": 0,
    "sellingGeneralAndAdministrativeExpenses": 323000000,
    "otherExpenses": 126000000,
    "operatingExpenses": 607000000,
    "costAndExpenses": 1568000000,
    "interestIncome": 3000000,
    "interestExpense": 62000000,
    "depreciationAndAmortization": 89000000,
    "ebitda": 421000000,
    "ebitdaratio": 0.2261009667,
    "operatingIncome": 294000000,
    "operatingIncomeRatio": 0.1578947368,
    "totalOtherIncomeExpensesNet": -24000000,
    "incomeBeforeTax": 270000000,
    "incomeBeforeTaxRatio": 0.1450053706,
    "incomeTaxExpense": 22000000,
    "netIncome": 247000000,
    "netIncomeRatio": 0.1326530612,
    "eps": 1.52,
    "epsdiluted": 1.43,
    "weightedAverageShsOut": 162600000,
    "weightedAverageShsOutDil": 172600000,
    "link": "https://www.sec.gov/Archives/edgar/data/68505/000006850518000029/0000068505-18-000029-index.htm",
    "finalLink": "https://www.sec.gov/Archives/edgar/data/68505/000006850518000029/msi09-29x18q3x10q.htm"
  },
  {
    "date": "2018-06-30",
    "symbol": "MSI",
    "reportedCurrency": "USD",
    "cik": "0000068505",
    "fillingDate": "2018-08-03",
    "acceptedDate": "2018-08-02 17:44:14",
    "calendarYear": "2018",
    "period": "Q2",
    "revenue": 1760000000,
    "costOfRevenue": 938000000,
    "grossProfit": 822000000,
    "grossProfitRatio": 0.4670454545,
    "researchAndDevelopmentExpenses": 162000000,
    "generalAndAdministrativeExpenses": 316000000,
    "sellingAndMarketingExpenses": 0,
    "sellingGeneralAndAdministrativeExpenses": 316000000,
    "otherExpenses": 71000000,
    "operatingExpenses": 549000000,
    "costAndExpenses": 1487000000,
    "interestIncome": 5000000,
    "interestExpense": 63000000,
    "depreciationAndAmortization": 96000000,
    "ebitda": 386000000,
    "ebitdaratio": 0.2193181818,
    "operatingIncome": 273000000,
    "operatingIncomeRatio": 0.1551136364,
    "totalOtherIncomeExpensesNet": -46000000,
    "incomeBeforeTax": 227000000,
    "incomeBeforeTaxRatio": 0.1289772727,
    "incomeTaxExpense": 46000000,
    "netIncome": 180000000,
    "netIncomeRatio": 0.1022727273,
    "eps": 1.11,
    "epsdiluted": 1.05,
    "weightedAverageShsOut": 162200000,
    "weightedAverageShsOutDil": 171700000,
    "link": "https://www.sec.gov/Archives/edgar/data/68505/000006850518000023/0000068505-18-000023-index.htm",
    "finalLink": "https://www.sec.gov/Archives/edgar/data/68505/000006850518000023/msi06-30x18q2x10q.htm"
  },
  {
    "date": "2018-03-31",
    "symbol": "MSI",
    "reportedCurrency": "USD",
    "cik": "0000068505",
    "fillingDate": "2018-05-04",
    "acceptedDate": "2018-05-03 17:52:26",
    "calendarYear": "2018",
    "period": "Q1",
    "revenue": 1468000000,
    "costOfRevenue": 799000000,
    "grossProfit": 669000000,
    "grossProfitRatio": 0.4557220708,
    "researchAndDevelopmentExpenses": 152000000,
    "generalAndAdministrativeExpenses": 279000000,
    "sellingAndMarketingExpenses": 0,
    "sellingGeneralAndAdministrativeExpenses": 279000000,
    "otherExpenses": 67000000,
    "operatingExpenses": 498000000,
    "costAndExpenses": 1297000000,
    "interestIncome": 8000000,
    "interestExpense": 54000000,
    "depreciationAndAmortization": 82000000,
    "ebitda": 276000000,
    "ebitdaratio": 0.1880108992,
    "operatingIncome": 171000000,
    "operatingIncomeRatio": 0.1164850136,
    "totalOtherIncomeExpensesNet": -31000000,
    "incomeBeforeTax": 140000000,
    "incomeBeforeTaxRatio": 0.0953678474,
    "incomeTaxExpense": 23000000,
    "netIncome": 117000000,
    "netIncomeRatio": 0.0797002725,
    "eps": 0.73,
    "epsdiluted": 0.69,
    "weightedAverageShsOut": 161400000,
    "weightedAverageShsOutDil": 170600000,
    "link": "https://www.sec.gov/Archives/edgar/data/68505/000006850518000017/0000068505-18-000017-index.htm",
    "finalLink": "https://www.sec.gov/Archives/edgar/data/68505/000006850518000017/msi03-31x18q1x10q.htm"
  },
  {
    "date": "2017-12-31",
    "symbol": "MSI",
    "reportedCurrency": "USD",
    "cik": "0000068505",
    "fillingDate": "2018-02-16",
    "acceptedDate": "2018-02-16 15:14:22",
    "calendarYear": "2017",
    "period": "Q4",
    "revenue": 1957000000,
    "costOfRevenue": 987000000,
    "grossProfit": 970000000,
    "grossProfitRatio": 0.4956566173,
    "researchAndDevelopmentExpenses": 155000000,
    "generalAndAdministrativeExpenses": 254000000,
    "sellingAndMarketingExpenses": 0,
    "sellingGeneralAndAdministrativeExpenses": 254000000,
    "otherExpenses": 49000000,
    "operatingExpenses": 458000000,
    "costAndExpenses": 1445000000,
    "interestIncome": 4000000,
    "interestExpense": 51000000,
    "depreciationAndAmortization": 89000000,
    "ebitda": 606000000,
    "ebitdaratio": 0.3096576392,
    "operatingIncome": 512000000,
    "operatingIncomeRatio": 0.2616249361,
    "totalOtherIncomeExpensesNet": -46000000,
    "incomeBeforeTax": 466000000,
    "incomeBeforeTaxRatio": 0.2381195708,
    "incomeTaxExpense": 1039000000,
    "netIncome": -575000000,
    "netIncomeRatio": -0.2938170669,
    "eps": -3.56,
    "epsdiluted": -3.56,
    "weightedAverageShsOut": 161700000,
    "weightedAverageShsOutDil": 161700000,
    "link": "https://www.sec.gov/Archives/edgar/data/68505/000006850518000009/0000068505-18-000009-index.htm",
    "finalLink": "https://www.sec.gov/Archives/edgar/data/68505/000006850518000009/msi201710-k.htm"
  },
  {
    "date": "2017-09-30",
    "symbol": "MSI",
    "reportedCurrency": "USD",
    "cik": "0000068505",
    "fillingDate": "2017-11-03",
    "acceptedDate": "2017-11-02 18:21:33",
    "calendarYear": "2017",
    "period": "Q3",
    "revenue": 1645000000,
    "costOfRevenue": 851000000,
    "grossProfit": 794000000,
    "grossProfitRatio": 0.482674772,
    "researchAndDevelopmentExpenses": 141000000,
    "generalAndAdministrativeExpenses": 259000000,
    "sellingAndMarketingExpenses": 0,
    "sellingGeneralAndAdministrativeExpenses": 259000000,
    "otherExpenses": 47000000,
    "operatingExpenses": 447000000,
    "costAndExpenses": 1298000000,
    "interestIncome": 3000000,
    "interestExpense": 55000000,
    "depreciationAndAmortization": 88000000,
    "ebitda": 429000000,
    "ebitdaratio": 0.2607902736,
    "operatingIncome": 347000000,
    "operatingIncomeRatio": 0.2109422492,
    "totalOtherIncomeExpensesNet": -61000000,
    "incomeBeforeTax": 286000000,
    "incomeBeforeTaxRatio": 0.1738601824,
    "incomeTaxExpense": 73000000,
    "netIncome": 212000000,
    "netIncomeRatio": 0.1288753799,
    "eps": 1.3,
    "epsdiluted": 1.25,
    "weightedAverageShsOut": 162300000,
    "weightedAverageShsOutDil": 169000000,
    "link": "https://www.sec.gov/Archives/edgar/data/68505/000006850517000017/0000068505-17-000017-index.htm",
    "finalLink": "https://www.sec.gov/Archives/edgar/data/68505/000006850517000017/msi09-30x17q3x10q.htm"
  },
  {
    "date": "2017-07-01",
    "symbol": "MSI",
    "reportedCurrency": "USD",
    "cik": "0000068505",
    "fillingDate": "2017-08-04",
    "acceptedDate": "2017-08-03 18:11:05",
    "calendarYear": "2017",
    "period": "Q2",
    "revenue": 1497000000,
    "costOfRevenue": 807000000,
    "grossProfit": 690000000,
    "grossProfitRatio": 0.4609218437,
    "researchAndDevelopmentExpenses": 138000000,
    "generalAndAdministrativeExpenses": 254000000,
    "sellingAndMarketingExpenses": 0,
    "sellingGeneralAndAdministrativeExpenses": 254000000,
    "otherExpenses": 37000000,
    "operatingExpenses": 429000000,
    "costAndExpenses": 1236000000,
    "interestIncome": 4000000,
    "interestExpense": 55000000,
    "depreciationAndAmortization": 86000000,
    "ebitda": 346000000,
    "ebitdaratio": 0.2311289245,
    "operatingIncome": 261000000,
    "operatingIncomeRatio": 0.1743486974,
    "totalOtherIncomeExpensesNet": -56000000,
    "incomeBeforeTax": 205000000,
    "incomeBeforeTaxRatio": 0.1369405478,
    "incomeTaxExpense": 73000000,
    "netIncome": 131000000,
    "netIncomeRatio": 0.08750835,
    "eps": 0.8,
    "epsdiluted": 0.78,
    "weightedAverageShsOut": 163100000,
    "weightedAverageShsOutDil": 169000000,
    "link": "https://www.sec.gov/Archives/edgar/data/68505/000006850517000011/0000068505-17-000011-index.htm",
    "finalLink": "https://www.sec.gov/Archives/edgar/data/68505/000006850517000011/msi07-01x17q2x10q.htm"
  },
  {
    "date": "2017-04-01",
    "symbol": "MSI",
    "reportedCurrency": "USD",
    "cik": "0000068505",
    "fillingDate": "2017-05-05",
    "acceptedDate": "2017-05-04 17:57:35",
    "calendarYear": "2017",
    "period": "Q1",
    "revenue": 1281000000,
    "costOfRevenue": 711000000,
    "grossProfit": 570000000,
    "grossProfitRatio": 0.4449648712,
    "researchAndDevelopmentExpenses": 135000000,
    "generalAndAdministrativeExpenses": 244000000,
    "sellingAndMarketingExpenses": 0,
    "sellingGeneralAndAdministrativeExpenses": 244000000,
    "otherExpenses": 18000000,
    "operatingExpenses": 397000000,
    "costAndExpenses": 1108000000,
    "interestIncome": 3000000,
    "interestExpense": 54000000,
    "depreciationAndAmortization": 80000000,
    "ebitda": 254000000,
    "ebitdaratio": 0.1982825917,
    "operatingIncome": 173000000,
    "operatingIncomeRatio": 0.1350507416,
    "totalOtherIncomeExpensesNet": -53000000,
    "incomeBeforeTax": 120000000,
    "incomeBeforeTaxRatio": 0.093676815,
    "incomeTaxExpense": 42000000,
    "netIncome": 77000000,
    "netIncomeRatio": 0.0601092896,
    "eps": 0.47,
    "epsdiluted": 0.45,
    "weightedAverageShsOut": 164200000,
    "weightedAverageShsOutDil": 169900000,
    "link": "https://www.sec.gov/Archives/edgar/data/68505/000006850517000005/0000068505-17-000005-index.htm",
    "finalLink": "https://www.sec.gov/Archives/edgar/data/68505/000006850517000005/msi04-01x17q1x10q.htm"
  },
  {
    "date": "2016-12-31",
    "symbol": "MSI",
    "reportedCurrency": "USD",
    "cik": "0000068505",
    "fillingDate": "2017-02-21",
    "acceptedDate": "2017-02-21 06:11:48",
    "calendarYear": "2016",
    "period": "Q4",
    "revenue": 1883000000,
    "costOfRevenue": 955000000,
    "grossProfit": 928000000,
    "grossProfitRatio": 0.4928305895,
    "researchAndDevelopmentExpenses": 142000000,
    "generalAndAdministrativeExpenses": 278000000,
    "sellingAndMarketingExpenses": 0,
    "sellingGeneralAndAdministrativeExpenses": 278000000,
    "otherExpenses": 105000000,
    "operatingExpenses": 525000000,
    "costAndExpenses": 1480000000,
    "interestIncome": 8000000,
    "interestExpense": 56000000,
    "depreciationAndAmortization": 75000000,
    "ebitda": 493000000,
    "ebitdaratio": 0.2618162507,
    "operatingIncome": 403000000,
    "operatingIncomeRatio": 0.2140201806,
    "totalOtherIncomeExpensesNet": -41000000,
    "incomeBeforeTax": 362000000,
    "incomeBeforeTaxRatio": 0.1922464153,
    "incomeTaxExpense": 118000000,
    "netIncome": 243000000,
    "netIncomeRatio": 0.1290493893,
    "eps": 1.47,
    "epsdiluted": 1.43,
    "weightedAverageShsOut": 165400000,
    "weightedAverageShsOutDil": 170400000,
    "link": "https://www.sec.gov/Archives/edgar/data/68505/000006850517000002/0000068505-17-000002-index.htm",
    "finalLink": "https://www.sec.gov/Archives/edgar/data/68505/000006850517000002/msi201610-k.htm"
  },
  {
    "date": "2016-10-01",
    "symbol": "MSI",
    "reportedCurrency": "USD",
    "cik": "0000068505",
    "fillingDate": "2016-11-04",
    "acceptedDate": "2016-11-03 17:49:30",
    "calendarYear": "2016",
    "period": "Q3",
    "revenue": 1532000000,
    "costOfRevenue": 770000000,
    "grossProfit": 762000000,
    "grossProfitRatio": 0.4973890339,
    "researchAndDevelopmentExpenses": 137000000,
    "generalAndAdministrativeExpenses": 247000000,
    "sellingAndMarketingExpenses": 0,
    "sellingGeneralAndAdministrativeExpenses": 247000000,
    "otherExpenses": 37000000,
    "operatingExpenses": 421000000,
    "costAndExpenses": 1191000000,
    "interestIncome": 4000000,
    "interestExpense": 58000000,
    "depreciationAndAmortization": 76000000,
    "ebitda": 427000000,
    "ebitdaratio": 0.2787206266,
    "operatingIncome": 341000000,
    "operatingIncomeRatio": 0.2225848564,
    "totalOtherIncomeExpensesNet": -48000000,
    "incomeBeforeTax": 293000000,
    "incomeBeforeTaxRatio": 0.1912532637,
    "incomeTaxExpense": 100000000,
    "netIncome": 192000000,
    "netIncomeRatio": 0.1253263708,
    "eps": 1.15,
    "epsdiluted": 1.13,
    "weightedAverageShsOut": 166300000,
    "weightedAverageShsOutDil": 169600000,
    "link": "https://www.sec.gov/Archives/edgar/data/68505/000006850516000031/0000068505-16-000031-index.htm",
    "finalLink": "https://www.sec.gov/Archives/edgar/data/68505/000006850516000031/msi10-01x16q3x10q.htm"
  },
  {
    "date": "2016-07-02",
    "symbol": "MSI",
    "reportedCurrency": "USD",
    "cik": "0000068505",
    "fillingDate": "2016-08-05",
    "acceptedDate": "2016-08-04 17:42:30",
    "calendarYear": "2016",
    "period": "Q2",
    "revenue": 1430000000,
    "costOfRevenue": 754000000,
    "grossProfit": 676000000,
    "grossProfitRatio": 0.4727272727,
    "researchAndDevelopmentExpenses": 138000000,
    "generalAndAdministrativeExpenses": 240000000,
    "sellingAndMarketingExpenses": 0,
    "sellingGeneralAndAdministrativeExpenses": 240000000,
    "otherExpenses": 74000000,
    "operatingExpenses": 452000000,
    "costAndExpenses": 1206000000,
    "interestIncome": 5000000,
    "interestExpense": 59000000,
    "depreciationAndAmortization": 82000000,
    "ebitda": 308000000,
    "ebitdaratio": 0.2153846154,
    "operatingIncome": 224000000,
    "operatingIncomeRatio": 0.1566433566,
    "totalOtherIncomeExpensesNet": -57000000,
    "incomeBeforeTax": 167000000,
    "incomeBeforeTaxRatio": 0.1167832168,
    "incomeTaxExpense": 59000000,
    "netIncome": 107000000,
    "netIncomeRatio": 0.0748251748,
    "eps": 0.62,
    "epsdiluted": 0.61,
    "weightedAverageShsOut": 171900000,
    "weightedAverageShsOutDil": 174800000,
    "link": "https://www.sec.gov/Archives/edgar/data/68505/000006850516000026/0000068505-16-000026-index.htm",
    "finalLink": "https://www.sec.gov/Archives/edgar/data/68505/000006850516000026/msi07-02x16q2x10q.htm"
  },
  {
    "date": "2016-04-02",
    "symbol": "MSI",
    "reportedCurrency": "USD",
    "cik": "0000068505",
    "fillingDate": "2016-05-06",
    "acceptedDate": "2016-05-05 17:44:30",
    "calendarYear": "2016",
    "period": "Q1",
    "revenue": 1193000000,
    "costOfRevenue": 691000000,
    "grossProfit": 502000000,
    "grossProfitRatio": 0.4207879296,
    "researchAndDevelopmentExpenses": 135000000,
    "generalAndAdministrativeExpenses": 234000000,
    "sellingAndMarketingExpenses": 0,
    "sellingGeneralAndAdministrativeExpenses": 234000000,
    "otherExpenses": 33000000,
    "operatingExpenses": 402000000,
    "costAndExpenses": 1093000000,
    "interestIncome": 4000000,
    "interestExpense": 53000000,
    "depreciationAndAmortization": 62000000,
    "ebitda": 137000000,
    "ebitdaratio": 0.1148365465,
    "operatingIncome": 100000000,
    "operatingIncomeRatio": 0.0838222967,
    "totalOtherIncomeExpensesNet": -78000000,
    "incomeBeforeTax": 22000000,
    "incomeBeforeTaxRatio": 0.0184409053,
    "incomeTaxExpense": 5000000,
    "netIncome": 17000000,
    "netIncomeRatio": 0.0142497904,
    "eps": 0.1,
    "epsdiluted": 0.1,
    "weightedAverageShsOut": 174500000,
    "weightedAverageShsOutDil": 177000000,
    "link": "https://www.sec.gov/Archives/edgar/data/68505/000006850516000020/0000068505-16-000020-index.htm",
    "finalLink": "https://www.sec.gov/Archives/edgar/data/68505/000006850516000020/msi04-02x16q1x10q.htm"
  },
  {
    "date": "2015-12-31",
    "symbol": "MSI",
    "reportedCurrency": "USD",
    "cik": "0000068505",
    "fillingDate": "2016-02-23",
    "acceptedDate": "2016-02-22 17:44:47",
    "calendarYear": "2015",
    "period": "Q4",
    "revenue": 1682000000,
    "costOfRevenue": 844000000,
    "grossProfit": 838000000,
    "grossProfitRatio": 0.498216409,
    "researchAndDevelopmentExpenses": 152000000,
    "generalAndAdministrativeExpenses": 252000000,
    "sellingAndMarketingExpenses": 0,
    "sellingGeneralAndAdministrativeExpenses": 252000000,
    "otherExpenses": 45000000,
    "operatingExpenses": 449000000,
    "costAndExpenses": 1293000000,
    "interestIncome": 3000000,
    "interestExpense": 54000000,
    "depreciationAndAmortization": 37000000,
    "ebitda": 468000000,
    "ebitdaratio": 0.2782401902,
    "operatingIncome": 389000000,
    "operatingIncomeRatio": 0.2312722949,
    "totalOtherIncomeExpensesNet": -12000000,
    "incomeBeforeTax": 377000000,
    "incomeBeforeTaxRatio": 0.224137931,
    "incomeTaxExpense": 99000000,
    "netIncome": 277000000,
    "netIncomeRatio": 0.1646848989,
    "eps": 1.6,
    "epsdiluted": 1.57,
    "weightedAverageShsOut": 174900000,
    "weightedAverageShsOutDil": 177500000,
    "link": "https://www.sec.gov/Archives/edgar/data/68505/000006850516000017/0000068505-16-000017-index.htm",
    "finalLink": "https://www.sec.gov/Archives/edgar/data/68505/000006850516000017/msi201510-k.htm"
  },
  {
    "date": "2015-10-03",
    "symbol": "MSI",
    "reportedCurrency": "USD",
    "cik": "0000068505",
    "fillingDate": "2015-11-04",
    "acceptedDate": "2015-11-04 10:21:52",
    "calendarYear": "2015",
    "period": "Q3",
    "revenue": 1422000000,
    "costOfRevenue": 737000000,
    "grossProfit": 685000000,
    "grossProfitRatio": 0.4817158931,
    "researchAndDevelopmentExpenses": 153000000,
    "generalAndAdministrativeExpenses": 259000000,
    "sellingAndMarketingExpenses": 0,
    "sellingGeneralAndAdministrativeExpenses": 259000000,
    "otherExpenses": 42000000,
    "operatingExpenses": 454000000,
    "costAndExpenses": 1191000000,
    "interestIncome": 4000000,
    "interestExpense": 47000000,
    "depreciationAndAmortization": 32000000,
    "ebitda": 276000000,
    "ebitdaratio": 0.194092827,
    "operatingIncome": 231000000,
    "operatingIncomeRatio": 0.1624472574,
    "totalOtherIncomeExpensesNet": -34000000,
    "incomeBeforeTax": 197000000,
    "incomeBeforeTaxRatio": 0.1385372714,
    "incomeTaxExpense": 71000000,
    "netIncome": 115000000,
    "netIncomeRatio": 0.0808720113,
    "eps": 0.58,
    "epsdiluted": 0.57,
    "weightedAverageShsOut": 199200000,
    "weightedAverageShsOutDil": 201300000,
    "link": "https://www.sec.gov/Archives/edgar/data/68505/000006850515000013/0000068505-15-000013-index.htm",
    "finalLink": "https://www.sec.gov/Archives/edgar/data/68505/000006850515000013/msi10-03x15q3x10q.htm"
  },
  {
    "date": "2015-07-04",
    "symbol": "MSI",
    "reportedCurrency": "USD",
    "cik": "0000068505",
    "fillingDate": "2015-08-05",
    "acceptedDate": "2015-08-05 09:15:53",
    "calendarYear": "2015",
    "period": "Q2",
    "revenue": 1368000000,
    "costOfRevenue": 720000000,
    "grossProfit": 648000000,
    "grossProfitRatio": 0.4736842105,
    "researchAndDevelopmentExpenses": 156000000,
    "generalAndAdministrativeExpenses": 254000000,
    "sellingAndMarketingExpenses": 0,
    "sellingGeneralAndAdministrativeExpenses": 254000000,
    "otherExpenses": -16000000,
    "operatingExpenses": 394000000,
    "costAndExpenses": 1114000000,
    "interestIncome": 3000000,
    "interestExpense": 42000000,
    "depreciationAndAmortization": 40000000,
    "ebitda": 297000000,
    "ebitdaratio": 0.2171052632,
    "operatingIncome": 254000000,
    "operatingIncomeRatio": 0.1856725146,
    "totalOtherIncomeExpensesNet": -39000000,
    "incomeBeforeTax": 215000000,
    "incomeBeforeTaxRatio": 0.1571637427,
    "incomeTaxExpense": 64000000,
    "netIncome": 142000000,
    "netIncomeRatio": 0.1038011696,
    "eps": 0.68,
    "epsdiluted": 0.68,
    "weightedAverageShsOut": 208000000,
    "weightedAverageShsOutDil": 209500000,
    "link": "https://www.sec.gov/Archives/edgar/data/68505/000006850515000010/0000068505-15-000010-index.htm",
    "finalLink": "https://www.sec.gov/Archives/edgar/data/68505/000006850515000010/msi07-04x15q2x10q.htm"
  },
  {
    "date": "2015-04-04",
    "symbol": "MSI",
    "reportedCurrency": "USD",
    "cik": "0000068505",
    "fillingDate": "2015-05-06",
    "acceptedDate": "2015-05-06 10:18:56",
    "calendarYear": "2015",
    "period": "Q1",
    "revenue": 1223000000,
    "costOfRevenue": 675000000,
    "grossProfit": 548000000,
    "grossProfitRatio": 0.4480784955,
    "researchAndDevelopmentExpenses": 159000000,
    "generalAndAdministrativeExpenses": 256000000,
    "sellingAndMarketingExpenses": 0,
    "sellingGeneralAndAdministrativeExpenses": 256000000,
    "otherExpenses": 14000000,
    "operatingExpenses": 429000000,
    "costAndExpenses": 1104000000,
    "interestIncome": 3000000,
    "interestExpense": 43000000,
    "depreciationAndAmortization": 41000000,
    "ebitda": 212000000,
    "ebitdaratio": 0.1733442355,
    "operatingIncome": 119000000,
    "operatingIncomeRatio": 0.0973017171,
    "totalOtherIncomeExpensesNet": 9000000,
    "incomeBeforeTax": 128000000,
    "incomeBeforeTaxRatio": 0.1046606705,
    "incomeTaxExpense": 40000000,
    "netIncome": 74000000,
    "netIncomeRatio": 0.0605069501,
    "eps": 0.34,
    "epsdiluted": 0.34,
    "weightedAverageShsOut": 215300000,
    "weightedAverageShsOutDil": 217800000,
    "link": "https://www.sec.gov/Archives/edgar/data/68505/000006850515000006/0000068505-15-000006-index.htm",
    "finalLink": "https://www.sec.gov/Archives/edgar/data/68505/000006850515000006/msi04-04x15q1x10q.htm"
  },
  {
    "date": "2014-12-31",
    "symbol": "MSI",
    "reportedCurrency": "USD",
    "cik": "0000068505",
    "fillingDate": "2015-02-13",
    "acceptedDate": "2015-02-13 14:12:13",
    "calendarYear": "2014",
    "period": "Q4",
    "revenue": 1823000000,
    "costOfRevenue": 911000000,
    "grossProfit": 912000000,
    "grossProfitRatio": 0.5002742732,
    "researchAndDevelopmentExpenses": 165000000,
    "generalAndAdministrativeExpenses": 282000000,
    "sellingAndMarketingExpenses": 0,
    "sellingGeneralAndAdministrativeExpenses": 282000000,
    "otherExpenses": 1923000000,
    "operatingExpenses": 2370000000,
    "costAndExpenses": 3281000000,
    "interestIncome": 4000000,
    "interestExpense": 45000000,
    "depreciationAndAmortization": 42000000,
    "ebitda": -1411000000,
    "ebitdaratio": -0.7739989029,
    "operatingIncome": -1458000000,
    "operatingIncomeRatio": -0.7997805815,
    "totalOtherIncomeExpensesNet": -40000000,
    "incomeBeforeTax": -1498000000,
    "incomeBeforeTaxRatio": -0.8217224355,
    "incomeTaxExpense": -572000000,
    "netIncome": 201000000,
    "netIncomeRatio": 0.1102578168,
    "eps": 0.87,
    "epsdiluted": 0.87,
    "weightedAverageShsOut": 230474159,
    "weightedAverageShsOutDil": 230500000,
    "link": "https://www.sec.gov/Archives/edgar/data/68505/000006850515000003/0000068505-15-000003-index.htm",
    "finalLink": "https://www.sec.gov/Archives/edgar/data/68505/000006850515000003/msi201410-k.htm"
  },
  {
    "date": "2014-09-27",
    "symbol": "MSI",
    "reportedCurrency": "USD",
    "cik": "0000068505",
    "fillingDate": "2014-11-04",
    "acceptedDate": "2014-11-04 12:13:31",
    "calendarYear": "2014",
    "period": "Q3",
    "revenue": 1436000000,
    "costOfRevenue": 751000000,
    "grossProfit": 685000000,
    "grossProfitRatio": 0.4770194986,
    "researchAndDevelopmentExpenses": 166000000,
    "generalAndAdministrativeExpenses": 287000000,
    "sellingAndMarketingExpenses": 0,
    "sellingGeneralAndAdministrativeExpenses": 287000000,
    "otherExpenses": 25000000,
    "operatingExpenses": 478000000,
    "costAndExpenses": 1229000000,
    "interestIncome": 7000000,
    "interestExpense": 38000000,
    "depreciationAndAmortization": 45000000,
    "ebitda": 234000000,
    "ebitdaratio": 0.1629526462,
    "operatingIncome": 207000000,
    "operatingIncomeRatio": 0.1441504178,
    "totalOtherIncomeExpensesNet": -56000000,
    "incomeBeforeTax": 151000000,
    "incomeBeforeTaxRatio": 0.1051532033,
    "incomeTaxExpense": 84000000,
    "netIncome": 148000000,
    "netIncomeRatio": 0.1030640669,
    "eps": 0.6,
    "epsdiluted": 0.59,
    "weightedAverageShsOut": 246300000,
    "weightedAverageShsOutDil": 248200000,
    "link": "https://www.sec.gov/Archives/edgar/data/68505/000006850514000016/0000068505-14-000016-index.htm",
    "finalLink": "https://www.sec.gov/Archives/edgar/data/68505/000006850514000016/msi09-27x14q3x10q.htm"
  },
  {
    "date": "2014-06-28",
    "symbol": "MSI",
    "reportedCurrency": "USD",
    "cik": "0000068505",
    "fillingDate": "2014-08-05",
    "acceptedDate": "2014-08-05 10:44:10",
    "calendarYear": "2014",
    "period": "Q2",
    "revenue": 1393000000,
    "costOfRevenue": 737000000,
    "grossProfit": 656000000,
    "grossProfitRatio": 0.4709260589,
    "researchAndDevelopmentExpenses": 176000000,
    "generalAndAdministrativeExpenses": 308000000,
    "sellingAndMarketingExpenses": 0,
    "sellingGeneralAndAdministrativeExpenses": 308000000,
    "otherExpenses": 34000000,
    "operatingExpenses": 518000000,
    "costAndExpenses": 1255000000,
    "interestIncome": 5000000,
    "interestExpense": 34000000,
    "depreciationAndAmortization": 46000000,
    "ebitda": 178000000,
    "ebitdaratio": 0.127781766,
    "operatingIncome": 138000000,
    "operatingIncomeRatio": 0.0990667624,
    "totalOtherIncomeExpensesNet": -40000000,
    "incomeBeforeTax": 98000000,
    "incomeBeforeTaxRatio": 0.0703517588,
    "incomeTaxExpense": 20000000,
    "netIncome": 824000000,
    "netIncomeRatio": 0.5915290739,
    "eps": 3.25,
    "epsdiluted": 3.22,
    "weightedAverageShsOut": 253700000,
    "weightedAverageShsOutDil": 256200000,
    "link": "https://www.sec.gov/Archives/edgar/data/68505/000006850514000010/0000068505-14-000010-index.htm",
    "finalLink": "https://www.sec.gov/Archives/edgar/data/68505/000006850514000010/msi06-28x14q2x10q.htm"
  },
  {
    "date": "2014-03-29",
    "symbol": "MSI",
    "reportedCurrency": "USD",
    "cik": "0000068505",
    "fillingDate": "2014-05-01",
    "acceptedDate": "2014-05-01 12:10:06",
    "calendarYear": "2014",
    "period": "Q1",
    "revenue": 1228000000,
    "costOfRevenue": 651000000,
    "grossProfit": 577000000,
    "grossProfitRatio": 0.4698697068,
    "researchAndDevelopmentExpenses": 174000000,
    "generalAndAdministrativeExpenses": 307000000,
    "sellingAndMarketingExpenses": 0,
    "sellingGeneralAndAdministrativeExpenses": 307000000,
    "otherExpenses": -11000000,
    "operatingExpenses": 470000000,
    "costAndExpenses": 1121000000,
    "interestIncome": 5000000,
    "interestExpense": 30000000,
    "depreciationAndAmortization": 40000000,
    "ebitda": 159000000,
    "ebitdaratio": 0.1294788274,
    "operatingIncome": 107000000,
    "operatingIncomeRatio": 0.0871335505,
    "totalOtherIncomeExpensesNet": -18000000,
    "incomeBeforeTax": 89000000,
    "incomeBeforeTaxRatio": 0.07247557,
    "incomeTaxExpense": 4000000,
    "netIncome": 127000000,
    "netIncomeRatio": 0.1034201954,
    "eps": 0.5,
    "epsdiluted": 0.49,
    "weightedAverageShsOut": 254100000,
    "weightedAverageShsOutDil": 258300000,
    "link": "https://www.sec.gov/Archives/edgar/data/68505/000006850514000008/0000068505-14-000008-index.htm",
    "finalLink": "https://www.sec.gov/Archives/edgar/data/68505/000006850514000008/msi03-29x14q1x10q.htm"
  },
  {
    "date": "2013-12-31",
    "symbol": "MSI",
    "reportedCurrency": "USD",
    "cik": "0000068505",
    "fillingDate": "2014-02-13",
    "acceptedDate": "2014-02-13 15:22:11",
    "calendarYear": "2013",
    "period": "Q4",
    "revenue": 2504000000,
    "costOfRevenue": 1291000000,
    "grossProfit": 1213000000,
    "grossProfitRatio": 0.4844249201,
    "researchAndDevelopmentExpenses": 273000000,
    "generalAndAdministrativeExpenses": 469000000,
    "sellingAndMarketingExpenses": 0,
    "sellingGeneralAndAdministrativeExpenses": 469000000,
    "otherExpenses": 58000000,
    "operatingExpenses": 800000000,
    "costAndExpenses": 2091000000,
    "interestIncome": 4000000,
    "interestExpense": 32000000,
    "depreciationAndAmortization": 60000000,
    "ebitda": 483000000,
    "ebitdaratio": 0.1928913738,
    "operatingIncome": 413000000,
    "operatingIncomeRatio": 0.1649361022,
    "totalOtherIncomeExpensesNet": -22000000,
    "incomeBeforeTax": 391000000,
    "incomeBeforeTaxRatio": 0.1561501597,
    "incomeTaxExpense": 48000000,
    "netIncome": 342000000,
    "netIncomeRatio": 0.1365814696,
    "eps": 1.33,
    "epsdiluted": 1.31,
    "weightedAverageShsOut": 257500000,
    "weightedAverageShsOutDil": 261200000,
    "link": "https://www.sec.gov/Archives/edgar/data/68505/000006850514000005/0000068505-14-000005-index.htm",
    "finalLink": "https://www.sec.gov/Archives/edgar/data/68505/000006850514000005/msi201310-k.htm"
  },
  {
    "date": "2013-09-28",
    "symbol": "MSI",
    "reportedCurrency": "USD",
    "cik": "0000068505",
    "fillingDate": "2013-10-23",
    "acceptedDate": "2013-10-23 10:59:26",
    "calendarYear": "2013",
    "period": "Q3",
    "revenue": 1517000000,
    "costOfRevenue": 752000000,
    "grossProfit": 765000000,
    "grossProfitRatio": 0.5042847726,
    "researchAndDevelopmentExpenses": 183000000,
    "generalAndAdministrativeExpenses": 320000000,
    "sellingAndMarketingExpenses": 0,
    "sellingGeneralAndAdministrativeExpenses": 320000000,
    "otherExpenses": 16000000,
    "operatingExpenses": 519000000,
    "costAndExpenses": 1271000000,
    "interestIncome": 4000000,
    "interestExpense": 33000000,
    "depreciationAndAmortization": 40000000,
    "ebitda": 324000000,
    "ebitdaratio": 0.2135794331,
    "operatingIncome": 246000000,
    "operatingIncomeRatio": 0.1621621622,
    "totalOtherIncomeExpensesNet": 5000000,
    "incomeBeforeTax": 251000000,
    "incomeBeforeTaxRatio": 0.1654581411,
    "incomeTaxExpense": -11000000,
    "netIncome": 307000000,
    "netIncomeRatio": 0.2023731048,
    "eps": 1.17,
    "epsdiluted": 1.16,
    "weightedAverageShsOut": 262200000,
    "weightedAverageShsOutDil": 265300000,
    "link": "https://www.sec.gov/Archives/edgar/data/68505/000006850513000003/0000068505-13-000003-index.htm",
    "finalLink": "https://www.sec.gov/Archives/edgar/data/68505/000006850513000003/msi09-28x13xq3x10q.htm"
  },
  {
    "date": "2013-06-29",
    "symbol": "MSI",
    "reportedCurrency": "USD",
    "cik": "0000068505",
    "fillingDate": "2013-07-24",
    "acceptedDate": "2013-07-24 10:51:48",
    "calendarYear": "2013",
    "period": "Q2",
    "revenue": 1497000000,
    "costOfRevenue": 747000000,
    "grossProfit": 750000000,
    "grossProfitRatio": 0.501002004,
    "researchAndDevelopmentExpenses": 195000000,
    "generalAndAdministrativeExpenses": 339000000,
    "sellingAndMarketingExpenses": 0,
    "sellingGeneralAndAdministrativeExpenses": 339000000,
    "otherExpenses": 13000000,
    "operatingExpenses": 547000000,
    "costAndExpenses": 1294000000,
    "interestIncome": 6000000,
    "interestExpense": 38000000,
    "depreciationAndAmortization": 24000000,
    "ebitda": 230000000,
    "ebitdaratio": 0.1536406146,
    "operatingIncome": 203000000,
    "operatingIncomeRatio": 0.1356045424,
    "totalOtherIncomeExpensesNet": -35000000,
    "incomeBeforeTax": 168000000,
    "incomeBeforeTaxRatio": 0.1122244489,
    "incomeTaxExpense": -59000000,
    "netIncome": 258000000,
    "netIncomeRatio": 0.1723446894,
    "eps": 0.96,
    "epsdiluted": 0.94,
    "weightedAverageShsOut": 269500000,
    "weightedAverageShsOutDil": 274700000,
    "link": "https://www.sec.gov/Archives/edgar/data/68505/000144530513001679/0001445305-13-001679-index.htm",
    "finalLink": "https://www.sec.gov/Archives/edgar/data/68505/000144530513001679/msi06-29x13xq2x10q.htm"
  },
  {
    "date": "2013-03-30",
    "symbol": "MSI",
    "reportedCurrency": "USD",
    "cik": "0000068505",
    "fillingDate": "2013-04-24",
    "acceptedDate": "2013-04-24 11:00:23",
    "calendarYear": "2013",
    "period": "Q1",
    "revenue": 1973000000,
    "costOfRevenue": 1018000000,
    "grossProfit": 955000000,
    "grossProfitRatio": 0.4840344653,
    "researchAndDevelopmentExpenses": 262000000,
    "generalAndAdministrativeExpenses": 460000000,
    "sellingAndMarketingExpenses": 0,
    "sellingGeneralAndAdministrativeExpenses": 460000000,
    "otherExpenses": 17000000,
    "operatingExpenses": 739000000,
    "costAndExpenses": 1757000000,
    "interestIncome": 5000000,
    "interestExpense": 30000000,
    "depreciationAndAmortization": 52000000,
    "ebitda": 287000000,
    "ebitdaratio": 0.1454637608,
    "operatingIncome": 216000000,
    "operatingIncomeRatio": 0.1094779524,
    "totalOtherIncomeExpensesNet": -11000000,
    "incomeBeforeTax": 205000000,
    "incomeBeforeTaxRatio": 0.1039026863,
    "incomeTaxExpense": 13000000,
    "netIncome": 192000000,
    "netIncomeRatio": 0.0973137354,
    "eps": 0.7,
    "epsdiluted": 0.68,
    "weightedAverageShsOut": 274500000,
    "weightedAverageShsOutDil": 280700000,
    "link": "https://www.sec.gov/Archives/edgar/data/68505/000144530513000881/0001445305-13-000881-index.htm",
    "finalLink": "https://www.sec.gov/Archives/edgar/data/68505/000144530513000881/msi03-30x13xq1x10q.htm"
  },
  {
    "date": "2012-12-31",
    "symbol": "MSI",
    "reportedCurrency": "USD",
    "cik": "0000068505",
    "fillingDate": "2013-02-12",
    "acceptedDate": "2013-02-12 10:45:50",
    "calendarYear": "2012",
    "period": "Q4",
    "revenue": 2441000000,
    "costOfRevenue": 1213000000,
    "grossProfit": 1228000000,
    "grossProfitRatio": 0.5030725113,
    "researchAndDevelopmentExpenses": 290000000,
    "generalAndAdministrativeExpenses": 0,
    "sellingAndMarketingExpenses": 0,
    "sellingGeneralAndAdministrativeExpenses": 509000000,
    "otherExpenses": 6000000,
    "operatingExpenses": 805000000,
    "costAndExpenses": 2018000000,
    "interestIncome": 9000000,
    "interestExpense": 29000000,
    "depreciationAndAmortization": 57000000,
    "ebitda": 493000000,
    "ebitdaratio": 0.2019664072,
    "operatingIncome": 423000000,
    "operatingIncomeRatio": 0.1732896354,
    "totalOtherIncomeExpensesNet": -16000000,
    "incomeBeforeTax": 407000000,
    "incomeBeforeTaxRatio": 0.1667349447,
    "incomeTaxExpense": 71000000,
    "netIncome": 336000000,
    "netIncomeRatio": 0.1376485047,
    "eps": 1.2,
    "epsdiluted": 1.18,
    "weightedAverageShsOut": 279300000,
    "weightedAverageShsOutDil": 284400000,
    "link": "https://www.sec.gov/Archives/edgar/data/68505/000144530513000205/0001445305-13-000205-index.htm",
    "finalLink": "https://www.sec.gov/Archives/edgar/data/68505/000144530513000205/msi2012123110-k.htm"
  },
  {
    "date": "2012-09-29",
    "symbol": "MSI",
    "reportedCurrency": "USD",
    "cik": "0000068505",
    "fillingDate": "2012-10-24",
    "acceptedDate": "2012-10-24 10:13:18",
    "calendarYear": "2012",
    "period": "Q3",
    "revenue": 2153000000,
    "costOfRevenue": 1066000000,
    "grossProfit": 1087000000,
    "grossProfitRatio": 0.5048769159,
    "researchAndDevelopmentExpenses": 262000000,
    "generalAndAdministrativeExpenses": 485000000,
    "sellingAndMarketingExpenses": 0,
    "sellingGeneralAndAdministrativeExpenses": 485000000,
    "otherExpenses": 16000000,
    "operatingExpenses": 763000000,
    "costAndExpenses": 1829000000,
    "interestIncome": 13000000,
    "interestExpense": 29000000,
    "depreciationAndAmortization": 45000000,
    "ebitda": 398000000,
    "ebitdaratio": 0.1848583372,
    "operatingIncome": 324000000,
    "operatingIncomeRatio": 0.1504876916,
    "totalOtherIncomeExpensesNet": 0,
    "incomeBeforeTax": 324000000,
    "incomeBeforeTaxRatio": 0.1504876916,
    "incomeTaxExpense": 118000000,
    "netIncome": 206000000,
    "netIncomeRatio": 0.0956804459,
    "eps": 0.73,
    "epsdiluted": 0.72,
    "weightedAverageShsOut": 283100000,
    "weightedAverageShsOutDil": 287400000,
    "link": "https://www.sec.gov/Archives/edgar/data/68505/000144530512003200/0001445305-12-003200-index.htm",
    "finalLink": "https://www.sec.gov/Archives/edgar/data/68505/000144530512003200/msi-9292012x10q.htm"
  },
  {
    "date": "2012-06-30",
    "symbol": "MSI",
    "reportedCurrency": "USD",
    "cik": "0000068505",
    "fillingDate": "2012-07-25",
    "acceptedDate": "2012-07-25 10:46:42",
    "calendarYear": "2012",
    "period": "Q2",
    "revenue": 2148000000,
    "costOfRevenue": 1088000000,
    "grossProfit": 1060000000,
    "grossProfitRatio": 0.4934823091,
    "researchAndDevelopmentExpenses": 269000000,
    "generalAndAdministrativeExpenses": 496000000,
    "sellingAndMarketingExpenses": 0,
    "sellingGeneralAndAdministrativeExpenses": 496000000,
    "otherExpenses": 17000000,
    "operatingExpenses": 782000000,
    "costAndExpenses": 1870000000,
    "interestIncome": 9000000,
    "interestExpense": 25000000,
    "depreciationAndAmortization": 53000000,
    "ebitda": 318000000,
    "ebitdaratio": 0.1480446927,
    "operatingIncome": 278000000,
    "operatingIncomeRatio": 0.1294227188,
    "totalOtherIncomeExpensesNet": -38000000,
    "incomeBeforeTax": 240000000,
    "incomeBeforeTaxRatio": 0.1117318436,
    "incomeTaxExpense": 63000000,
    "netIncome": 182000000,
    "netIncomeRatio": 0.0847299814,
    "eps": 0.63,
    "epsdiluted": 0.61,
    "weightedAverageShsOut": 290600000,
    "weightedAverageShsOutDil": 296100000,
    "link": "https://www.sec.gov/Archives/edgar/data/68505/000144530512002256/0001445305-12-002256-index.htm",
    "finalLink": "https://www.sec.gov/Archives/edgar/data/68505/000144530512002256/msi-6302012x10q.htm"
  },
  {
    "date": "2012-03-31",
    "symbol": "MSI",
    "reportedCurrency": "USD",
    "cik": "0000068505",
    "fillingDate": "2012-04-25",
    "acceptedDate": "2012-04-25 09:29:37",
    "calendarYear": "2012",
    "period": "Q1",
    "revenue": 1956000000,
    "costOfRevenue": 983000000,
    "grossProfit": 973000000,
    "grossProfitRatio": 0.4974437628,
    "researchAndDevelopmentExpenses": 254000000,
    "generalAndAdministrativeExpenses": 472000000,
    "sellingAndMarketingExpenses": 0,
    "sellingGeneralAndAdministrativeExpenses": 472000000,
    "otherExpenses": 15000000,
    "operatingExpenses": 741000000,
    "costAndExpenses": 1724000000,
    "interestIncome": 11000000,
    "interestExpense": 25000000,
    "depreciationAndAmortization": 53000000,
    "ebitda": 322000000,
    "ebitdaratio": 0.1646216769,
    "operatingIncome": 232000000,
    "operatingIncomeRatio": 0.118609407,
    "totalOtherIncomeExpensesNet": 12000000,
    "incomeBeforeTax": 244000000,
    "incomeBeforeTaxRatio": 0.1247443763,
    "incomeTaxExpense": 85000000,
    "netIncome": 157000000,
    "netIncomeRatio": 0.0802658487,
    "eps": 0.5,
    "epsdiluted": 0.49,
    "weightedAverageShsOut": 311300000,
    "weightedAverageShsOutDil": 317700000,
    "link": "https://www.sec.gov/Archives/edgar/data/68505/000144530512001163/0001445305-12-001163-index.htm",
    "finalLink": "https://www.sec.gov/Archives/edgar/data/68505/000144530512001163/msi-3312012x10q.htm"
  },
  {
    "date": "2011-12-31",
    "symbol": "MSI",
    "reportedCurrency": "USD",
    "cik": "0000068505",
    "fillingDate": "2012-02-15",
    "acceptedDate": "2012-02-15 17:07:24",
    "calendarYear": "2011",
    "period": "Q4",
    "revenue": 2234000000,
    "costOfRevenue": 1089000000,
    "grossProfit": 1145000000,
    "grossProfitRatio": 0.5125335721,
    "researchAndDevelopmentExpenses": 260000000,
    "generalAndAdministrativeExpenses": 0,
    "sellingAndMarketingExpenses": 0,
    "sellingGeneralAndAdministrativeExpenses": 487000000,
    "otherExpenses": 120000000,
    "operatingExpenses": 867000000,
    "costAndExpenses": 1956000000,
    "interestIncome": 12000000,
    "interestExpense": 27000000,
    "depreciationAndAmortization": 93000000,
    "ebitda": 388000000,
    "ebitdaratio": 0.1736794987,
    "operatingIncome": 278000000,
    "operatingIncomeRatio": 0.1244404655,
    "totalOtherIncomeExpensesNet": -10000000,
    "incomeBeforeTax": 268000000,
    "incomeBeforeTaxRatio": 0.1199641898,
    "incomeTaxExpense": 88000000,
    "netIncome": 184000000,
    "netIncomeRatio": 0.0823634736,
    "eps": 0.54,
    "epsdiluted": 0.54,
    "weightedAverageShsOut": 323300000,
    "weightedAverageShsOutDil": 340000000,
    "link": "https://www.sec.gov/Archives/edgar/data/68505/000119312512063569/0001193125-12-063569-index.htm",
    "finalLink": "https://www.sec.gov/Archives/edgar/data/68505/000119312512063569/d280303d10k.htm"
  },
  {
    "date": "2011-10-01",
    "symbol": "MSI",
    "reportedCurrency": "USD",
    "cik": "0000068505",
    "fillingDate": "2011-10-27",
    "acceptedDate": "2011-10-27 17:27:50",
    "calendarYear": "2011",
    "period": "Q3",
    "revenue": 2085000000,
    "costOfRevenue": 1030000000,
    "grossProfit": 1055000000,
    "grossProfitRatio": 0.5059952038,
    "researchAndDevelopmentExpenses": 270000000,
    "generalAndAdministrativeExpenses": 0,
    "sellingAndMarketingExpenses": 0,
    "sellingGeneralAndAdministrativeExpenses": 471000000,
    "otherExpenses": 60000000,
    "operatingExpenses": 801000000,
    "costAndExpenses": 1831000000,
    "interestIncome": 13000000,
    "interestExpense": 31000000,
    "depreciationAndAmortization": 92000000,
    "ebitda": 361000000,
    "ebitdaratio": 0.1731414868,
    "operatingIncome": 254000000,
    "operatingIncomeRatio": 0.121822542,
    "totalOtherIncomeExpensesNet": -16000000,
    "incomeBeforeTax": 238000000,
    "incomeBeforeTaxRatio": 0.1141486811,
    "incomeTaxExpense": 83000000,
    "netIncome": 128000000,
    "netIncomeRatio": 0.0613908873,
    "eps": 0.38,
    "epsdiluted": 0.38,
    "weightedAverageShsOut": 335400000,
    "weightedAverageShsOutDil": 339500000,
    "link": "https://www.sec.gov/Archives/edgar/data/68505/000119312511284407/0001193125-11-284407-index.htm",
    "finalLink": "https://www.sec.gov/Archives/edgar/data/68505/000119312511284407/d235531d10q.htm"
  },
  {
    "date": "2011-07-02",
    "symbol": "MSI",
    "reportedCurrency": "USD",
    "cik": "0000068505",
    "fillingDate": "2011-07-28",
    "acceptedDate": "2011-07-28 16:11:26",
    "calendarYear": "2011",
    "period": "Q2",
    "revenue": 1984000000,
    "costOfRevenue": 977000000,
    "grossProfit": 1007000000,
    "grossProfitRatio": 0.5075604839,
    "researchAndDevelopmentExpenses": 260000000,
    "generalAndAdministrativeExpenses": 0,
    "sellingAndMarketingExpenses": 0,
    "sellingGeneralAndAdministrativeExpenses": 482000000,
    "otherExpenses": 106000000,
    "operatingExpenses": 848000000,
    "costAndExpenses": 1825000000,
    "interestIncome": 19000000,
    "interestExpense": 40000000,
    "depreciationAndAmortization": 90000000,
    "ebitda": 191000000,
    "ebitdaratio": 0.0962701613,
    "operatingIncome": 159000000,
    "operatingIncomeRatio": 0.080141129,
    "totalOtherIncomeExpensesNet": -98000000,
    "incomeBeforeTax": 61000000,
    "incomeBeforeTaxRatio": 0.0307459677,
    "incomeTaxExpense": 13000000,
    "netIncome": 349000000,
    "netIncomeRatio": 0.1759072581,
    "eps": 1.02,
    "epsdiluted": 1,
    "weightedAverageShsOut": 341200000,
    "weightedAverageShsOutDil": 348500000,
    "link": "https://www.sec.gov/Archives/edgar/data/68505/000119312511200840/0001193125-11-200840-index.htm",
    "finalLink": "https://www.sec.gov/Archives/edgar/data/68505/000119312511200840/d10q.htm"
  },
  {
    "date": "2011-04-02",
    "symbol": "MSI",
    "reportedCurrency": "USD",
    "cik": "0000068505",
    "fillingDate": "2011-05-02",
    "acceptedDate": "2011-05-02 12:51:20",
    "calendarYear": "2011",
    "period": "Q1",
    "revenue": 1834000000,
    "costOfRevenue": 910000000,
    "grossProfit": 924000000,
    "grossProfitRatio": 0.5038167939,
    "researchAndDevelopmentExpenses": 239000000,
    "generalAndAdministrativeExpenses": 0,
    "sellingAndMarketingExpenses": 0,
    "sellingGeneralAndAdministrativeExpenses": 461000000,
    "otherExpenses": 55000000,
    "operatingExpenses": 755000000,
    "costAndExpenses": 1665000000,
    "interestIncome": 14000000,
    "interestExpense": 34000000,
    "depreciationAndAmortization": 91000000,
    "ebitda": 297000000,
    "ebitdaratio": 0.1619411123,
    "operatingIncome": 169000000,
    "operatingIncomeRatio": 0.0921483097,
    "totalOtherIncomeExpensesNet": 3000000,
    "incomeBeforeTax": 172000000,
    "incomeBeforeTaxRatio": 0.0937840785,
    "incomeTaxExpense": -189000000,
    "netIncome": 497000000,
    "netIncomeRatio": 0.2709923664,
    "eps": 1.47,
    "epsdiluted": 1.44,
    "weightedAverageShsOut": 337400000,
    "weightedAverageShsOutDil": 344200000,
    "link": "https://www.sec.gov/Archives/edgar/data/68505/000119312511120818/0001193125-11-120818-index.htm",
    "finalLink": "https://www.sec.gov/Archives/edgar/data/68505/000119312511120818/d10q.htm"
  },
  {
    "date": "2010-12-31",
    "symbol": "MSI",
    "reportedCurrency": "USD",
    "cik": "0000068505",
    "fillingDate": "2011-02-18",
    "acceptedDate": "2011-02-18 09:27:06",
    "calendarYear": "2010",
    "period": "Q4",
    "revenue": 5663000000,
    "costOfRevenue": 3630000000,
    "grossProfit": 2033000000,
    "grossProfitRatio": 0.3589969981,
    "researchAndDevelopmentExpenses": 641000000,
    "generalAndAdministrativeExpenses": 0,
    "sellingAndMarketingExpenses": 0,
    "sellingGeneralAndAdministrativeExpenses": 944000000,
    "otherExpenses": 70000000,
    "operatingExpenses": 1655000000,
    "costAndExpenses": 5285000000,
    "interestIncome": 22000000,
    "interestExpense": 53000000,
    "depreciationAndAmortization": 146000000,
    "ebitda": 547000000,
    "ebitdaratio": 0.0965919124,
    "operatingIncome": 378000000,
    "operatingIncomeRatio": 0.0667490729,
    "totalOtherIncomeExpensesNet": -30000000,
    "incomeBeforeTax": 348000000,
    "incomeBeforeTaxRatio": 0.0614515275,
    "incomeTaxExpense": 128000000,
    "netIncome": 293000000,
    "netIncomeRatio": 0.0517393608,
    "eps": 0.9,
    "epsdiluted": 0.9,
    "weightedAverageShsOut": 324000000,
    "weightedAverageShsOutDil": 324000000,
    "link": "https://www.sec.gov/Archives/edgar/data/68505/000119312511039822/0001193125-11-039822-index.htm",
    "finalLink": "https://www.sec.gov/Archives/edgar/data/68505/000119312511039822/d10k.htm"
  },
  {
    "date": "2010-10-02",
    "symbol": "MSI",
    "reportedCurrency": "USD",
    "cik": "0000068505",
    "fillingDate": "2010-11-02",
    "acceptedDate": "2010-11-02 17:30:52",
    "calendarYear": "2010",
    "period": "Q3",
    "revenue": 1908000000,
    "costOfRevenue": 944000000,
    "grossProfit": 964000000,
    "grossProfitRatio": 0.5052410901,
    "researchAndDevelopmentExpenses": 262000000,
    "generalAndAdministrativeExpenses": 0,
    "sellingAndMarketingExpenses": 0,
    "sellingGeneralAndAdministrativeExpenses": 457000000,
    "otherExpenses": 34000000,
    "operatingExpenses": 753000000,
    "costAndExpenses": 1697000000,
    "interestIncome": 19000000,
    "interestExpense": 48000000,
    "depreciationAndAmortization": 85000000,
    "ebitda": 325000000,
    "ebitdaratio": 0.1703354298,
    "operatingIncome": 211000000,
    "operatingIncomeRatio": 0.1105870021,
    "totalOtherIncomeExpensesNet": -19000000,
    "incomeBeforeTax": 192000000,
    "incomeBeforeTaxRatio": 0.1006289308,
    "incomeTaxExpense": 203000000,
    "netIncome": 110000000,
    "netIncomeRatio": 0.0576519916,
    "eps": 0.35,
    "epsdiluted": 0.35,
    "weightedAverageShsOut": 334142523,
    "weightedAverageShsOutDil": 339199660,
    "link": "https://www.sec.gov/Archives/edgar/data/68505/000104746910009104/0001047469-10-009104-index.htm",
    "finalLink": "https://www.sec.gov/Archives/edgar/data/68505/000104746910009104/a2200568z10-q.htm"
  },
  {
    "date": "2010-07-03",
    "symbol": "MSI",
    "reportedCurrency": "USD",
    "cik": "0000068505",
    "fillingDate": "2010-08-05",
    "acceptedDate": "2010-08-05 11:25:23",
    "calendarYear": "2010",
    "period": "Q2",
    "revenue": 1936000000,
    "costOfRevenue": 971000000,
    "grossProfit": 965000000,
    "grossProfitRatio": 0.4984504132,
    "researchAndDevelopmentExpenses": 269000000,
    "generalAndAdministrativeExpenses": 0,
    "sellingAndMarketingExpenses": 0,
    "sellingGeneralAndAdministrativeExpenses": 471000000,
    "otherExpenses": 64000000,
    "operatingExpenses": 804000000,
    "costAndExpenses": 1775000000,
    "interestIncome": 21000000,
    "interestExpense": 56000000,
    "depreciationAndAmortization": 85000000,
    "ebitda": 270000000,
    "ebitdaratio": 0.1394628099,
    "operatingIncome": 161000000,
    "operatingIncomeRatio": 0.083161157,
    "totalOtherIncomeExpensesNet": -32000000,
    "incomeBeforeTax": 129000000,
    "incomeBeforeTaxRatio": 0.0666322314,
    "incomeTaxExpense": 122000000,
    "netIncome": 162000000,
    "netIncomeRatio": 0.083677686,
    "eps": 0.49,
    "epsdiluted": 0.49,
    "weightedAverageShsOut": 332685381,
    "weightedAverageShsOutDil": 337856805,
    "link": "https://www.sec.gov/Archives/edgar/data/68505/000104746910007043/0001047469-10-007043-index.htm",
    "finalLink": "https://www.sec.gov/Archives/edgar/data/68505/000104746910007043/a2199479z10-q.htm"
  },
  {
    "date": "2010-04-03",
    "symbol": "MSI",
    "reportedCurrency": "USD",
    "cik": "0000068505",
    "fillingDate": "2010-05-04",
    "acceptedDate": "2010-05-04 17:29:41",
    "calendarYear": "2010",
    "period": "Q1",
    "revenue": 1740000000,
    "costOfRevenue": 887000000,
    "grossProfit": 853000000,
    "grossProfitRatio": 0.4902298851,
    "researchAndDevelopmentExpenses": 258000000,
    "generalAndAdministrativeExpenses": 0,
    "sellingAndMarketingExpenses": 0,
    "sellingGeneralAndAdministrativeExpenses": 454000000,
    "otherExpenses": 21000000,
    "operatingExpenses": 733000000,
    "costAndExpenses": 1620000000,
    "interestIncome": 27000000,
    "interestExpense": 60000000,
    "depreciationAndAmortization": 87000000,
    "ebitda": 256000000,
    "ebitdaratio": 0.1471264368,
    "operatingIncome": 120000000,
    "operatingIncomeRatio": 0.0689655172,
    "totalOtherIncomeExpensesNet": -11000000,
    "incomeBeforeTax": 109000000,
    "incomeBeforeTaxRatio": 0.0626436782,
    "incomeTaxExpense": 13000000,
    "netIncome": 69000000,
    "netIncomeRatio": 0.0396551724,
    "eps": 0.21,
    "epsdiluted": 0.21,
    "weightedAverageShsOut": 330813954,
    "weightedAverageShsOutDil": 334471094,
    "link": "https://www.sec.gov/Archives/edgar/data/68505/000104746910004771/0001047469-10-004771-index.htm",
    "finalLink": "https://www.sec.gov/Archives/edgar/data/68505/000104746910004771/a2198256z10-q.htm"
  },
  {
    "date": "2009-12-31",
    "symbol": "MSI",
    "reportedCurrency": "USD",
    "cik": "0000068505",
    "fillingDate": "2010-02-16",
    "acceptedDate": "2010-02-16 16:45:44",
    "calendarYear": "2009",
    "period": "Q4",
    "revenue": 5723000000,
    "costOfRevenue": 3680000000,
    "grossProfit": 2043000000,
    "grossProfitRatio": 0.3569806046,
    "researchAndDevelopmentExpenses": 793000000,
    "generalAndAdministrativeExpenses": 0,
    "sellingAndMarketingExpenses": 0,
    "sellingGeneralAndAdministrativeExpenses": 847000000,
    "otherExpenses": 240000000,
    "operatingExpenses": 1880000000,
    "costAndExpenses": 5560000000,
    "interestIncome": 21000000,
    "interestExpense": 39000000,
    "depreciationAndAmortization": 180000000,
    "ebitda": 419000000,
    "ebitdaratio": 0.0732133496,
    "operatingIncome": 163000000,
    "operatingIncomeRatio": 0.0284815656,
    "totalOtherIncomeExpensesNet": 37000000,
    "incomeBeforeTax": 200000000,
    "incomeBeforeTaxRatio": 0.0349467063,
    "incomeTaxExpense": 57000000,
    "netIncome": 142000000,
    "netIncomeRatio": 0.0248121615,
    "eps": 0.43,
    "epsdiluted": 0.43,
    "weightedAverageShsOut": 328000000,
    "weightedAverageShsOutDil": 328000000,
    "link": "https://www.sec.gov/Archives/edgar/data/68505/000104746910000905/0001047469-10-000905-index.htm",
    "finalLink": "https://www.sec.gov/Archives/edgar/data/68505/000104746910000905/a2196244z10-k.htm"
  },
  {
    "date": "2009-10-03",
    "symbol": "MSI",
    "reportedCurrency": "USD",
    "cik": "0000068505",
    "fillingDate": "2009-11-04",
    "acceptedDate": "2009-11-03 18:02:43",
    "calendarYear": "2009",
    "period": "Q3",
    "revenue": 4336000000,
    "costOfRevenue": 2897000000,
    "grossProfit": 1439000000,
    "grossProfitRatio": 0.3318726937,
    "researchAndDevelopmentExpenses": 621000000,
    "generalAndAdministrativeExpenses": 0,
    "sellingAndMarketingExpenses": 0,
    "sellingGeneralAndAdministrativeExpenses": 718000000,
    "otherExpenses": 111000000,
    "operatingExpenses": 1450000000,
    "costAndExpenses": 4347000000,
    "interestIncome": 13000000,
    "interestExpense": 62000000,
    "depreciationAndAmortization": 105000000,
    "ebitda": 62000000,
    "ebitdaratio": 0.014298893,
    "operatingIncome": -11000000,
    "operatingIncomeRatio": -0.0025369004,
    "totalOtherIncomeExpensesNet": -94000000,
    "incomeBeforeTax": -105000000,
    "incomeBeforeTaxRatio": -0.0242158672,
    "incomeTaxExpense": -25000000,
    "netIncome": 12000000,
    "netIncomeRatio": 0.0027675277,
    "eps": 0.07,
    "epsdiluted": 0.07,
    "weightedAverageShsOut": 328513957,
    "weightedAverageShsOutDil": 331356811,
    "link": "https://www.sec.gov/Archives/edgar/data/68505/000095012309057013/0000950123-09-057013-index.htm",
    "finalLink": "https://www.sec.gov/Archives/edgar/data/68505/000095012309057013/c54224e10vq.htm"
  },
  {
    "date": "2009-07-04",
    "symbol": "MSI",
    "reportedCurrency": "USD",
    "cik": "0000068505",
    "fillingDate": "2009-08-04",
    "acceptedDate": "2009-08-04 17:23:48",
    "calendarYear": "2009",
    "period": "Q2",
    "revenue": 5497000000,
    "costOfRevenue": 3787000000,
    "grossProfit": 1710000000,
    "grossProfitRatio": 0.3110787702,
    "researchAndDevelopmentExpenses": 775000000,
    "generalAndAdministrativeExpenses": 0,
    "sellingAndMarketingExpenses": 0,
    "sellingGeneralAndAdministrativeExpenses": 822000000,
    "otherExpenses": 103000000,
    "operatingExpenses": 1700000000,
    "costAndExpenses": 5487000000,
    "interestIncome": 19000000,
    "interestExpense": 49000000,
    "depreciationAndAmortization": 192000000,
    "ebitda": 274000000,
    "ebitdaratio": 0.0498453702,
    "operatingIncome": 10000000,
    "operatingIncomeRatio": 0.0018191741,
    "totalOtherIncomeExpensesNet": 23000000,
    "incomeBeforeTax": 33000000,
    "incomeBeforeTaxRatio": 0.0060032745,
    "incomeTaxExpense": -2000000,
    "netIncome": 35000000,
    "netIncomeRatio": 0.0063671093,
    "eps": 0.11,
    "epsdiluted": 0.11,
    "weightedAverageShsOut": 327699672,
    "weightedAverageShsOutDil": 329485384,
    "link": "https://www.sec.gov/Archives/edgar/data/68505/000095012309029701/0000950123-09-029701-index.htm",
    "finalLink": "https://www.sec.gov/Archives/edgar/data/68505/000095012309029701/c52533e10vq.htm"
  },
  {
    "date": "2009-04-04",
    "symbol": "MSI",
    "reportedCurrency": "USD",
    "cik": "0000068505",
    "fillingDate": "2009-05-06",
    "acceptedDate": "2009-05-06 17:19:12",
    "calendarYear": "2009",
    "period": "Q1",
    "revenue": 5371000000,
    "costOfRevenue": 3875000000,
    "grossProfit": 1496000000,
    "grossProfitRatio": 0.2785328617,
    "researchAndDevelopmentExpenses": 847000000,
    "generalAndAdministrativeExpenses": 0,
    "sellingAndMarketingExpenses": 0,
    "sellingGeneralAndAdministrativeExpenses": 869000000,
    "otherExpenses": 229000000,
    "operatingExpenses": 1945000000,
    "costAndExpenses": 5820000000,
    "interestIncome": 27000000,
    "interestExpense": 62000000,
    "depreciationAndAmortization": 190000000,
    "ebitda": -182000000,
    "ebitdaratio": -0.0338856824,
    "operatingIncome": -449000000,
    "operatingIncomeRatio": -0.0835970955,
    "totalOtherIncomeExpensesNet": 15000000,
    "incomeBeforeTax": -434000000,
    "incomeBeforeTaxRatio": -0.0808043195,
    "incomeTaxExpense": -146000000,
    "netIncome": -231000000,
    "netIncomeRatio": -0.0430087507,
    "eps": -0.71,
    "epsdiluted": -0.71,
    "weightedAverageShsOut": 325785388,
    "weightedAverageShsOutDil": 325785388,
    "link": "https://www.sec.gov/Archives/edgar/data/68505/000095013709003673/0000950137-09-003673-index.htm",
    "finalLink": "https://www.sec.gov/Archives/edgar/data/68505/000095013709003673/c50849e10vq.htm"
  },
  {
    "date": "2008-12-31",
    "symbol": "MSI",
    "reportedCurrency": "USD",
    "cik": "0000068505",
    "fillingDate": "2009-02-26",
    "acceptedDate": "2009-02-26 16:59:13",
    "calendarYear": "2008",
    "period": "Q4",
    "revenue": 7136000000,
    "costOfRevenue": 5014000000,
    "grossProfit": 2122000000,
    "grossProfitRatio": 0.2973654709,
    "researchAndDevelopmentExpenses": 1008000000,
    "generalAndAdministrativeExpenses": 0,
    "sellingAndMarketingExpenses": 0,
    "sellingGeneralAndAdministrativeExpenses": 988000000,
    "otherExpenses": 1801000000,
    "operatingExpenses": 3797000000,
    "costAndExpenses": 8811000000,
    "interestIncome": 0,
    "interestExpense": 0,
    "depreciationAndAmortization": 207000000,
    "ebitda": -1284000000,
    "ebitdaratio": -0.1799327354,
    "operatingIncome": -1675000000,
    "operatingIncomeRatio": -0.2347253363,
    "totalOtherIncomeExpensesNet": -50000000,
    "incomeBeforeTax": -1725000000,
    "incomeBeforeTaxRatio": -0.2417320628,
    "incomeTaxExpense": 1932000000,
    "netIncome": -3657000000,
    "netIncomeRatio": -0.5124719731,
    "eps": -11.29,
    "epsdiluted": -11.29,
    "weightedAverageShsOut": 324000000,
    "weightedAverageShsOutDil": 324000000,
    "link": "https://www.sec.gov/Archives/edgar/data/68505/000095013709001324/0000950137-09-001324-index.htm",
    "finalLink": "https://www.sec.gov/Archives/edgar/data/68505/000095013709001324/c49054e10vk.htm"
  },
  {
    "date": "2008-09-27",
    "symbol": "MSI",
    "reportedCurrency": "USD",
    "cik": "0000068505",
    "fillingDate": "2008-10-30",
    "acceptedDate": "2008-10-30 14:00:44",
    "calendarYear": "2008",
    "period": "Q3",
    "revenue": 7480000000,
    "costOfRevenue": 5677000000,
    "grossProfit": 1803000000,
    "grossProfitRatio": 0.2410427807,
    "researchAndDevelopmentExpenses": 999000000,
    "generalAndAdministrativeExpenses": 0,
    "sellingAndMarketingExpenses": 0,
    "sellingGeneralAndAdministrativeExpenses": 1065000000,
    "otherExpenses": 191000000,
    "operatingExpenses": 2255000000,
    "costAndExpenses": 7932000000,
    "interestIncome": 70000000,
    "interestExpense": 52000000,
    "depreciationAndAmortization": 208000000,
    "ebitda": -334000000,
    "ebitdaratio": -0.0446524064,
    "operatingIncome": -452000000,
    "operatingIncomeRatio": -0.0604278075,
    "totalOtherIncomeExpensesNet": -142000000,
    "incomeBeforeTax": -594000000,
    "incomeBeforeTaxRatio": -0.0794117647,
    "incomeTaxExpense": -203000000,
    "netIncome": -397000000,
    "netIncomeRatio": -0.0530748663,
    "eps": -1.23,
    "epsdiluted": -1.23,
    "weightedAverageShsOut": 323699676,
    "weightedAverageShsOutDil": 323699676,
    "link": "https://www.sec.gov/Archives/edgar/data/68505/000095015208008426/0000950152-08-008426-index.htm",
    "finalLink": "https://www.sec.gov/Archives/edgar/data/68505/000095015208008426/c47113e10vq.htm"
  },
  {
    "date": "2008-06-28",
    "symbol": "MSI",
    "reportedCurrency": "USD",
    "cik": "0000068505",
    "fillingDate": "2008-07-31",
    "acceptedDate": "2008-07-31 16:27:15",
    "calendarYear": "2008",
    "period": "Q2",
    "revenue": 8082000000,
    "costOfRevenue": 5757000000,
    "grossProfit": 2325000000,
    "grossProfitRatio": 0.2876763177,
    "researchAndDevelopmentExpenses": 1048000000,
    "generalAndAdministrativeExpenses": 0,
    "sellingAndMarketingExpenses": 0,
    "sellingGeneralAndAdministrativeExpenses": 1115000000,
    "otherExpenses": 157000000,
    "operatingExpenses": 2320000000,
    "costAndExpenses": 8077000000,
    "interestIncome": 64000000,
    "interestExpense": 74000000,
    "depreciationAndAmortization": 212000000,
    "ebitda": 228000000,
    "ebitdaratio": 0.0282108389,
    "operatingIncome": 5000000,
    "operatingIncomeRatio": 0.0006186587,
    "totalOtherIncomeExpensesNet": -63000000,
    "incomeBeforeTax": -58000000,
    "incomeBeforeTaxRatio": -0.0071764415,
    "incomeTaxExpense": -55000000,
    "netIncome": 4000000,
    "netIncomeRatio": 0.000494927,
    "eps": 0.0124,
    "epsdiluted": 0.0124,
    "weightedAverageShsOut": 323228248,
    "weightedAverageShsOutDil": 324213961,
    "link": "https://www.sec.gov/Archives/edgar/data/68505/000095013708009958/0000950137-08-009958-index.htm",
    "finalLink": "https://www.sec.gov/Archives/edgar/data/68505/000095013708009958/c32971e10vq.htm"
  },
  {
    "date": "2008-03-29",
    "symbol": "MSI",
    "reportedCurrency": "USD",
    "cik": "0000068505",
    "fillingDate": "2008-05-07",
    "acceptedDate": "2008-05-07 16:06:34",
    "calendarYear": "2008",
    "period": "Q1",
    "revenue": 7448000000,
    "costOfRevenue": 5303000000,
    "grossProfit": 2145000000,
    "grossProfitRatio": 0.2879967777,
    "researchAndDevelopmentExpenses": 1054000000,
    "generalAndAdministrativeExpenses": 0,
    "sellingAndMarketingExpenses": 0,
    "sellingGeneralAndAdministrativeExpenses": 1183000000,
    "otherExpenses": 177000000,
    "operatingExpenses": 2414000000,
    "costAndExpenses": 7717000000,
    "interestIncome": 76000000,
    "interestExpense": 78000000,
    "depreciationAndAmortization": 204000000,
    "ebitda": 25000000,
    "ebitdaratio": 0.0033566058,
    "operatingIncome": -269000000,
    "operatingIncomeRatio": -0.0361170784,
    "totalOtherIncomeExpensesNet": 12000000,
    "incomeBeforeTax": -257000000,
    "incomeBeforeTaxRatio": -0.0345059076,
    "incomeTaxExpense": -67000000,
    "netIncome": -194000000,
    "netIncomeRatio": -0.026047261,
    "eps": -0.6,
    "epsdiluted": -0.6,
    "weightedAverageShsOut": 322428249,
    "weightedAverageShsOutDil": 322428249,
    "link": "https://www.sec.gov/Archives/edgar/data/68505/000095013708006944/0000950137-08-006944-index.htm",
    "finalLink": "https://www.sec.gov/Archives/edgar/data/68505/000095013708006944/c25978e10vq.htm"
  },
  {
    "date": "2007-12-31",
    "symbol": "MSI",
    "reportedCurrency": "USD",
    "cik": "0000068505",
    "fillingDate": "2008-02-28",
    "acceptedDate": "2008-02-28 15:45:40",
    "calendarYear": "2007",
    "period": "Q4",
    "revenue": 9646000000,
    "costOfRevenue": 7106000000,
    "grossProfit": 2540000000,
    "grossProfitRatio": 0.2633215841,
    "researchAndDevelopmentExpenses": 1097000000,
    "generalAndAdministrativeExpenses": 0,
    "sellingAndMarketingExpenses": 0,
    "sellingGeneralAndAdministrativeExpenses": 1273000000,
    "otherExpenses": 189000000,
    "operatingExpenses": 2559000000,
    "costAndExpenses": 9665000000,
    "interestIncome": 0,
    "interestExpense": 0,
    "depreciationAndAmortization": 221000000,
    "ebitda": 271000000,
    "ebitdaratio": 0.028094547,
    "operatingIncome": -19000000,
    "operatingIncomeRatio": -0.0019697284,
    "totalOtherIncomeExpensesNet": 52000000,
    "incomeBeforeTax": 33000000,
    "incomeBeforeTaxRatio": 0.0034211072,
    "incomeTaxExpense": -78000000,
    "netIncome": 100000000,
    "netIncomeRatio": 0.0103669915,
    "eps": 0.31,
    "epsdiluted": 0.31,
    "weightedAverageShsOut": 322000000,
    "weightedAverageShsOutDil": 322000000,
    "link": "https://www.sec.gov/Archives/edgar/data/68505/000095013708002935/0000950137-08-002935-index.htm",
    "finalLink": "https://www.sec.gov/Archives/edgar/data/68505/000095013708002935/c23246e10vk.htm"
  },
  {
    "date": "2007-09-29",
    "symbol": "MSI",
    "reportedCurrency": "USD",
    "cik": "0000068505",
    "fillingDate": "2007-11-06",
    "acceptedDate": "2007-11-06 16:57:37",
    "calendarYear": "2007",
    "period": "Q3",
    "revenue": 8811000000,
    "costOfRevenue": 6306000000,
    "grossProfit": 2505000000,
    "grossProfitRatio": 0.2843037113,
    "researchAndDevelopmentExpenses": 1100000000,
    "generalAndAdministrativeExpenses": 0,
    "sellingAndMarketingExpenses": 0,
    "sellingGeneralAndAdministrativeExpenses": 1210000000,
    "otherExpenses": 205000000,
    "operatingExpenses": 2515000000,
    "costAndExpenses": 8821000000,
    "interestIncome": 0,
    "interestExpense": 0,
    "depreciationAndAmortization": 236000000,
    "ebitda": 285000000,
    "ebitdaratio": 0.0323459312,
    "operatingIncome": -10000000,
    "operatingIncomeRatio": -0.001134945,
    "totalOtherIncomeExpensesNet": 18000000,
    "incomeBeforeTax": 8000000,
    "incomeBeforeTaxRatio": 0.000907956,
    "incomeTaxExpense": -32000000,
    "netIncome": 60000000,
    "netIncomeRatio": 0.0068096697,
    "eps": 0.21,
    "epsdiluted": 0.21,
    "weightedAverageShsOut": 327171101,
    "weightedAverageShsOutDil": 331199668,
    "link": "https://www.sec.gov/Archives/edgar/data/68505/000095013707016662/0000950137-07-016662-index.htm",
    "finalLink": "https://www.sec.gov/Archives/edgar/data/68505/000095013707016662/c20959e10vq.htm"
  },
  {
    "date": "2007-06-30",
    "symbol": "MSI",
    "reportedCurrency": "USD",
    "cik": "0000068505",
    "fillingDate": "2007-08-02",
    "acceptedDate": "2007-08-02 15:39:17",
    "calendarYear": "2007",
    "period": "Q2",
    "revenue": 8732000000,
    "costOfRevenue": 6279000000,
    "grossProfit": 2453000000,
    "grossProfitRatio": 0.2809207513,
    "researchAndDevelopmentExpenses": 1115000000,
    "generalAndAdministrativeExpenses": 0,
    "sellingAndMarketingExpenses": 0,
    "sellingGeneralAndAdministrativeExpenses": 1296000000,
    "otherExpenses": 200000000,
    "operatingExpenses": 2611000000,
    "costAndExpenses": 8890000000,
    "interestIncome": 0,
    "interestExpense": 0,
    "depreciationAndAmortization": 227000000,
    "ebitda": 145000000,
    "ebitdaratio": 0.0166055886,
    "operatingIncome": -158000000,
    "operatingIncomeRatio": -0.0180943656,
    "totalOtherIncomeExpensesNet": 54000000,
    "incomeBeforeTax": -104000000,
    "incomeBeforeTaxRatio": -0.0119102153,
    "incomeTaxExpense": -66000000,
    "netIncome": -28000000,
    "netIncomeRatio": -0.0032065964,
    "eps": -0.0854,
    "epsdiluted": -0.0854,
    "weightedAverageShsOut": 328042529,
    "weightedAverageShsOutDil": 328042529,
    "link": "https://www.sec.gov/Archives/edgar/data/68505/000095013707011101/0000950137-07-011101-index.htm",
    "finalLink": "https://www.sec.gov/Archives/edgar/data/68505/000095013707011101/c16946e10vq.htm"
  },
  {
    "date": "2007-03-31",
    "symbol": "MSI",
    "reportedCurrency": "USD",
    "cik": "0000068505",
    "fillingDate": "2007-05-08",
    "acceptedDate": "2007-05-08 16:06:07",
    "calendarYear": "2007",
    "period": "Q1",
    "revenue": 9433000000,
    "costOfRevenue": 6979000000,
    "grossProfit": 2454000000,
    "grossProfitRatio": 0.2601505354,
    "researchAndDevelopmentExpenses": 1117000000,
    "generalAndAdministrativeExpenses": 0,
    "sellingAndMarketingExpenses": 0,
    "sellingGeneralAndAdministrativeExpenses": 1313000000,
    "otherExpenses": 390000000,
    "operatingExpenses": 2820000000,
    "costAndExpenses": 9799000000,
    "interestIncome": 0,
    "interestExpense": 0,
    "depreciationAndAmortization": 219000000,
    "ebitda": 33000000,
    "ebitdaratio": 0.0034983568,
    "operatingIncome": -366000000,
    "operatingIncomeRatio": -0.0387999576,
    "totalOtherIncomeExpensesNet": 39000000,
    "incomeBeforeTax": -327000000,
    "incomeBeforeTaxRatio": -0.0346655359,
    "incomeTaxExpense": -109000000,
    "netIncome": -181000000,
    "netIncomeRatio": -0.0191879572,
    "eps": -0.53,
    "epsdiluted": -0.53,
    "weightedAverageShsOut": 338899661,
    "weightedAverageShsOutDil": 338899661,
    "link": "https://www.sec.gov/Archives/edgar/data/68505/000095013707006995/0000950137-07-006995-index.htm",
    "finalLink": "https://www.sec.gov/Archives/edgar/data/68505/000095013707006995/c14204e10vq.htm"
  },
  {
    "date": "2006-12-31",
    "symbol": "MSI",
    "reportedCurrency": "USD",
    "cik": "0000068505",
    "fillingDate": "2007-02-28",
    "acceptedDate": "2007-02-28 17:12:16",
    "calendarYear": "2006",
    "period": "Q4",
    "revenue": 11792000000,
    "costOfRevenue": 8724000000,
    "grossProfit": 3068000000,
    "grossProfitRatio": 0.2601763908,
    "researchAndDevelopmentExpenses": 1117000000,
    "generalAndAdministrativeExpenses": 0,
    "sellingAndMarketingExpenses": 0,
    "sellingGeneralAndAdministrativeExpenses": 1034000000,
    "otherExpenses": 164000000,
    "operatingExpenses": 2315000000,
    "costAndExpenses": 11039000000,
    "interestIncome": 0,
    "interestExpense": 0,
    "depreciationAndAmortization": 155000000,
    "ebitda": 750000000,
    "ebitdaratio": 0.0636024423,
    "operatingIncome": 753000000,
    "operatingIncomeRatio": 0.0638568521,
    "totalOtherIncomeExpensesNet": -69000000,
    "incomeBeforeTax": 684000000,
    "incomeBeforeTaxRatio": 0.0580054274,
    "incomeTaxExpense": 155000000,
    "netIncome": 623000000,
    "netIncomeRatio": 0.0528324288,
    "eps": 1.84,
    "epsdiluted": 1.84,
    "weightedAverageShsOut": 338899661,
    "weightedAverageShsOutDil": 338899661,
    "link": "https://www.sec.gov/Archives/edgar/data/68505/000095013707003011/0000950137-07-003011-index.htm",
    "finalLink": "https://www.sec.gov/Archives/edgar/data/68505/000095013707003011/c11830e10vk.htm"
  },
  {
    "date": "2006-09-30",
    "symbol": "MSI",
    "reportedCurrency": "USD",
    "cik": "0000068505",
    "fillingDate": "2006-11-02",
    "acceptedDate": "2006-11-02 17:01:48",
    "calendarYear": "2006",
    "period": "Q3",
    "revenue": 10603000000,
    "costOfRevenue": 7229000000,
    "grossProfit": 3374000000,
    "grossProfitRatio": 0.3182118268,
    "researchAndDevelopmentExpenses": 1027000000,
    "generalAndAdministrativeExpenses": 0,
    "sellingAndMarketingExpenses": 0,
    "sellingGeneralAndAdministrativeExpenses": 1174000000,
    "otherExpenses": 205000000,
    "operatingExpenses": 2406000000,
    "costAndExpenses": 9635000000,
    "interestIncome": 0,
    "interestExpense": 0,
    "depreciationAndAmortization": 142000000,
    "ebitda": 1202000000,
    "ebitdaratio": 0.1133641422,
    "operatingIncome": 968000000,
    "operatingIncomeRatio": 0.0912949165,
    "totalOtherIncomeExpensesNet": 187000000,
    "incomeBeforeTax": 1155000000,
    "incomeBeforeTaxRatio": 0.1089314345,
    "incomeTaxExpense": 428000000,
    "netIncome": 968000000,
    "netIncomeRatio": 0.0912949165,
    "eps": 2.8,
    "epsdiluted": 2.73,
    "weightedAverageShsOut": 345442511,
    "weightedAverageShsOutDil": 353828217,
    "link": "https://www.sec.gov/Archives/edgar/data/68505/000095013706011770/0000950137-06-011770-index.htm",
    "finalLink": "https://www.sec.gov/Archives/edgar/data/68505/000095013706011770/c09275e10vq.htm"
  },
  {
    "date": "2006-07-01",
    "symbol": "MSI",
    "reportedCurrency": "USD",
    "cik": "0000068505",
    "fillingDate": "2006-08-03",
    "acceptedDate": "2006-08-03 16:54:12",
    "calendarYear": "2006",
    "period": "Q2",
    "revenue": 10820000000,
    "costOfRevenue": 7463000000,
    "grossProfit": 3357000000,
    "grossProfitRatio": 0.31025878,
    "researchAndDevelopmentExpenses": 1035000000,
    "generalAndAdministrativeExpenses": 0,
    "sellingAndMarketingExpenses": 0,
    "sellingGeneralAndAdministrativeExpenses": 1154000000,
    "otherExpenses": -354000000,
    "operatingExpenses": 1835000000,
    "costAndExpenses": 9298000000,
    "interestIncome": 0,
    "interestExpense": 0,
    "depreciationAndAmortization": 134000000,
    "ebitda": 1692000000,
    "ebitdaratio": 0.1563770795,
    "operatingIncome": 1522000000,
    "operatingIncomeRatio": 0.1406654344,
    "totalOtherIncomeExpensesNet": 201000000,
    "incomeBeforeTax": 1723000000,
    "incomeBeforeTaxRatio": 0.1592421442,
    "incomeTaxExpense": 374000000,
    "netIncome": 1384000000,
    "netIncomeRatio": 0.1279112754,
    "eps": 3.92,
    "epsdiluted": 3.85,
    "weightedAverageShsOut": 352056790,
    "weightedAverageShsOutDil": 360285354,
    "link": "https://www.sec.gov/Archives/edgar/data/68505/000095013706008599/0000950137-06-008599-index.htm",
    "finalLink": "https://www.sec.gov/Archives/edgar/data/68505/000095013706008599/c07009e10vq.htm"
  },
  {
    "date": "2006-04-01",
    "symbol": "MSI",
    "reportedCurrency": "USD",
    "cik": "0000068505",
    "fillingDate": "2006-05-03",
    "acceptedDate": "2006-05-03 17:17:28",
    "calendarYear": "2006",
    "period": "Q1",
    "revenue": 9608000000,
    "costOfRevenue": 6677000000,
    "grossProfit": 2931000000,
    "grossProfitRatio": 0.3050582848,
    "researchAndDevelopmentExpenses": 964000000,
    "generalAndAdministrativeExpenses": 0,
    "sellingAndMarketingExpenses": 0,
    "sellingGeneralAndAdministrativeExpenses": 1069000000,
    "otherExpenses": 4000000,
    "operatingExpenses": 2037000000,
    "costAndExpenses": 8714000000,
    "interestIncome": 0,
    "interestExpense": 0,
    "depreciationAndAmortization": 127000000,
    "ebitda": 1052000000,
    "ebitdaratio": 0.1094920899,
    "operatingIncome": 894000000,
    "operatingIncomeRatio": 0.0930474604,
    "totalOtherIncomeExpensesNet": 154000000,
    "incomeBeforeTax": 1048000000,
    "incomeBeforeTaxRatio": 0.1090757702,
    "incomeTaxExpense": 392000000,
    "netIncome": 686000000,
    "netIncomeRatio": 0.0713988343,
    "eps": 1.96,
    "epsdiluted": 1.89,
    "weightedAverageShsOut": 355571073,
    "weightedAverageShsOutDil": 364799635,
    "link": "https://www.sec.gov/Archives/edgar/data/68505/000095013706005332/0000950137-06-005332-index.htm",
    "finalLink": "https://www.sec.gov/Archives/edgar/data/68505/000095013706005332/c04593e10vq.htm"
  },
  {
    "date": "2005-12-31",
    "symbol": "MSI",
    "reportedCurrency": "USD",
    "cik": "0000068505",
    "fillingDate": "2006-03-02",
    "acceptedDate": "2006-03-02 15:39:25",
    "calendarYear": "2005",
    "period": "Q4",
    "revenue": 10433000000,
    "costOfRevenue": 7231000000,
    "grossProfit": 3202000000,
    "grossProfitRatio": 0.3069107639,
    "researchAndDevelopmentExpenses": 1161000000,
    "generalAndAdministrativeExpenses": 0,
    "sellingAndMarketingExpenses": 0,
    "sellingGeneralAndAdministrativeExpenses": 750000000,
    "otherExpenses": -458000000,
    "operatingExpenses": 1453000000,
    "costAndExpenses": 8684000000,
    "interestIncome": 0,
    "interestExpense": 0,
    "depreciationAndAmortization": 160000000,
    "ebitda": 1977000000,
    "ebitdaratio": 0.189494872,
    "operatingIncome": 1749000000,
    "operatingIncomeRatio": 0.1676411387,
    "totalOtherIncomeExpensesNet": -29000000,
    "incomeBeforeTax": 1720000000,
    "incomeBeforeTaxRatio": 0.1648614972,
    "incomeTaxExpense": 510000000,
    "netIncome": 1202000000,
    "netIncomeRatio": 0.1152113486,
    "eps": 3.3,
    "epsdiluted": 3.3,
    "weightedAverageShsOut": 356428217,
    "weightedAverageShsOutDil": 364000000,
    "link": "https://www.sec.gov/Archives/edgar/data/68505/000095013706002484/0000950137-06-002484-index.htm",
    "finalLink": "https://www.sec.gov/Archives/edgar/data/68505/000095013706002484/c02378e10vk.htm"
  },
  {
    "date": "2005-10-01",
    "symbol": "MSI",
    "reportedCurrency": "USD",
    "cik": "0000068505",
    "fillingDate": "2005-11-08",
    "acceptedDate": "2005-11-08 16:31:13",
    "calendarYear": "2005",
    "period": "Q3",
    "revenue": 9048000000,
    "costOfRevenue": 6119000000,
    "grossProfit": 2929000000,
    "grossProfitRatio": 0.3237179487,
    "researchAndDevelopmentExpenses": 882000000,
    "generalAndAdministrativeExpenses": 0,
    "sellingAndMarketingExpenses": 0,
    "sellingGeneralAndAdministrativeExpenses": 919000000,
    "otherExpenses": 48000000,
    "operatingExpenses": 1849000000,
    "costAndExpenses": 7968000000,
    "interestIncome": 0,
    "interestExpense": 0,
    "depreciationAndAmortization": 182000000,
    "ebitda": 1262000000,
    "ebitdaratio": 0.1394783378,
    "operatingIncome": 1080000000,
    "operatingIncomeRatio": 0.1193633952,
    "totalOtherIncomeExpensesNet": 1180000000,
    "incomeBeforeTax": 2260000000,
    "incomeBeforeTaxRatio": 0.2497789567,
    "incomeTaxExpense": 522000000,
    "netIncome": 1751000000,
    "netIncomeRatio": 0.1935234306,
    "eps": 4.97,
    "epsdiluted": 4.83,
    "weightedAverageShsOut": 354371074,
    "weightedAverageShsOutDil": 363856779,
    "link": "https://www.sec.gov/Archives/edgar/data/68505/000095013705013482/0000950137-05-013482-index.htm",
    "finalLink": "https://www.sec.gov/Archives/edgar/data/68505/000095013705013482/c99499e10vq.htm"
  },
  {
    "date": "2005-07-02",
    "symbol": "MSI",
    "reportedCurrency": "USD",
    "cik": "0000068505",
    "fillingDate": "2005-08-10",
    "acceptedDate": "2005-08-09 18:44:35",
    "calendarYear": "2005",
    "period": "Q2",
    "revenue": 8408000000,
    "costOfRevenue": 5651000000,
    "grossProfit": 2757000000,
    "grossProfitRatio": 0.3279019981,
    "researchAndDevelopmentExpenses": 878000000,
    "generalAndAdministrativeExpenses": 0,
    "sellingAndMarketingExpenses": 0,
    "sellingGeneralAndAdministrativeExpenses": 915000000,
    "otherExpenses": 6000000,
    "operatingExpenses": 1799000000,
    "costAndExpenses": 7450000000,
    "interestIncome": 0,
    "interestExpense": 0,
    "depreciationAndAmortization": 123000000,
    "ebitda": 1081000000,
    "ebitdaratio": 0.1285680304,
    "operatingIncome": 958000000,
    "operatingIncomeRatio": 0.1139391056,
    "totalOtherIncomeExpensesNet": 433000000,
    "incomeBeforeTax": 1391000000,
    "incomeBeforeTaxRatio": 0.1654376784,
    "incomeTaxExpense": 472000000,
    "netIncome": 933000000,
    "netIncomeRatio": 0.1109657469,
    "eps": 2.66,
    "epsdiluted": 2.59,
    "weightedAverageShsOut": 351456791,
    "weightedAverageShsOutDil": 357713928,
    "link": "https://www.sec.gov/Archives/edgar/data/68505/000095013705009943/0000950137-05-009943-index.htm",
    "finalLink": "https://www.sec.gov/Archives/edgar/data/68505/000095013705009943/c96841e10vq.htm"
  },
  {
    "date": "2005-04-02",
    "symbol": "MSI",
    "reportedCurrency": "USD",
    "cik": "0000068505",
    "fillingDate": "2005-05-11",
    "acceptedDate": "2005-05-11 12:19:05",
    "calendarYear": "2005",
    "period": "Q1",
    "revenue": 8161000000,
    "costOfRevenue": 5505000000,
    "grossProfit": 2656000000,
    "grossProfitRatio": 0.3254503125,
    "researchAndDevelopmentExpenses": 853000000,
    "generalAndAdministrativeExpenses": 0,
    "sellingAndMarketingExpenses": 0,
    "sellingGeneralAndAdministrativeExpenses": 945000000,
    "otherExpenses": -7000000,
    "operatingExpenses": 1791000000,
    "costAndExpenses": 7296000000,
    "interestIncome": 0,
    "interestExpense": 0,
    "depreciationAndAmortization": 148000000,
    "ebitda": 1013000000,
    "ebitdaratio": 0.1241269452,
    "operatingIncome": 865000000,
    "operatingIncomeRatio": 0.1059919128,
    "totalOtherIncomeExpensesNet": 222000000,
    "incomeBeforeTax": 1087000000,
    "incomeBeforeTaxRatio": 0.1331944615,
    "incomeTaxExpense": 395000000,
    "netIncome": 692000000,
    "netIncomeRatio": 0.0847935302,
    "eps": 1.96,
    "epsdiluted": 1.96,
    "weightedAverageShsOut": 349585364,
    "weightedAverageShsOutDil": 355299644,
    "link": "https://www.sec.gov/Archives/edgar/data/68505/000095013705005722/0000950137-05-005722-index.htm",
    "finalLink": "https://www.sec.gov/Archives/edgar/data/68505/000095013705005722/c94771e10vq.htm"
  },
  {
    "date": "2004-12-31",
    "symbol": "MSI",
    "reportedCurrency": "USD",
    "cik": "0000068505",
    "fillingDate": "2005-03-04",
    "acceptedDate": "2005-03-04 17:22:26",
    "calendarYear": "2004",
    "period": "Q4",
    "revenue": 5438000000,
    "costOfRevenue": 4101000000,
    "grossProfit": 1337000000,
    "grossProfitRatio": 0.2458624494,
    "researchAndDevelopmentExpenses": 104000000,
    "generalAndAdministrativeExpenses": 0,
    "sellingAndMarketingExpenses": 0,
    "sellingGeneralAndAdministrativeExpenses": 469000000,
    "otherExpenses": 17000000,
    "operatingExpenses": 590000000,
    "costAndExpenses": 4691000000,
    "interestIncome": 0,
    "interestExpense": 0,
    "depreciationAndAmortization": -386000000,
    "ebitda": 727000000,
    "ebitdaratio": 0.1336888562,
    "operatingIncome": 747000000,
    "operatingIncomeRatio": 0.1373666789,
    "totalOtherIncomeExpensesNet": 62000000,
    "incomeBeforeTax": 809000000,
    "incomeBeforeTaxRatio": 0.1487679294,
    "incomeTaxExpense": -497000000,
    "netIncome": 647000000,
    "netIncomeRatio": 0.1189775653,
    "eps": 1.83,
    "epsdiluted": 1.83,
    "weightedAverageShsOut": 335656807,
    "weightedAverageShsOutDil": 353000000,
    "link": "https://www.sec.gov/Archives/edgar/data/68505/000095013705002687/0000950137-05-002687-index.htm",
    "finalLink": "https://www.sec.gov/Archives/edgar/data/68505/000095013705002687/c91705e10vk.htm"
  },
  {
    "date": "2004-10-02",
    "symbol": "MSI",
    "reportedCurrency": "USD",
    "cik": "0000068505",
    "fillingDate": "2004-11-10",
    "acceptedDate": "2004-11-10 17:12:58",
    "calendarYear": "2004",
    "period": "Q3",
    "revenue": 7499000000,
    "costOfRevenue": 4926000000,
    "grossProfit": 2573000000,
    "grossProfitRatio": 0.343112415,
    "researchAndDevelopmentExpenses": 771000000,
    "generalAndAdministrativeExpenses": 0,
    "sellingAndMarketingExpenses": 0,
    "sellingGeneralAndAdministrativeExpenses": 1158000000,
    "otherExpenses": 0,
    "operatingExpenses": 1929000000,
    "costAndExpenses": 6855000000,
    "interestIncome": 0,
    "interestExpense": 0,
    "depreciationAndAmortization": 165000000,
    "ebitda": 809000000,
    "ebitdaratio": 0.1078810508,
    "operatingIncome": 644000000,
    "operatingIncomeRatio": 0.0858781171,
    "totalOtherIncomeExpensesNet": 49000000,
    "incomeBeforeTax": 693000000,
    "incomeBeforeTaxRatio": 0.0924123216,
    "incomeTaxExpense": 267000000,
    "netIncome": 479000000,
    "netIncomeRatio": 0.0638751834,
    "eps": 1.4,
    "epsdiluted": 1.4,
    "weightedAverageShsOut": 337085377,
    "weightedAverageShsOutDil": 352285362,
    "link": "https://www.sec.gov/Archives/edgar/data/68505/000119312504192999/0001193125-04-192999-index.htm",
    "finalLink": "https://www.sec.gov/Archives/edgar/data/68505/000119312504192999/d10q.htm"
  },
  {
    "date": "2004-07-03",
    "symbol": "MSI",
    "reportedCurrency": "USD",
    "cik": "0000068505",
    "fillingDate": "2004-08-11",
    "acceptedDate": "2004-08-10 20:29:55",
    "calendarYear": "2004",
    "period": "Q2",
    "revenue": 7541000000,
    "costOfRevenue": 4938000000,
    "grossProfit": 2603000000,
    "grossProfitRatio": 0.3451796844,
    "researchAndDevelopmentExpenses": 748000000,
    "generalAndAdministrativeExpenses": 0,
    "sellingAndMarketingExpenses": 0,
    "sellingGeneralAndAdministrativeExpenses": 1096000000,
    "otherExpenses": -26000000,
    "operatingExpenses": 1818000000,
    "costAndExpenses": 6756000000,
    "interestIncome": 0,
    "interestExpense": 0,
    "depreciationAndAmortization": 159000000,
    "ebitda": 944000000,
    "ebitdaratio": 0.1251823366,
    "operatingIncome": 785000000,
    "operatingIncomeRatio": 0.1040975998,
    "totalOtherIncomeExpensesNet": -44000000,
    "incomeBeforeTax": 741000000,
    "incomeBeforeTaxRatio": 0.0982628299,
    "incomeTaxExpense": 122000000,
    "netIncome": -203000000,
    "netIncomeRatio": -0.0269195067,
    "eps": -0.6,
    "epsdiluted": -0.57,
    "weightedAverageShsOut": 335956806,
    "weightedAverageShsOutDil": 353171075,
    "link": "https://www.sec.gov/Archives/edgar/data/68505/000119312504137077/0001193125-04-137077-index.htm",
    "finalLink": "https://www.sec.gov/Archives/edgar/data/68505/000119312504137077/d10q.htm"
  },
  {
    "date": "2004-04-03",
    "symbol": "MSI",
    "reportedCurrency": "USD",
    "cik": "0000068505",
    "fillingDate": "2004-05-12",
    "acceptedDate": "2004-05-11 18:52:34",
    "calendarYear": "2004",
    "period": "Q1",
    "revenue": 7441000000,
    "costOfRevenue": 5075000000,
    "grossProfit": 2366000000,
    "grossProfitRatio": 0.3179680151,
    "researchAndDevelopmentExpenses": 725000000,
    "generalAndAdministrativeExpenses": 0,
    "sellingAndMarketingExpenses": 0,
    "sellingGeneralAndAdministrativeExpenses": 970000000,
    "otherExpenses": -14000000,
    "operatingExpenses": 1681000000,
    "costAndExpenses": 6756000000,
    "interestIncome": 0,
    "interestExpense": 0,
    "depreciationAndAmortization": 161000000,
    "ebitda": 846000000,
    "ebitdaratio": 0.1136943959,
    "operatingIncome": 685000000,
    "operatingIncomeRatio": 0.0920575192,
    "totalOtherIncomeExpensesNet": 49000000,
    "incomeBeforeTax": 734000000,
    "incomeBeforeTaxRatio": 0.0986426556,
    "incomeTaxExpense": 268000000,
    "netIncome": 609000000,
    "netIncomeRatio": 0.0818438382,
    "eps": 1.82,
    "epsdiluted": 1.75,
    "weightedAverageShsOut": 333885380,
    "weightedAverageShsOutDil": 350142507,
    "link": "https://www.sec.gov/Archives/edgar/data/68505/000119312504084900/0001193125-04-084900-index.htm",
    "finalLink": "https://www.sec.gov/Archives/edgar/data/68505/000119312504084900/d10q.htm"
  },
  {
    "date": "2003-12-31",
    "symbol": "MSI",
    "reportedCurrency": "USD",
    "cik": "0000068505",
    "fillingDate": "2004-03-12",
    "acceptedDate": "2004-03-12 17:29:30",
    "calendarYear": "2003",
    "period": "Q4",
    "revenue": 8023000000,
    "costOfRevenue": 5372000000,
    "grossProfit": 2651000000,
    "grossProfitRatio": 0.330425028,
    "researchAndDevelopmentExpenses": 932000000,
    "generalAndAdministrativeExpenses": 0,
    "sellingAndMarketingExpenses": 0,
    "sellingGeneralAndAdministrativeExpenses": 1161000000,
    "otherExpenses": 38000000,
    "operatingExpenses": 2131000000,
    "costAndExpenses": 7503000000,
    "interestIncome": 0,
    "interestExpense": 0,
    "depreciationAndAmortization": 430000000,
    "ebitda": 971000000,
    "ebitdaratio": 0.1210270472,
    "operatingIncome": 520000000,
    "operatingIncomeRatio": 0.0648136607,
    "totalOtherIncomeExpensesNet": 226000000,
    "incomeBeforeTax": 746000000,
    "incomeBeforeTaxRatio": 0.0929826748,
    "incomeTaxExpense": 257000000,
    "netIncome": 489000000,
    "netIncomeRatio": 0.0609497694,
    "eps": 1.45,
    "epsdiluted": 1.45,
    "weightedAverageShsOut": 331171097,
    "weightedAverageShsOutDil": 337000000,
    "link": "https://www.sec.gov/Archives/edgar/data/68505/000119312504040743/0001193125-04-040743-index.htm",
    "finalLink": "https://www.sec.gov/Archives/edgar/data/68505/000119312504040743/d10k.htm"
  },
  {
    "date": "2003-09-27",
    "symbol": "MSI",
    "reportedCurrency": "USD",
    "cik": "0000068505",
    "fillingDate": "2003-11-06",
    "acceptedDate": "2003-11-05 17:33:42",
    "calendarYear": "2003",
    "period": "Q3",
    "revenue": 6829000000,
    "costOfRevenue": 4507000000,
    "grossProfit": 2322000000,
    "grossProfitRatio": 0.3400205008,
    "researchAndDevelopmentExpenses": 941000000,
    "generalAndAdministrativeExpenses": 0,
    "sellingAndMarketingExpenses": 0,
    "sellingGeneralAndAdministrativeExpenses": 1078000000,
    "otherExpenses": 40000000,
    "operatingExpenses": 2059000000,
    "costAndExpenses": 6566000000,
    "interestIncome": 0,
    "interestExpense": 0,
    "depreciationAndAmortization": 400000000,
    "ebitda": 707000000,
    "ebitdaratio": 0.1035290672,
    "operatingIncome": 263000000,
    "operatingIncomeRatio": 0.0385122273,
    "totalOtherIncomeExpensesNet": -85000000,
    "incomeBeforeTax": 178000000,
    "incomeBeforeTaxRatio": 0.0260653097,
    "incomeTaxExpense": 62000000,
    "netIncome": 116000000,
    "netIncomeRatio": 0.0169863816,
    "eps": 0.35,
    "epsdiluted": 0.35,
    "weightedAverageShsOut": 331828239,
    "weightedAverageShsOutDil": 336856806,
    "link": "https://www.sec.gov/Archives/edgar/data/68505/000104746903036176/0001047469-03-036176-index.htm",
    "finalLink": "https://www.sec.gov/Archives/edgar/data/68505/000104746903036176/a2121618z10-q.htm"
  },
  {
    "date": "2003-06-28",
    "symbol": "MSI",
    "reportedCurrency": "USD",
    "cik": "0000068505",
    "fillingDate": "2003-08-01",
    "acceptedDate": "2003-08-01 15:18:02",
    "calendarYear": "2003",
    "period": "Q2",
    "revenue": 6163000000,
    "costOfRevenue": 4155000000,
    "grossProfit": 2008000000,
    "grossProfitRatio": 0.3258153497,
    "researchAndDevelopmentExpenses": 951000000,
    "generalAndAdministrativeExpenses": 0,
    "sellingAndMarketingExpenses": 0,
    "sellingGeneralAndAdministrativeExpenses": 937000000,
    "otherExpenses": -51000000,
    "operatingExpenses": 1837000000,
    "costAndExpenses": 5992000000,
    "interestIncome": 0,
    "interestExpense": 0,
    "depreciationAndAmortization": 404000000,
    "ebitda": 533000000,
    "ebitdaratio": 0.0864838553,
    "operatingIncome": 171000000,
    "operatingIncomeRatio": 0.0277462275,
    "totalOtherIncomeExpensesNet": -59000000,
    "incomeBeforeTax": 112000000,
    "incomeBeforeTaxRatio": 0.0181729677,
    "incomeTaxExpense": -7000000,
    "netIncome": 119000000,
    "netIncomeRatio": 0.0193087782,
    "eps": 0.35,
    "epsdiluted": 0.35,
    "weightedAverageShsOut": 331371097,
    "weightedAverageShsOutDil": 333856809,
    "link": "https://www.sec.gov/Archives/edgar/data/68505/000104746903025905/0001047469-03-025905-index.htm",
    "finalLink": "https://www.sec.gov/Archives/edgar/data/68505/000104746903025905/a2115145z10-q.htm"
  },
  {
    "date": "2003-03-29",
    "symbol": "MSI",
    "reportedCurrency": "USD",
    "cik": "0000068505",
    "fillingDate": "2003-05-13",
    "acceptedDate": "2003-05-13 14:21:01",
    "calendarYear": "2003",
    "period": "Q1",
    "revenue": 6043000000,
    "costOfRevenue": 4067000000,
    "grossProfit": 1976000000,
    "grossProfitRatio": 0.3269899057,
    "researchAndDevelopmentExpenses": 947000000,
    "generalAndAdministrativeExpenses": 0,
    "sellingAndMarketingExpenses": 0,
    "sellingGeneralAndAdministrativeExpenses": 897000000,
    "otherExpenses": 2000000,
    "operatingExpenses": 1846000000,
    "costAndExpenses": 5913000000,
    "interestIncome": 0,
    "interestExpense": 0,
    "depreciationAndAmortization": 433000000,
    "ebitda": 626000000,
    "ebitdaratio": 0.1035909317,
    "operatingIncome": 130000000,
    "operatingIncomeRatio": 0.0215124938,
    "totalOtherIncomeExpensesNet": 127000000,
    "incomeBeforeTax": 257000000,
    "incomeBeforeTaxRatio": 0.0425285454,
    "incomeTaxExpense": 88000000,
    "netIncome": 169000000,
    "netIncomeRatio": 0.0279662419,
    "eps": 0.49,
    "epsdiluted": 0.49,
    "weightedAverageShsOut": 330213955,
    "weightedAverageShsOutDil": 332156810,
    "link": "https://www.sec.gov/Archives/edgar/data/68505/000104746903018128/0001047469-03-018128-index.htm",
    "finalLink": "https://www.sec.gov/Archives/edgar/data/68505/000104746903018128/a2110217z10-q.htm"
  },
  {
    "date": "2002-12-31",
    "symbol": "MSI",
    "reportedCurrency": "USD",
    "cik": "0000068505",
    "fillingDate": "2003-03-27",
    "acceptedDate": "2003-03-27 17:03:16",
    "calendarYear": "2002",
    "period": "Q4",
    "revenue": 7546000000,
    "costOfRevenue": 5046000000,
    "grossProfit": 2500000000,
    "grossProfitRatio": 0.3313013517,
    "researchAndDevelopmentExpenses": 957000000,
    "generalAndAdministrativeExpenses": 0,
    "sellingAndMarketingExpenses": 0,
    "sellingGeneralAndAdministrativeExpenses": 1003000000,
    "otherExpenses": 93000000,
    "operatingExpenses": 2053000000,
    "costAndExpenses": 7099000000,
    "interestIncome": 0,
    "interestExpense": 0,
    "depreciationAndAmortization": 506000000,
    "ebitda": 1050000000,
    "ebitdaratio": 0.1391465677,
    "operatingIncome": 447000000,
    "operatingIncomeRatio": 0.0592366817,
    "totalOtherIncomeExpensesNet": -167000000,
    "incomeBeforeTax": 280000000,
    "incomeBeforeTaxRatio": 0.0371057514,
    "incomeTaxExpense": 106000000,
    "netIncome": 174000000,
    "netIncomeRatio": 0.0230585741,
    "eps": 0.52,
    "epsdiluted": 0.52,
    "weightedAverageShsOut": 324928246,
    "weightedAverageShsOutDil": 332000000,
    "link": "https://www.sec.gov/Archives/edgar/data/68505/000104746903010564/0001047469-03-010564-index.htm",
    "finalLink": "https://www.sec.gov/Archives/edgar/data/68505/000104746903010564/a2106429z10-k.htm"
  },
  {
    "date": "2002-09-28",
    "symbol": "MSI",
    "reportedCurrency": "USD",
    "cik": "0000068505",
    "fillingDate": "2002-11-12",
    "acceptedDate": "2002-11-12 16:52:08",
    "calendarYear": "2002",
    "period": "Q3",
    "revenue": 6371000000,
    "costOfRevenue": 4126000000,
    "grossProfit": 2245000000,
    "grossProfitRatio": 0.3523779626,
    "researchAndDevelopmentExpenses": 961000000,
    "generalAndAdministrativeExpenses": 0,
    "sellingAndMarketingExpenses": 0,
    "sellingGeneralAndAdministrativeExpenses": 1017000000,
    "otherExpenses": -74000000,
    "operatingExpenses": 1904000000,
    "costAndExpenses": 6030000000,
    "interestIncome": 0,
    "interestExpense": 0,
    "depreciationAndAmortization": 502000000,
    "ebitda": 854000000,
    "ebitdaratio": 0.1340448909,
    "operatingIncome": 341000000,
    "operatingIncomeRatio": 0.0535237796,
    "totalOtherIncomeExpensesNet": -126000000,
    "incomeBeforeTax": 215000000,
    "incomeBeforeTaxRatio": 0.0337466646,
    "incomeTaxExpense": 104000000,
    "netIncome": 111000000,
    "netIncomeRatio": 0.0174226966,
    "eps": 0.35,
    "epsdiluted": 0.35,
    "weightedAverageShsOut": 327971100,
    "weightedAverageShsOutDil": 329742527,
    "link": "https://www.sec.gov/Archives/edgar/data/68505/000091205702042053/0000912057-02-042053-index.htm",
    "finalLink": "https://www.sec.gov/Archives/edgar/data/68505/000091205702042053/a2092122z10-q.htm"
  },
  {
    "date": "2002-06-29",
    "symbol": "MSI",
    "reportedCurrency": "USD",
    "cik": "0000068505",
    "fillingDate": "2002-08-13",
    "acceptedDate": "2002-08-13 14:25:59",
    "calendarYear": "2002",
    "period": "Q2",
    "revenue": 6741000000,
    "costOfRevenue": 4518000000,
    "grossProfit": 2223000000,
    "grossProfitRatio": 0.3297730307,
    "researchAndDevelopmentExpenses": 944000000,
    "generalAndAdministrativeExpenses": 0,
    "sellingAndMarketingExpenses": 0,
    "sellingGeneralAndAdministrativeExpenses": 2050000000,
    "otherExpenses": 1468000000,
    "operatingExpenses": 4462000000,
    "costAndExpenses": 8980000000,
    "interestIncome": 0,
    "interestExpense": 0,
    "depreciationAndAmortization": 543000000,
    "ebitda": -228000000,
    "ebitdaratio": -0.0338228749,
    "operatingIncome": -2239000000,
    "operatingIncomeRatio": -0.3321465658,
    "totalOtherIncomeExpensesNet": -1051000000,
    "incomeBeforeTax": -3290000000,
    "incomeBeforeTaxRatio": -0.4880581516,
    "incomeTaxExpense": -969000000,
    "netIncome": -2321000000,
    "netIncomeRatio": -0.3443109331,
    "eps": -7.13,
    "epsdiluted": -7.13,
    "weightedAverageShsOut": 325313960,
    "weightedAverageShsOutDil": 325313960,
    "link": "https://www.sec.gov/Archives/edgar/data/68505/000091205702031484/0000912057-02-031484-index.htm",
    "finalLink": "https://www.sec.gov/Archives/edgar/data/68505/000091205702031484/a2086369z10-q.htm"
  },
  {
    "date": "2002-03-30",
    "symbol": "MSI",
    "reportedCurrency": "USD",
    "cik": "0000068505",
    "fillingDate": "2002-05-14",
    "acceptedDate": "2002-05-14 16:34:54",
    "calendarYear": "2002",
    "period": "Q1",
    "revenue": 6021000000,
    "costOfRevenue": 4248000000,
    "grossProfit": 1773000000,
    "grossProfitRatio": 0.2944693572,
    "researchAndDevelopmentExpenses": 892000000,
    "generalAndAdministrativeExpenses": 0,
    "sellingAndMarketingExpenses": 0,
    "sellingGeneralAndAdministrativeExpenses": 1042000000,
    "otherExpenses": 201000000,
    "operatingExpenses": 2135000000,
    "costAndExpenses": 6383000000,
    "interestIncome": 0,
    "interestExpense": 0,
    "depreciationAndAmortization": 557000000,
    "ebitda": 393000000,
    "ebitdaratio": 0.0652715496,
    "operatingIncome": -362000000,
    "operatingIncomeRatio": -0.0601229032,
    "totalOtherIncomeExpensesNet": -289000000,
    "incomeBeforeTax": -651000000,
    "incomeBeforeTaxRatio": -0.1081215745,
    "incomeTaxExpense": -202000000,
    "netIncome": -449000000,
    "netIncomeRatio": -0.0745723302,
    "eps": -1.39,
    "epsdiluted": -1.39,
    "weightedAverageShsOut": 321928249,
    "weightedAverageShsOutDil": 321928249,
    "link": "https://www.sec.gov/Archives/edgar/data/68505/000091205702020257/0000912057-02-020257-index.htm",
    "finalLink": "https://www.sec.gov/Archives/edgar/data/68505/000091205702020257/a2079443z10-q.htm"
  },
  {
    "date": "2001-12-31",
    "symbol": "MSI",
    "reportedCurrency": "USD",
    "cik": "0000068505",
    "fillingDate": "2002-03-29",
    "acceptedDate": "2002-03-29 00:00:00",
    "calendarYear": "2001",
    "period": "Q4",
    "revenue": 7324000000,
    "costOfRevenue": 5035000000,
    "grossProfit": 2289000000,
    "grossProfitRatio": 0.3125341344,
    "researchAndDevelopmentExpenses": 1023000000,
    "generalAndAdministrativeExpenses": 0,
    "sellingAndMarketingExpenses": 0,
    "sellingGeneralAndAdministrativeExpenses": 870000000,
    "otherExpenses": -345000000,
    "operatingExpenses": 1548000000,
    "costAndExpenses": 6583000000,
    "interestIncome": 0,
    "interestExpense": 0,
    "depreciationAndAmortization": 633000000,
    "ebitda": 421000000,
    "ebitdaratio": 0.0574822501,
    "operatingIncome": 741000000,
    "operatingIncomeRatio": 0.1011742217,
    "totalOtherIncomeExpensesNet": -2594000000,
    "incomeBeforeTax": -1853000000,
    "incomeBeforeTaxRatio": -0.253003823,
    "incomeTaxExpense": -616000000,
    "netIncome": -1237000000,
    "netIncomeRatio": -0.1688967777,
    "eps": -3.93,
    "epsdiluted": -3.84,
    "weightedAverageShsOut": 314956827,
    "weightedAverageShsOutDil": 322000000,
    "link": "https://www.sec.gov/Archives/edgar/data/68505/000091205702012645/0000912057-02-012645-index.htm",
    "finalLink": "https://www.sec.gov/Archives/edgar/data/68505/000091205702012645/a2074699z10-k.htm"
  },
  {
    "date": "2001-09-29",
    "symbol": "MSI",
    "reportedCurrency": "USD",
    "cik": "0000068505",
    "fillingDate": "2001-11-09",
    "acceptedDate": "2001-11-09 00:00:00",
    "calendarYear": "2001",
    "period": "Q3",
    "revenue": 7392000000,
    "costOfRevenue": 5476000000,
    "grossProfit": 1916000000,
    "grossProfitRatio": 0.2591991342,
    "researchAndDevelopmentExpenses": 1037000000,
    "generalAndAdministrativeExpenses": 0,
    "sellingAndMarketingExpenses": 0,
    "sellingGeneralAndAdministrativeExpenses": 1121000000,
    "otherExpenses": 1541000000,
    "operatingExpenses": 3699000000,
    "costAndExpenses": 9175000000,
    "interestIncome": 0,
    "interestExpense": 0,
    "depreciationAndAmortization": 590000000,
    "ebitda": -1060000000,
    "ebitdaratio": -0.1433982684,
    "operatingIncome": -1783000000,
    "operatingIncomeRatio": -0.24120671,
    "totalOtherIncomeExpensesNet": -436000000,
    "incomeBeforeTax": -2219000000,
    "incomeBeforeTaxRatio": -0.3001893939,
    "incomeTaxExpense": -811000000,
    "netIncome": -1408000000,
    "netIncomeRatio": -0.1904761905,
    "eps": -4.45,
    "epsdiluted": -4.45,
    "weightedAverageShsOut": 316728254,
    "weightedAverageShsOutDil": 316728254,
    "link": "https://www.sec.gov/Archives/edgar/data/68505/000091205701538597/0000912057-01-538597-index.htm",
    "finalLink": "https://www.sec.gov/Archives/edgar/data/68505/000091205701538597/a2062877z10-q.htm"
  },
  {
    "date": "2001-06-30",
    "symbol": "MSI",
    "reportedCurrency": "USD",
    "cik": "0000068505",
    "fillingDate": "2001-07-30",
    "acceptedDate": "2001-07-30 00:00:00",
    "calendarYear": "2001",
    "period": "Q2",
    "revenue": 7522000000,
    "costOfRevenue": 5434000000,
    "grossProfit": 2088000000,
    "grossProfitRatio": 0.2775857485,
    "researchAndDevelopmentExpenses": 1086000000,
    "generalAndAdministrativeExpenses": 0,
    "sellingAndMarketingExpenses": 0,
    "sellingGeneralAndAdministrativeExpenses": 989000000,
    "otherExpenses": 1208000000,
    "operatingExpenses": 3283000000,
    "costAndExpenses": 8717000000,
    "interestIncome": 0,
    "interestExpense": 0,
    "depreciationAndAmortization": 658000000,
    "ebitda": 82000000,
    "ebitdaratio": 0.010901356,
    "operatingIncome": -1195000000,
    "operatingIncomeRatio": -0.1588673225,
    "totalOtherIncomeExpensesNet": 347000000,
    "incomeBeforeTax": -848000000,
    "incomeBeforeTaxRatio": -0.1127359745,
    "incomeTaxExpense": -89000000,
    "netIncome": -759000000,
    "netIncomeRatio": -0.1009040149,
    "eps": -2.41,
    "epsdiluted": -2.41,
    "weightedAverageShsOut": 314699685,
    "weightedAverageShsOutDil": 314699685,
    "link": "https://www.sec.gov/Archives/edgar/data/68505/000091205701525781/0000912057-01-525781-index.htm",
    "finalLink": "https://www.sec.gov/Archives/edgar/data/68505/000091205701525781/a2055238z10-q.htm"
  },
  {
    "date": "2001-03-31",
    "symbol": "MSI",
    "reportedCurrency": "USD",
    "cik": "0000068505",
    "fillingDate": "2001-05-14",
    "acceptedDate": "2001-05-14 00:00:00",
    "calendarYear": "2001",
    "period": "Q1",
    "revenue": 7683000000,
    "costOfRevenue": 6117000000,
    "grossProfit": 1566000000,
    "grossProfitRatio": 0.2038266302,
    "researchAndDevelopmentExpenses": 1172000000,
    "generalAndAdministrativeExpenses": 0,
    "sellingAndMarketingExpenses": 0,
    "sellingGeneralAndAdministrativeExpenses": 1187000000,
    "otherExpenses": 313000000,
    "operatingExpenses": 2672000000,
    "costAndExpenses": 8789000000,
    "interestIncome": 0,
    "interestExpense": 0,
    "depreciationAndAmortization": 671000000,
    "ebitda": -194000000,
    "ebitdaratio": -0.0252505532,
    "operatingIncome": -1106000000,
    "operatingIncomeRatio": -0.1439541846,
    "totalOtherIncomeExpensesNet": 515000000,
    "incomeBeforeTax": -591000000,
    "incomeBeforeTaxRatio": -0.0769230769,
    "incomeTaxExpense": -58000000,
    "netIncome": -533000000,
    "netIncomeRatio": -0.0693739425,
    "eps": -1.7,
    "epsdiluted": -1.7,
    "weightedAverageShsOut": 313428258,
    "weightedAverageShsOutDil": 313428258,
    "link": "https://www.sec.gov/Archives/edgar/data/68505/000091205701515284/0000912057-01-515284-index.htm",
    "finalLink": "https://www.sec.gov/Archives/edgar/data/68505/000091205701515284/a2048785z10-q.htm"
  },
  {
    "date": "2000-12-31",
    "symbol": "MSI",
    "reportedCurrency": "USD",
    "cik": "0000068505",
    "fillingDate": "2001-03-30",
    "acceptedDate": "2001-03-30 00:00:00",
    "calendarYear": "2000",
    "period": "Q4",
    "revenue": 10064000000,
    "costOfRevenue": 6790000000,
    "grossProfit": 3274000000,
    "grossProfitRatio": 0.325317965,
    "researchAndDevelopmentExpenses": 1144000000,
    "generalAndAdministrativeExpenses": 0,
    "sellingAndMarketingExpenses": 0,
    "sellingGeneralAndAdministrativeExpenses": 1467000000,
    "otherExpenses": 966000000,
    "operatingExpenses": 3577000000,
    "costAndExpenses": 10367000000,
    "interestIncome": 0,
    "interestExpense": 0,
    "depreciationAndAmortization": 804000000,
    "ebitda": 833000000,
    "ebitdaratio": 0.0827702703,
    "operatingIncome": -303000000,
    "operatingIncomeRatio": -0.0301073132,
    "totalOtherIncomeExpensesNet": 716000000,
    "incomeBeforeTax": 413000000,
    "incomeBeforeTaxRatio": 0.0410373609,
    "incomeTaxExpense": 278000000,
    "netIncome": 135000000,
    "netIncomeRatio": 0.0134141494,
    "eps": 0.43,
    "epsdiluted": 0.43,
    "weightedAverageShsOut": 309156833,
    "weightedAverageShsOutDil": 313428258,
    "link": "https://www.sec.gov/Archives/edgar/data/68505/000095013701500523/0000950137-01-500523-index.htm",
    "finalLink": "https://www.sec.gov/Archives/edgar/data/68505/000095013701500523/c61260e10-k.txt"
  },
  {
    "date": "2000-10-30",
    "symbol": "MSI",
    "reportedCurrency": "USD",
    "cik": "0000068505",
    "fillingDate": "2000-11-07",
    "acceptedDate": "2000-11-07 00:00:00",
    "calendarYear": "2000",
    "period": "Q3",
    "revenue": 9493000000,
    "costOfRevenue": 6130000000,
    "grossProfit": 3363000000,
    "grossProfitRatio": 0.3542610344,
    "researchAndDevelopmentExpenses": 1171000000,
    "generalAndAdministrativeExpenses": 0,
    "sellingAndMarketingExpenses": 0,
    "sellingGeneralAndAdministrativeExpenses": 768000000,
    "otherExpenses": 592000000,
    "operatingExpenses": 2531000000,
    "costAndExpenses": 8661000000,
    "interestIncome": 0,
    "interestExpense": 0,
    "depreciationAndAmortization": 592000000,
    "ebitda": 1424000000,
    "ebitdaratio": 0.150005267,
    "operatingIncome": 832000000,
    "operatingIncomeRatio": 0.0876435268,
    "totalOtherIncomeExpensesNet": -74000000,
    "incomeBeforeTax": 758000000,
    "incomeBeforeTaxRatio": 0.0798483093,
    "incomeTaxExpense": 227000000,
    "netIncome": 531000000,
    "netIncomeRatio": 0.0559359528,
    "eps": 1.68,
    "epsdiluted": 1.61,
    "weightedAverageShsOut": 311756831,
    "weightedAverageShsOutDil": 323713962,
    "link": "https://www.sec.gov/Archives/edgar/data/68505/000095013100006101/0000950131-00-006101-index.htm",
    "finalLink": "https://www.sec.gov/Archives/edgar/data/68505/000095013100006101/0000950131-00-006101-0001.txt"
  },
  {
    "date": "2000-07-01",
    "symbol": "MSI",
    "reportedCurrency": "USD",
    "cik": "0000068505",
    "fillingDate": "2000-07-31",
    "acceptedDate": "2000-07-31 00:00:00",
    "calendarYear": "2000",
    "period": "Q2",
    "revenue": 9255000000,
    "costOfRevenue": 5513000000,
    "grossProfit": 3742000000,
    "grossProfitRatio": 0.4043219881,
    "researchAndDevelopmentExpenses": 1107000000,
    "generalAndAdministrativeExpenses": 0,
    "sellingAndMarketingExpenses": 0,
    "sellingGeneralAndAdministrativeExpenses": 1598000000,
    "otherExpenses": 563000000,
    "operatingExpenses": 3268000000,
    "costAndExpenses": 8781000000,
    "interestIncome": 0,
    "interestExpense": 0,
    "depreciationAndAmortization": 563000000,
    "ebitda": 1037000000,
    "ebitdaratio": 0.1120475419,
    "operatingIncome": 474000000,
    "operatingIncomeRatio": 0.0512155592,
    "totalOtherIncomeExpensesNet": -54000000,
    "incomeBeforeTax": 420000000,
    "incomeBeforeTaxRatio": 0.0453808752,
    "incomeTaxExpense": 216000000,
    "netIncome": 204000000,
    "netIncomeRatio": 0.0220421394,
    "eps": 0.63,
    "epsdiluted": 0.63,
    "weightedAverageShsOut": 309285405,
    "weightedAverageShsOutDil": 321385392,
    "link": "https://www.sec.gov/Archives/edgar/data/68505/000006850500000023/0000068505-00-000023-index.htm",
    "finalLink": "https://www.sec.gov/Archives/edgar/data/68505/000006850500000023/0000068505-00-000023-0001.txt"
  },
  {
    "date": "2000-04-01",
    "symbol": "MSI",
    "reportedCurrency": "USD",
    "cik": "0000068505",
    "fillingDate": "2000-05-16",
    "acceptedDate": "2000-05-16 00:00:00",
    "calendarYear": "2000",
    "period": "Q1",
    "revenue": 8768000000,
    "costOfRevenue": 5195000000,
    "grossProfit": 3573000000,
    "grossProfitRatio": 0.407504562,
    "researchAndDevelopmentExpenses": 1015000000,
    "generalAndAdministrativeExpenses": 0,
    "sellingAndMarketingExpenses": 0,
    "sellingGeneralAndAdministrativeExpenses": 1308000000,
    "otherExpenses": 563000000,
    "operatingExpenses": 2886000000,
    "costAndExpenses": 8081000000,
    "interestIncome": 0,
    "interestExpense": 0,
    "depreciationAndAmortization": 563000000,
    "ebitda": 1250000000,
    "ebitdaratio": 0.1425638686,
    "operatingIncome": 687000000,
    "operatingIncomeRatio": 0.0783531022,
    "totalOtherIncomeExpensesNet": -47000000,
    "incomeBeforeTax": 640000000,
    "incomeBeforeTaxRatio": 0.0729927007,
    "incomeTaxExpense": 192000000,
    "netIncome": 448000000,
    "netIncomeRatio": 0.0510948905,
    "eps": 1.47,
    "epsdiluted": 1.4,
    "weightedAverageShsOut": 306906835,
    "weightedAverageShsOutDil": 324281390,
    "link": "https://www.sec.gov/Archives/edgar/data/68505/000006850500000016/0000068505-00-000016-index.html",
    "finalLink": "https://www.sec.gov/Archives/edgar/data/68505/000006850500000016/"
  },
  {
    "date": "1999-12-31",
    "symbol": "MSI",
    "reportedCurrency": "USD",
    "cik": "0000068505",
    "fillingDate": "2000-03-22",
    "acceptedDate": "2000-03-22 00:00:00",
    "calendarYear": "1999",
    "period": "Q4",
    "revenue": 8498000000,
    "costOfRevenue": 5603000000,
    "grossProfit": 2895000000,
    "grossProfitRatio": 0.3406683926,
    "researchAndDevelopmentExpenses": 1001000000,
    "generalAndAdministrativeExpenses": 0,
    "sellingAndMarketingExpenses": 0,
    "sellingGeneralAndAdministrativeExpenses": 1046000000,
    "otherExpenses": 550000000,
    "operatingExpenses": 2597000000,
    "costAndExpenses": 8200000000,
    "interestIncome": 0,
    "interestExpense": 0,
    "depreciationAndAmortization": 550000000,
    "ebitda": 848000000,
    "ebitdaratio": 0.0997881855,
    "operatingIncome": 298000000,
    "operatingIncomeRatio": 0.0350670746,
    "totalOtherIncomeExpensesNet": 201000000,
    "incomeBeforeTax": 499000000,
    "incomeBeforeTaxRatio": 0.0587196988,
    "incomeTaxExpense": 150000000,
    "netIncome": 349000000,
    "netIncomeRatio": 0.0410684867,
    "eps": 1.11,
    "epsdiluted": 1.11,
    "weightedAverageShsOut": 314000000,
    "weightedAverageShsOutDil": 314000000,
    "link": "https://www.sec.gov/Archives/edgar/data/68505/000095013100001895/0000950131-00-001895-index.html",
    "finalLink": "https://www.sec.gov/Archives/edgar/data/68505/000095013100001895/"
  },
  {
    "date": "1999-10-02",
    "symbol": "MSI",
    "reportedCurrency": "USD",
    "cik": "0000068505",
    "fillingDate": "1999-11-16",
    "acceptedDate": "1999-11-16 00:00:00",
    "calendarYear": "1999",
    "period": "Q3",
    "revenue": 8223000000,
    "costOfRevenue": 5281000000,
    "grossProfit": 2942000000,
    "grossProfitRatio": 0.357776967,
    "researchAndDevelopmentExpenses": 913000000,
    "generalAndAdministrativeExpenses": 0,
    "sellingAndMarketingExpenses": 0,
    "sellingGeneralAndAdministrativeExpenses": 1295000000,
    "otherExpenses": 537000000,
    "operatingExpenses": 2745000000,
    "costAndExpenses": 8026000000,
    "interestIncome": 0,
    "interestExpense": 0,
    "depreciationAndAmortization": 537000000,
    "ebitda": 734000000,
    "ebitdaratio": 0.0892618266,
    "operatingIncome": 197000000,
    "operatingIncomeRatio": 0.0239571932,
    "totalOtherIncomeExpensesNet": -33000000,
    "incomeBeforeTax": 164000000,
    "incomeBeforeTaxRatio": 0.0199440593,
    "incomeTaxExpense": 50000000,
    "netIncome": 91000000,
    "netIncomeRatio": 0.0110665207,
    "eps": 0.28,
    "epsdiluted": 0.28,
    "weightedAverageShsOut": 325713960,
    "weightedAverageShsOutDil": 325713960,
    "link": "https://www.sec.gov/Archives/edgar/data/68505/000006850599000035/0000068505-99-000035-index.html",
    "finalLink": "https://www.sec.gov/Archives/edgar/data/68505/000006850599000035/"
  },
  {
    "date": "1999-07-03",
    "symbol": "MSI",
    "reportedCurrency": "USD",
    "cik": "0000068505",
    "fillingDate": "1999-08-03",
    "acceptedDate": "1999-08-03 00:00:00",
    "calendarYear": "1999",
    "period": "Q2",
    "revenue": 8030000000,
    "costOfRevenue": 4744000000,
    "grossProfit": 3286000000,
    "grossProfitRatio": 0.4092154421,
    "researchAndDevelopmentExpenses": 842000000,
    "generalAndAdministrativeExpenses": 0,
    "sellingAndMarketingExpenses": 0,
    "sellingGeneralAndAdministrativeExpenses": 1460000000,
    "otherExpenses": 565000000,
    "operatingExpenses": 2867000000,
    "costAndExpenses": 7611000000,
    "interestIncome": 0,
    "interestExpense": 0,
    "depreciationAndAmortization": 570000000,
    "ebitda": 989000000,
    "ebitdaratio": 0.1231631382,
    "operatingIncome": 419000000,
    "operatingIncomeRatio": 0.0521793275,
    "totalOtherIncomeExpensesNet": -47000000,
    "incomeBeforeTax": 372000000,
    "incomeBeforeTaxRatio": 0.0463262765,
    "incomeTaxExpense": 117000000,
    "netIncome": 255000000,
    "netIncomeRatio": 0.0317559153,
    "eps": 0.84,
    "epsdiluted": 0.84,
    "weightedAverageShsOut": 301771126,
    "weightedAverageShsOutDil": 313113972,
    "link": "https://www.sec.gov/Archives/edgar/data/68505/000006850599000023/0000068505-99-000023-index.html",
    "finalLink": "https://www.sec.gov/Archives/edgar/data/68505/000006850599000023/"
  },
  {
    "date": "1999-04-03",
    "symbol": "MSI",
    "reportedCurrency": "USD",
    "cik": "0000068505",
    "fillingDate": "1999-05-18",
    "acceptedDate": "1999-05-18 00:00:00",
    "calendarYear": "1999",
    "period": "Q1",
    "revenue": 7736000000,
    "costOfRevenue": 4592000000,
    "grossProfit": 3144000000,
    "grossProfitRatio": 0.4064115822,
    "researchAndDevelopmentExpenses": 773000000,
    "generalAndAdministrativeExpenses": 0,
    "sellingAndMarketingExpenses": 0,
    "sellingGeneralAndAdministrativeExpenses": 1471000000,
    "otherExpenses": 573000000,
    "operatingExpenses": 2817000000,
    "costAndExpenses": 7409000000,
    "interestIncome": 0,
    "interestExpense": 0,
    "depreciationAndAmortization": 573000000,
    "ebitda": 900000000,
    "ebitdaratio": 0.1163391934,
    "operatingIncome": 327000000,
    "operatingIncomeRatio": 0.0422699069,
    "totalOtherIncomeExpensesNet": -38000000,
    "incomeBeforeTax": 289000000,
    "incomeBeforeTaxRatio": 0.0373578077,
    "incomeTaxExpense": 90000000,
    "netIncome": 199000000,
    "netIncomeRatio": 0.0257238883,
    "eps": 0.63,
    "epsdiluted": 0.63,
    "weightedAverageShsOut": 315872700,
    "weightedAverageShsOutDil": 315872700,
    "link": "https://www.sec.gov/Archives/edgar/data/68505/000006850599000014/0000068505-99-000014-index.html",
    "finalLink": "https://www.sec.gov/Archives/edgar/data/68505/"
  },
  {
    "date": "1998-12-31",
    "symbol": "MSI",
    "reportedCurrency": "USD",
    "cik": "0000068505",
    "fillingDate": "1999-10-28",
    "acceptedDate": "1999-10-28 00:00:00",
    "calendarYear": "1998",
    "period": "Q4",
    "revenue": 8337000000,
    "costOfRevenue": 5895000000,
    "grossProfit": 2442000000,
    "grossProfitRatio": 0.2929111191,
    "researchAndDevelopmentExpenses": 0,
    "generalAndAdministrativeExpenses": 0,
    "sellingAndMarketingExpenses": 0,
    "sellingGeneralAndAdministrativeExpenses": 1546000000,
    "otherExpenses": 606000000,
    "operatingExpenses": 2152000000,
    "costAndExpenses": 8047000000,
    "interestIncome": 0,
    "interestExpense": 0,
    "depreciationAndAmortization": 606000000,
    "ebitda": 896000000,
    "ebitdaratio": 0.107472712,
    "operatingIncome": 290000000,
    "operatingIncomeRatio": 0.0347846947,
    "totalOtherIncomeExpensesNet": -63000000,
    "incomeBeforeTax": 227000000,
    "incomeBeforeTaxRatio": 0.0272280197,
    "incomeTaxExpense": 68000000,
    "netIncome": 159000000,
    "netIncomeRatio": 0.0190716085,
    "eps": 0.61,
    "epsdiluted": 0.61,
    "weightedAverageShsOut": 256542029,
    "weightedAverageShsOutDil": 259000000,
    "link": "https://www.sec.gov/Archives/edgar/data/68505/000095013199005915/0000950131-99-005915-index.html",
    "finalLink": "https://www.sec.gov/Archives/edgar/data/68505/000095013199005915/"
  },
  {
    "date": "1998-09-26",
    "symbol": "MSI",
    "reportedCurrency": "USD",
    "cik": "0000068505",
    "fillingDate": "1998-11-10",
    "acceptedDate": "1998-11-10 00:00:00",
    "calendarYear": "1998",
    "period": "Q3",
    "revenue": 7152000000,
    "costOfRevenue": 5153000000,
    "grossProfit": 1999000000,
    "grossProfitRatio": 0.2795022371,
    "researchAndDevelopmentExpenses": 0,
    "generalAndAdministrativeExpenses": 0,
    "sellingAndMarketingExpenses": 0,
    "sellingGeneralAndAdministrativeExpenses": 1359000000,
    "otherExpenses": 539000000,
    "operatingExpenses": 1898000000,
    "costAndExpenses": 7051000000,
    "interestIncome": 0,
    "interestExpense": 0,
    "depreciationAndAmortization": 539000000,
    "ebitda": 640000000,
    "ebitdaratio": 0.0894854586,
    "operatingIncome": 101000000,
    "operatingIncomeRatio": 0.0141219239,
    "totalOtherIncomeExpensesNet": -62000000,
    "incomeBeforeTax": 39000000,
    "incomeBeforeTaxRatio": 0.0054530201,
    "incomeTaxExpense": 12000000,
    "netIncome": 27000000,
    "netIncomeRatio": 0.0037751678,
    "eps": 0.14,
    "epsdiluted": 0.07,
    "weightedAverageShsOut": 256842314,
    "weightedAverageShsOutDil": 256842314,
    "link": "https://www.sec.gov/Archives/edgar/data/68505/000006850598000034/0000068505-98-000034-index.html",
    "finalLink": "https://www.sec.gov/Archives/edgar/data/68505/"
  },
  {
    "date": "1998-06-27",
    "symbol": "MSI",
    "reportedCurrency": "USD",
    "cik": "0000068505",
    "fillingDate": "1998-08-03",
    "acceptedDate": "1998-08-03 00:00:00",
    "calendarYear": "1998",
    "period": "Q2",
    "revenue": 7023000000,
    "costOfRevenue": 4315000000,
    "grossProfit": 2708000000,
    "grossProfitRatio": 0.3855902036,
    "researchAndDevelopmentExpenses": 722000000,
    "generalAndAdministrativeExpenses": 0,
    "sellingAndMarketingExpenses": 0,
    "sellingGeneralAndAdministrativeExpenses": 1329000000,
    "otherExpenses": 521000000,
    "operatingExpenses": 2572000000,
    "costAndExpenses": 6887000000,
    "interestIncome": 0,
    "interestExpense": 0,
    "depreciationAndAmortization": 521000000,
    "ebitda": 657000000,
    "ebitdaratio": 0.0935497651,
    "operatingIncome": 136000000,
    "operatingIncomeRatio": 0.0193649438,
    "totalOtherIncomeExpensesNet": -2033000000,
    "incomeBeforeTax": -1897000000,
    "incomeBeforeTaxRatio": -0.2701124875,
    "incomeTaxExpense": -569000000,
    "netIncome": -1328000000,
    "netIncomeRatio": -0.1890929802,
    "eps": -5.18,
    "epsdiluted": -5.18,
    "weightedAverageShsOut": 256370400,
    "weightedAverageShsOutDil": 256370400,
    "link": "https://www.sec.gov/Archives/edgar/data/68505/000006850598000022/0000068505-98-000022-index.html",
    "finalLink": "https://www.sec.gov/Archives/edgar/data/68505/"
  },
  {
    "date": "1998-03-28",
    "symbol": "MSI",
    "reportedCurrency": "USD",
    "cik": "0000068505",
    "fillingDate": "1998-05-12",
    "acceptedDate": "1998-05-12 00:00:00",
    "calendarYear": "1998",
    "period": "Q1",
    "revenue": 6886000000,
    "costOfRevenue": 4125000000,
    "grossProfit": 2761000000,
    "grossProfitRatio": 0.4009584665,
    "researchAndDevelopmentExpenses": 703000000,
    "generalAndAdministrativeExpenses": 0,
    "sellingAndMarketingExpenses": 0,
    "sellingGeneralAndAdministrativeExpenses": 1221000000,
    "otherExpenses": 542000000,
    "operatingExpenses": 2466000000,
    "costAndExpenses": 6591000000,
    "interestIncome": 0,
    "interestExpense": 0,
    "depreciationAndAmortization": 542000000,
    "ebitda": 837000000,
    "ebitdaratio": 0.121550973,
    "operatingIncome": 295000000,
    "operatingIncomeRatio": 0.042840546,
    "totalOtherIncomeExpensesNet": -38000000,
    "incomeBeforeTax": 257000000,
    "incomeBeforeTaxRatio": 0.0373221028,
    "incomeTaxExpense": 77000000,
    "netIncome": 180000000,
    "netIncomeRatio": 0.0261399942,
    "eps": 0.7,
    "epsdiluted": 0.7,
    "weightedAverageShsOut": 257142600,
    "weightedAverageShsOutDil": 257142600,
    "link": "https://www.sec.gov/Archives/edgar/data/68505/000006850598000009/0000068505-98-000009-index.html",
    "finalLink": "https://www.sec.gov/Archives/edgar/data/68505/"
  },
  {
    "date": "1997-12-31",
    "symbol": "MSI",
    "reportedCurrency": "USD",
    "cik": "0000068505",
    "fillingDate": "1998-03-20",
    "acceptedDate": "1998-03-20 00:00:00",
    "calendarYear": "1997",
    "period": "Q4",
    "revenue": 8278000000,
    "costOfRevenue": 5604000000,
    "grossProfit": 2674000000,
    "grossProfitRatio": 0.3230248852,
    "researchAndDevelopmentExpenses": 0,
    "generalAndAdministrativeExpenses": 0,
    "sellingAndMarketingExpenses": 0,
    "sellingGeneralAndAdministrativeExpenses": 1540000000,
    "otherExpenses": 607000000,
    "operatingExpenses": 2147000000,
    "costAndExpenses": 7751000000,
    "interestIncome": 0,
    "interestExpense": 0,
    "depreciationAndAmortization": 607000000,
    "ebitda": 1134000000,
    "ebitdaratio": 0.136989611,
    "operatingIncome": 527000000,
    "operatingIncomeRatio": 0.0636627205,
    "totalOtherIncomeExpensesNet": -33000000,
    "incomeBeforeTax": 494000000,
    "incomeBeforeTaxRatio": 0.0596762503,
    "incomeTaxExpense": 173000000,
    "netIncome": 321000000,
    "netIncomeRatio": 0.0387774825,
    "eps": 1.23,
    "epsdiluted": 1.23,
    "weightedAverageShsOut": 262000000,
    "weightedAverageShsOutDil": 262000000,
    "link": "https://www.sec.gov/Archives/edgar/data/68505/000095013198001863/0000950131-98-001863-index.html",
    "finalLink": "https://www.sec.gov/Archives/edgar/data/68505/"
  },
  {
    "date": "1997-09-27",
    "symbol": "MSI",
    "reportedCurrency": "USD",
    "cik": "0000068505",
    "fillingDate": "1997-11-07",
    "acceptedDate": "1997-11-07 00:00:00",
    "calendarYear": "1997",
    "period": "Q3",
    "revenue": 7353000000,
    "costOfRevenue": 4986000000,
    "grossProfit": 2367000000,
    "grossProfitRatio": 0.3219094247,
    "researchAndDevelopmentExpenses": 0,
    "generalAndAdministrativeExpenses": 0,
    "sellingAndMarketingExpenses": 0,
    "sellingGeneralAndAdministrativeExpenses": 1332000000,
    "otherExpenses": 595000000,
    "operatingExpenses": 1927000000,
    "costAndExpenses": 6913000000,
    "interestIncome": 0,
    "interestExpense": 0,
    "depreciationAndAmortization": 595000000,
    "ebitda": 1035000000,
    "ebitdaratio": 0.1407588739,
    "operatingIncome": 440000000,
    "operatingIncomeRatio": 0.0598395213,
    "totalOtherIncomeExpensesNet": -30000000,
    "incomeBeforeTax": 410000000,
    "incomeBeforeTaxRatio": 0.0557595539,
    "incomeTaxExpense": 144000000,
    "netIncome": 266000000,
    "netIncomeRatio": 0.0361757106,
    "eps": 1.05,
    "epsdiluted": 1.05,
    "weightedAverageShsOut": 263234451,
    "weightedAverageShsOutDil": 263234451,
    "link": "https://www.sec.gov/Archives/edgar/data/68505/000006850597000019/0000068505-97-000019-index.html",
    "finalLink": "https://www.sec.gov/Archives/edgar/data/68505/"
  },
  {
    "date": "1997-06-28",
    "symbol": "MSI",
    "reportedCurrency": "USD",
    "cik": "0000068505",
    "fillingDate": "1997-07-16",
    "acceptedDate": "1997-07-16 00:00:00",
    "calendarYear": "1997",
    "period": "Q2",
    "revenue": 7521000000,
    "costOfRevenue": 5019000000,
    "grossProfit": 2502000000,
    "grossProfitRatio": 0.3326685281,
    "researchAndDevelopmentExpenses": 0,
    "generalAndAdministrativeExpenses": 0,
    "sellingAndMarketingExpenses": 0,
    "sellingGeneralAndAdministrativeExpenses": 1481000000,
    "otherExpenses": 572000000,
    "operatingExpenses": 2053000000,
    "costAndExpenses": 7072000000,
    "interestIncome": 0,
    "interestExpense": 0,
    "depreciationAndAmortization": 572000000,
    "ebitda": 1021000000,
    "ebitdaratio": 0.1357532243,
    "operatingIncome": 449000000,
    "operatingIncomeRatio": 0.059699508,
    "totalOtherIncomeExpensesNet": -36000000,
    "incomeBeforeTax": 413000000,
    "incomeBeforeTaxRatio": 0.0549129105,
    "incomeTaxExpense": 145000000,
    "netIncome": 268000000,
    "netIncomeRatio": 0.0356335594,
    "eps": 1.05,
    "epsdiluted": 1.05,
    "weightedAverageShsOut": 263534736,
    "weightedAverageShsOutDil": 263534736,
    "link": "https://www.sec.gov/Archives/edgar/data/68505/000006850597000016/0000068505-97-000016-index.html",
    "finalLink": "https://www.sec.gov/Archives/edgar/data/68505/"
  },
  {
    "date": "1997-03-29",
    "symbol": "MSI",
    "reportedCurrency": "USD",
    "cik": "0000068505",
    "fillingDate": "1997-05-13",
    "acceptedDate": "1997-05-13 00:00:00",
    "calendarYear": "1997",
    "period": "Q1",
    "revenue": 6642000000,
    "costOfRevenue": 4382000000,
    "grossProfit": 2260000000,
    "grossProfitRatio": 0.3402589581,
    "researchAndDevelopmentExpenses": 0,
    "generalAndAdministrativeExpenses": 0,
    "sellingAndMarketingExpenses": 0,
    "sellingGeneralAndAdministrativeExpenses": 1162000000,
    "otherExpenses": 567000000,
    "operatingExpenses": 1729000000,
    "costAndExpenses": 6111000000,
    "interestIncome": 0,
    "interestExpense": 0,
    "depreciationAndAmortization": 567000000,
    "ebitda": 1098000000,
    "ebitdaratio": 0.1653116531,
    "operatingIncome": 531000000,
    "operatingIncomeRatio": 0.0799457995,
    "totalOtherIncomeExpensesNet": -32000000,
    "incomeBeforeTax": 499000000,
    "incomeBeforeTaxRatio": 0.0751279735,
    "incomeTaxExpense": 174000000,
    "netIncome": 325000000,
    "netIncomeRatio": 0.0489310449,
    "eps": 1.26,
    "epsdiluted": 1.26,
    "weightedAverageShsOut": 257936250,
    "weightedAverageShsOutDil": 257936250,
    "link": "https://www.sec.gov/Archives/edgar/data/68505/000006850597000011/0000068505-97-000011-index.html",
    "finalLink": "https://www.sec.gov/Archives/edgar/data/68505/"
  },
  {
    "date": "1996-12-31",
    "symbol": "MSI",
    "reportedCurrency": "USD",
    "cik": "0000068505",
    "fillingDate": "1997-05-15",
    "acceptedDate": "1997-05-15 00:00:00",
    "calendarYear": "1996",
    "period": "Q4",
    "revenue": 7685000000,
    "costOfRevenue": 5190000000,
    "grossProfit": 2495000000,
    "grossProfitRatio": 0.3246584255,
    "researchAndDevelopmentExpenses": 0,
    "generalAndAdministrativeExpenses": 0,
    "sellingAndMarketingExpenses": 0,
    "sellingGeneralAndAdministrativeExpenses": 1476000000,
    "otherExpenses": 608000000,
    "operatingExpenses": 2084000000,
    "costAndExpenses": 7274000000,
    "interestIncome": 0,
    "interestExpense": 0,
    "depreciationAndAmortization": 608000000,
    "ebitda": 1019000000,
    "ebitdaratio": 0.1325959662,
    "operatingIncome": 411000000,
    "operatingIncomeRatio": 0.0534808068,
    "totalOtherIncomeExpensesNet": -45000000,
    "incomeBeforeTax": 366000000,
    "incomeBeforeTaxRatio": 0.047625244,
    "incomeTaxExpense": 128000000,
    "netIncome": 238000000,
    "netIncomeRatio": 0.0309694209,
    "eps": 0.91,
    "epsdiluted": 0.91,
    "weightedAverageShsOut": 262000000,
    "weightedAverageShsOutDil": 262000000,
    "link": "https://www.sec.gov/Archives/edgar/data/68505/000095013197003500/0000950131-97-003500-index.html",
    "finalLink": "https://www.sec.gov/Archives/edgar/data/68505/"
  },
  {
    "date": "1996-09-28",
    "symbol": "MSI",
    "reportedCurrency": "USD",
    "cik": "0000068505",
    "fillingDate": "1996-11-12",
    "acceptedDate": "1996-11-12 00:00:00",
    "calendarYear": "1996",
    "period": "Q3",
    "revenue": 6498000000,
    "costOfRevenue": 4489000000,
    "grossProfit": 2009000000,
    "grossProfitRatio": 0.3091720529,
    "researchAndDevelopmentExpenses": 0,
    "generalAndAdministrativeExpenses": 0,
    "sellingAndMarketingExpenses": 0,
    "sellingGeneralAndAdministrativeExpenses": 1041000000,
    "otherExpenses": 609000000,
    "operatingExpenses": 1650000000,
    "costAndExpenses": 6139000000,
    "interestIncome": 0,
    "interestExpense": 0,
    "depreciationAndAmortization": 609000000,
    "ebitda": 968000000,
    "ebitdaratio": 0.1489689135,
    "operatingIncome": 359000000,
    "operatingIncomeRatio": 0.0552477685,
    "totalOtherIncomeExpensesNet": -42000000,
    "incomeBeforeTax": 317000000,
    "incomeBeforeTaxRatio": 0.0487842413,
    "incomeTaxExpense": 111000000,
    "netIncome": 206000000,
    "netIncomeRatio": 0.0317020622,
    "eps": 0.77,
    "epsdiluted": 0.77,
    "weightedAverageShsOut": 261303881,
    "weightedAverageShsOutDil": 261303881,
    "link": "https://www.sec.gov/Archives/edgar/data/68505/000006850596000016/0000068505-96-000016-index.html",
    "finalLink": "https://www.sec.gov/Archives/edgar/data/68505/"
  },
  {
    "date": "1996-06-29",
    "symbol": "MSI",
    "reportedCurrency": "USD",
    "cik": "0000068505",
    "fillingDate": "1996-07-16",
    "acceptedDate": "1996-07-16 00:00:00",
    "calendarYear": "1996",
    "period": "Q2",
    "revenue": 6835000000,
    "costOfRevenue": 4585000000,
    "grossProfit": 2250000000,
    "grossProfitRatio": 0.3291880029,
    "researchAndDevelopmentExpenses": 0,
    "generalAndAdministrativeExpenses": 0,
    "sellingAndMarketingExpenses": 0,
    "sellingGeneralAndAdministrativeExpenses": 1126000000,
    "otherExpenses": 576000000,
    "operatingExpenses": 1702000000,
    "costAndExpenses": 6287000000,
    "interestIncome": 0,
    "interestExpense": 0,
    "depreciationAndAmortization": 576000000,
    "ebitda": 1124000000,
    "ebitdaratio": 0.1644476957,
    "operatingIncome": 548000000,
    "operatingIncomeRatio": 0.0801755669,
    "totalOtherIncomeExpensesNet": -47000000,
    "incomeBeforeTax": 501000000,
    "incomeBeforeTaxRatio": 0.0732991953,
    "incomeTaxExpense": 175000000,
    "netIncome": 326000000,
    "netIncomeRatio": 0.047695684,
    "eps": 1.26,
    "epsdiluted": 1.26,
    "weightedAverageShsOut": 261518452,
    "weightedAverageShsOutDil": 261518452,
    "link": "https://www.sec.gov/Archives/edgar/data/68505/000006850596000010/0000068505-96-000010-index.html",
    "finalLink": "https://www.sec.gov/Archives/edgar/data/68505/"
  },
  {
    "date": "1996-03-30",
    "symbol": "MSI",
    "reportedCurrency": "USD",
    "cik": "0000068505",
    "fillingDate": "1996-05-10",
    "acceptedDate": "1996-05-10 00:00:00",
    "calendarYear": "1996",
    "period": "Q1",
    "revenue": 6955000000,
    "costOfRevenue": 4718000000,
    "grossProfit": 2237000000,
    "grossProfitRatio": 0.3216391086,
    "researchAndDevelopmentExpenses": 0,
    "generalAndAdministrativeExpenses": 0,
    "sellingAndMarketingExpenses": 0,
    "sellingGeneralAndAdministrativeExpenses": 1072000000,
    "otherExpenses": 523000000,
    "operatingExpenses": 1595000000,
    "costAndExpenses": 6313000000,
    "interestIncome": 0,
    "interestExpense": 0,
    "depreciationAndAmortization": 523000000,
    "ebitda": 1165000000,
    "ebitdaratio": 0.1675053918,
    "operatingIncome": 642000000,
    "operatingIncomeRatio": 0.0923076923,
    "totalOtherIncomeExpensesNet": -51000000,
    "incomeBeforeTax": 591000000,
    "incomeBeforeTaxRatio": 0.0849748382,
    "incomeTaxExpense": 207000000,
    "netIncome": 384000000,
    "netIncomeRatio": 0.0552120776,
    "eps": 1.47,
    "epsdiluted": 1.47,
    "weightedAverageShsOut": 261089453,
    "weightedAverageShsOutDil": 261089453,
    "link": "https://www.sec.gov/Archives/edgar/data/68505/000006850596000007/0000068505-96-000007-index.html",
    "finalLink": "https://www.sec.gov/Archives/edgar/data/68505/"
  },
  {
    "date": "1995-12-31",
    "symbol": "MSI",
    "reportedCurrency": "USD",
    "cik": "0000068505",
    "fillingDate": "1996-03-22",
    "acceptedDate": "1996-03-22 00:00:00",
    "calendarYear": "1995",
    "period": "Q4",
    "revenue": 7298000000,
    "costOfRevenue": 4885000000,
    "grossProfit": 2413000000,
    "grossProfitRatio": 0.3306385311,
    "researchAndDevelopmentExpenses": 0,
    "generalAndAdministrativeExpenses": 0,
    "sellingAndMarketingExpenses": 0,
    "sellingGeneralAndAdministrativeExpenses": 1212000000,
    "otherExpenses": 514000000,
    "operatingExpenses": 1726000000,
    "costAndExpenses": 6611000000,
    "interestIncome": 0,
    "interestExpense": 0,
    "depreciationAndAmortization": 514000000,
    "ebitda": 1201000000,
    "ebitdaratio": 0.1645656344,
    "operatingIncome": 687000000,
    "operatingIncomeRatio": 0.0941353796,
    "totalOtherIncomeExpensesNet": -46000000,
    "incomeBeforeTax": 641000000,
    "incomeBeforeTaxRatio": 0.0878322828,
    "incomeTaxExpense": 209000000,
    "netIncome": 432000000,
    "netIncomeRatio": 0.0591942998,
    "eps": 1.66,
    "epsdiluted": 1.66,
    "weightedAverageShsOut": 253457177,
    "weightedAverageShsOutDil": 261000000,
    "link": "https://www.sec.gov/Archives/edgar/data/68505/000091205796004991/0000912057-96-004991-index.html",
    "finalLink": "https://www.sec.gov/Archives/edgar/data/68505/"
  },
  {
    "date": "1995-09-30",
    "symbol": "MSI",
    "reportedCurrency": "USD",
    "cik": "0000068505",
    "fillingDate": "1995-11-13",
    "acceptedDate": "1995-11-13 00:00:00",
    "calendarYear": "1995",
    "period": "Q3",
    "revenue": 6851000000,
    "costOfRevenue": 4388000000,
    "grossProfit": 2463000000,
    "grossProfitRatio": 0.3595095606,
    "researchAndDevelopmentExpenses": 0,
    "generalAndAdministrativeExpenses": 0,
    "sellingAndMarketingExpenses": 0,
    "sellingGeneralAndAdministrativeExpenses": 1131000000,
    "otherExpenses": 496000000,
    "operatingExpenses": 1627000000,
    "costAndExpenses": 6015000000,
    "interestIncome": 0,
    "interestExpense": 0,
    "depreciationAndAmortization": 496000000,
    "ebitda": 1332000000,
    "ebitdaratio": 0.1944241717,
    "operatingIncome": 836000000,
    "operatingIncomeRatio": 0.1220259816,
    "totalOtherIncomeExpensesNet": -48000000,
    "incomeBeforeTax": 788000000,
    "incomeBeforeTaxRatio": 0.1150197052,
    "incomeTaxExpense": 292000000,
    "netIncome": 496000000,
    "netIncomeRatio": 0.07239819,
    "eps": 1.89,
    "epsdiluted": 1.89,
    "weightedAverageShsOut": 262161880,
    "weightedAverageShsOutDil": 262161880,
    "link": "https://www.sec.gov/Archives/edgar/data/68505/000006850595000011/0000068505-95-000011-index.html",
    "finalLink": "https://www.sec.gov/Archives/edgar/data/68505/"
  }
]